4114 6088
423 448 665 546 ΕΤΕΡΩΣ
700 453 743 560 O
781 452 1254 554 ΔΗΜΟΣΘΕΝΟΥΣ
1291 464 1442 562 ΒίΟΣ.

744 747 1112 777 ψῆ-

169 963 200 1022 '0
214 965 383 1040 Δημοσθένους
400 965 450 1038 βίος
470 971 514 1021 τοῦ
527 967 628 1042 ῥήτορος
642 968 776 1042 ἀναγκαῖός
791 971 843 1027 ἔστι
861 975 913 1036 τοῖς
957 971 1003 1040 τήν
1016 979 1059 1028 τοῦ
1069 973 1150 1048 λέγειν
1164 977 1244 1041 καλῶς
1257 979 1343 1034 λαθεῖν
1355 981 1442 1048 δόξαν,
1454 985 1495 1038 καί
1508 991 1556 1040 τῶν
1569 987 1737 1056 ἀδικησάντων

129 1046 174 1101 έπλ
191 1044 321 1120 ῥητορικήν
336 1045 451 1100 ἀσκοῦσιν
474 1046 584 1111 ἑαυτούς·
600 1047 697 1116 πολλὴν
712 1050 760 1122 γάρ
774 1051 788 1104 ό
802 1052 853 1122 βίος
869 1051 912 1106 αδ·
957 1057 1090 1124 κρατῆσαι,
1112 1054 1146 1126 μή
1162 1059 1244 1127 μέντοι
1257 1061 1369 1130 γενέσθαι
1387 1061 1448 1132 μετὰ
1465 1061 1509 1129 τήν
1525 1065 1594 1132 νίκην
1611 1067 1736 1139 ἀπάνθρω-

128 1132 176 1179 τοῦ
189 1128 254 1198 ρέρει
268 1129 321 1188 τοῖς
338 1127 455 1197 μαθοῦσιν
472 1126 600 1198 ὠφέλειαν.
639 1127 715 1183 Ὅθεν
728 1131 774 1183 θσα
788 1133 841 1201 περὶ
853 1131 911 1186 τόν·
955 1151 1016 1198 πον,
1032 1131 1089 1184 ἀλλ’
1100 1131 1155 1187 ἀντί
1168 1135 1267 1188 πολλῶν
1278 1139 1397 1209 πατρῴων
1408 1138 1483 1210 ύλίγα
1493 1141 1592 1208 λαθεῖν,
1607 1145 1652 1196 θσα
1666 1146 1736 1198 δυνα-

128 1204 187 1274 δρδς
207 1203 379 1274 πυνθανόμεθα
400 1203 512 1274 λέγωμεν
534 1203 575 1256 διά
594 1209 736 1277 συντόμων,
759 1209 824 1272 όστις
841 1229 866 1262 τε
881 1206 911 1276 ἦν
955 1209 998 1262 τδν
1015 1205 1044 1276 ήν
1059 1213 1111 1274 τοῖς
1124 1211 1266 1280 ἀδικήσασιν
1281 1213 1423 1268 ἀποδοῦναι.
1462 1217 1611 1288 Προκόπτων
1628 1221 1654 1274 δέ
1673 1223 1735 1276 κατὰ

127 1281 256 1343 διεξιόντες
268 1281 311 1335 καί
326 1281 391 1342 τίνος
402 1283 443 1335 καί
457 1285 472 1334 ἀ
485 1280 530 1348 τὴν
540 1283 612 1338 πόλιν
627 1287 775 1357 διιίιρθωσεν.
816 1286 872 1342 Ἀπδ
885 1288 911 1342 δέ
955 1287 1000 1354 τήν
1014 1288 1111 1356 ἠλικίαν
1134 1291 1285 1362 καὶμᾶλλον
1304 1293 1343 1348 έπλ
1355 1299 1392 1365 τῷ
1408 1295 1488 1366 λέγειν
1507 1295 1679 1370 έπαινούμενος
1696 1299 1736 1354 έπί

128 1365 174 1413 τοῦ
186 1363 270 1432 γένους
283 1360 357 1414 αύτοῦ
371 1367 466 1432 πρῶτον
481 1363 617 1435 ἀρξώμεθα.
654 1365 737 1418 Ταῦτα
750 1367 832 1420 τοίνυν
845 1369 910 1424 ἐστίν
956 1369 1093 1438 σοφιστείαν
1114 1371 1224 1440 τρέπεται
1244 1371 1285 1424 καί
1303 1373 1448 1444 καθηγεῖται
1459 1380 1507 1427 τῶν
1522 1378 1582 1429 νέων
1598 1384 1647 1431 τῶν
1663 1378 1734 1448 ῥητο-

129 1439 577 1510 ἀπερὶΔημοσθένουςπυνθανόμεθα.
615 1441 700 1495 Γύλων
714 1441 774 1514 ἀνήρ
787 1442 911 1512 Ἀθηναῖος
954 1446 1030 1514 ρεύειν
1046 1447 1211 1518 βουλομένων.
1253 1447 1309 1502 Ἐπ’
1326 1448 1475 1524 Ἀριστάρχῳ
1484 1451 1670 1526 δέτῷΜόσχου
1684 1457 1735 1510 δια-

127 1517 272 1586 ρθονηθελς,
296 1514 383 1588 σίμαι,
400 1518 433 1569 δι’
452 1517 539 1589 ἀρετήν
558 1519 666 1588 (οἶκεῖον
685 1521 733 1593 γίιρ
751 1523 792 1575 καλ
811 1524 910 1592 σύνηθες
953 1523 1067 1591 όληθελς,
1085 1527 1201 1598 μειρακίῳ
1214 1532 1263 1579 τῶν
1276 1527 1395 1598 είιγενῶν,
1408 1529 1554 1600 ὧςέραστὴς
1567 1533 1641 1586 αύτοῦ
1658 1555 1733 1606 γεγο·

128 1601 161 1666 τῇ
172 1596 242 1649 πόλει
255 1599 327 1648 τοῦτο
339 1597 367 1648 τδ
377 1598 468 1664 πάθος)
478 1599 557 1652 αἰτίαν
570 1599 643 1670 έσχεν
654 1603 830 1672 προδεδωκέναι
841 1604 910 1676 Νύμ-
954 1603 1016 1666 νὼς,
1032 1605 1189 1676 παρῃτήσατο
1205 1604 1278 1658 αύτσῦ
1292 1604 1337 1672 τήν
1355 1609 1411 1678 παρ’
1426 1607 1499 1661 αδτδν
1519 1611 1611 1682 άριὶιν,
1626 1614 1669 1666 ἵνα
1681 1617 1734 1676 τοῖς

128 1695 215 1744 ραιον,
229 1676 320 1745 χωρίον
334 1673 359 1728 έν
372 1675 460 1748 Πόντῳ
474 1677 595 1748 κείμενον.
637 1678 763 1747 Ἀδοξήσας
772 1681 798 1734 δέ
809 1681 849 1734 διά
864 1679 909 1748 τὴν
953 1680 1105 1754 αἶτιωμένοις
1116 1683 1230 1736 ύπονοεῖν
1249 1683 1322 1738 αύτδν
1338 1687 1423 1756 μηκέτι
1435 1687 1485 1759 έξῇ.
1524 1691 1616 1761 Λόγους
1633 1692 1659 1745 δέ
1672 1696 1733 1762 γρά-

130 1749 156 1803 έιι
168 1755 211 1816 τῆς
224 1751 371 1822 κατηγορίας
379 1751 540 1824 ύθριν,τάχα
553 1755 579 1808 δέ
592 1756 633 1808 καί
644 1757 756 1827 ροθηθείς
769 1758 824 1820 τούς
838 1779 909 1813 συκο-
953 1778 1005 1829 ρειν
1027 1759 1158 1832 ἀρξάμενος
1179 1761 1360 1833 ίσυκοραντήθη
1384 1766 1439 1818 τότε
1464 1767 1603 1835 διαθληθείς
1621 1769 1654 1831 ὡς
1679 1772 1733 1823 δυσί

128 1832 235 1898 ράντας,
250 1830 371 1902 (ἰσχυρόν
386 1831 434 1903 γάρ
449 1832 473 1886 ἐν
495 1832 603 1901 Ἀθήναις
615 1836 643 1889 τδ
659 1837 752 1890 τούτων
767 1838 851 1909 γένος)
864 1837 909 1906 τήν
952 1838 1062 1902 πολίταις
1084 1841 1173 1894 δέδωκε
1194 1841 1284 1913 λόγους
1302 1841 1470 1910 ἀπεναντίους,
1497 1844 1674 1920 Ἀπολλοδώρῳ
1691 1851 1732 1902 καὶ

128 1909 221 1961 τούτων
234 1909 311 1978 κρίσιν
321 1907 349 1960 ού
361 1912 509 1980 περιέμεινε,
522 1917 565 1980 τῆς
573 1914 599 1967 δὲ
610 1916 756 1987 κατηγορίας
765 1915 906 1988 προεξήλθε·
953 1915 1090 1988 Φορμίωνι.
1128 1919 1270 1990 ίίαταγνούς
1282 1919 1308 1973 δέ
1321 1921 1362 1973 καί
1381 1925 1424 1974 τοῦ
1440 1922 1620 1995 λογογραφεῖν,
1635 1925 1732 1980 άποκει·

129 1987 170 2037 καί
184 1987 380 2058 παραγενόμενος
391 1988 424 2050 είς
433 1990 537 2044 Σκυθίαν
549 1995 629 2064 γαμεῖ
635 2000 683 2047 τῶν
696 1993 833 2066 έπιχωρίων
845 1997 909 2060 τινδς
954 1999 1028 2068 μένην
1042 1995 1094 2068 εῦρε
1105 1995 1150 2063 τὴν
1163 1997 1288 2051 πολιτείαν
1302 1999 1344 2051 καί
1357 1995 1401 2063 τήν
1415 2005 1463 2052 τῶν
1476 2005 1731 2074 κοινῶνπραγμάτων

130 2066 262 2136 θυγατέρα,
280 2065 377 2133 πολλὴν
388 2071 478 2138 προῖκα
492 2070 534 2123 σύν
547 2071 712 2144 αύτῇλαθιύν.
749 2075 797 2127 Δύο
810 2074 836 2128 δέ
852 2095 908 2146 γεν-
952 2075 1090 2147 ἐπιμέλειαν
1106 2077 1146 2129 καί
1162 2075 1207 2143 τὴν
1229 2076 1254 2130 έν
1268 2079 1321 2138 ταῖς
1340 2077 1478 2145 ἐκκλησίαις
1497 2078 1578 2141 δόξαν.
1617 2081 1730 2152 Παρηκο-

130 2143 204 2211 νήσας
218 2145 260 2198 καί
273 2145 357 2218 θρέψας
369 2147 511 2218 θυγατέρας,
528 2149 617 2217 ὡςτήν
629 2155 672 2204 τοῦ
684 2155 765 2224 γάμου
778 2157 843 2224 ὥραν
857 2155 909 2209 έπέ·
951 2151 1034 2207 λούθει
1053 2155 1075 2205 δ’
1097 2153 1163 2226 αύτῷ
1179 2153 1233 2224 τρία
1257 2157 1300 2207 τοῦ
1316 2154 1397 2226 λέγειν
1419 2155 1583 2228 ἀμαρτήματα
1607 2161 1730 2223 νουθεσίας

129 2225 223 2292 λαθον,
249 2224 378 2297 ἑτοιμάσας
395 2228 496 2298 προῖκας
518 2227 602 2294 αύταῖς
627 2229 660 2294 είς
683 2230 781 2300 Ἀθήνας
803 2234 906 2307 έπεμψε,
951 2231 1016 2293 τινδς
1030 2231 1071 2284 καί
1085 2231 1209 2302 θεραπείας
1219 2233 1339 2303 δεόμενα·
1361 2239 1410 2286 τῶν
1432 2253 1458 2286 τε
1474 2234 1522 2305 γάρ
1541 2237 1669 2306 στοιχείων
1686 2237 1730 2291 ούκ

130 2305 276 2374 κομίσασθαι
292 2303 337 2371 τήν
358 2307 462 2378 πατρίδα
477 2307 596 2376 θελήσας,
613 2311 635 2364 εί
653 2312 695 2365 καί
710 2310 743 2384 μή
756 2314 788 2365 δι’
800 2313 902 2379 ἑαυτοῦ,
952 2307 1102 2381 έτρανοποίει
1114 2309 1143 2361 τύ
1157 2328 1180 2379 ρ,
1195 2311 1237 2362 τόν
1252 2328 1277 2362 τε
1294 2307 1363 2380 ὦμον
1376 2309 1480 2381 ἀκαίρως
1499 2311 1589 2366 ἀνέσειε
1603 2313 1644 2366 καί
1658 2315 1728 2384 θορυ·

130 2382 170 2434 διὰ
183 2387 243 2452 γοῦν
262 2390 311 2437 τῶν
330 2385 478 2457 θυγατέρων.
517 2388 709 2460 Ἔγημεδὲπήν
732 2392 775 2464 μὲν
793 2393 906 2464 Φιλοχε-
951 2387 1068 2460 θνύμενντ
1079 2387 1185 2450 ἐξέπιπτε
1197 2391 1239 2454 τῆς
1256 2389 1359 2459 σκέψεως
1369 2388 1497 2452 πολλάκις.
1535 2391 1617 2444 Ταῦτα
1630 2393 1652 2443 δ’
1673 2392 1730 2455 ίνννε

130 2481 172 2532 ρης
184 2463 260 2530 (deb.
273 2464 456 2536 Δημοχάρης),
470 2464 514 2532 τήν
534 2468 556 2518 δ’
574 2467 656 2540 έτέραν
672 2471 842 2541 Δημοσθένης,
864 2472 907 2525 τὀν
951 2466 1022 2539 άλλῳ
1036 2467 1079 2538 μὲν
1090 2465 1216 2538 συμθάντα
1231 2466 1328 2538 μεγάλα
1345 2463 1389 2535 ἦν,
1402 2467 1532 2539 έξεδιεύχθη
1550 2469 1573 2521 δ’
1584 2469 1631 2523 ύπδ
1646 2471 1729 2542 Δημο-

131 2540 174 2610 μέν
188 2542 266 2612 δῆμον
280 2543 424 2612 Παιανιεύς,
438 2547 614 2617 μαχαιροποιδς
625 2547 651 2601 δέ
662 2546 706 2616 τήν
720 2551 824 2620 τέχνην.
866 2549 908 2612 Ἐξ
951 2547 1048 2608 σθένους
1069 2543 1213 2613 ύιςάσθενῆ.
1232 2545 1278 2597 ίίαλ
1291 2547 1320 2598 τό
1334 2565 1360 2598 τε
1374 2566 1387 2617 ρ
1403 2547 1518 2609 ποικίλως
1539 2547 1564 2601 έν
1578 2553 1613 2619 τῷ
1626 2551 1730 2619 στόματι

130 2613 158 2686 ής
180 2620 294 2690 έγέννησε
307 2622 350 2676 τὸν
369 2621 460 2694 ῥήτορα
477 2625 650 2696 Δημοσθένην,
665 2627 786 2700 ὀνόματος
804 2627 847 2700 μέν
861 2648 907 2683 πα·
952 2625 1076 2694 γυμνάσας
1090 2621 1221 2694 έκομίσατο
1234 2624 1275 2676 τόν
1287 2625 1309 2677 τ’
1320 2621 1390 2695 ὦμον
1404 2627 1571 2678 συνευτακτεῖν
1583 2629 1635 2687 τοῖς
1645 2626 1730 2690 ἀλλοις

130 2701 208 2770 τρῴου
227 2699 397 2771 κληρονόμον,
421 2700 476 2754 ούτε
500 2701 526 2755 δέ
546 2705 633 2774 τέχνης
654 2703 709 2758 οὔτε
728 2705 804 2776 τύχης
823 2706 908 2778 ὁμοίας
952 2703 1032 2772 μέρεσι
1041 2705 1085 2754 τοῦ
1095 2703 1208 2772 σώματος
1220 2700 1298 2755 ἔπεισε
1308 2701 1351 2754 τὀν
1361 2703 1449 2772 τρόπον
1462 2706 1557 2755 τοῦτον·
1571 2702 1669 2772 λόγχην
1681 2704 1730 2758 άπδ

130 2778 255 2847 διάδοχον.
298 2777 470 2842 Ἀποθανόντος
482 2781 507 2834 δέ
521 2784 565 2834 τοῦ
581 2783 671 2854 πατρὸς
682 2784 848 2856 καταλειφθείς
861 2785 907 2840 ύπδ
950 2783 993 2845 Τῆς
1006 2781 1092 2850 στέγης
1104 2779 1256 2850 θθῖαρῖύΰας
1269 2777 1310 2832 καί
1323 2779 1452 2850 {mmm
1463 2779 1502 2833 ὕπ’
1515 2779 1589 2846 αὗῑῆί
1605 2780 1676 2852 nm
1688 2784 1730 2834 καί

132 2857 204 2926 μητρί
216 2859 280 2927 τρεῖς
291 2856 364 2928 έσχεν
382 2857 522 2930 ἐπιτρόπους
530 2901 538 2925 ,
553 2864 679 2932 συγγενεῖς
692 2861 735 2933 μὲν
749 2865 790 2916 καὶ
807 2865 906 2936 φίλους,
950 2859 1114 2928 κατεχόμενος
1125 2856 1172 2910 ύπδ
1186 2861 1229 2910 τοῦ
1240 2857 1316 2928 μόθου
1327 2858 1368 2909 τδν
1381 2854 1450 2929 ὦμον
1464 2857 1632 2926 ἐνουθέτησεν·
1645 2861 1689 2926 τήν
1702 2881 1728 2916 τε

133 2933 232 3006 έχθροίις
245 2936 272 2990 δέ
286 2937 317 3008 τῇ
332 2938 451 3003 διαθέσει,
472 2937 573 3009 Ἀροθσν
586 2941 805 3012 καὶΔημορῶντα,
828 2943 907 3011 ἀλλή.
951 2933 1060 3004 κατοχὴν
1085 2940 1133 2987 τῶν
1157 2934 1311 3005 έσκεμμένων
1333 2935 1409 2996 ούτως
1427 2935 1524 3002 έποίησε
1544 2939 1648 3008 μόνιμον
1666 2941 1728 2993 ὥστε

133 3012 183 3063 λων
202 3011 359 3083 ἀδελφιδοῦς,
372 3015 413 3067 καί
427 3015 595 3086 θηριππίδην,
611 3018 681 3088 φίλον
696 3018 817 3091 αήςοῦςῷ
836 3023 909 3093 2:oeth
952 3014 1008 3082 μηδ’
1022 3012 1069 3066 ύπδ
1080 3018 1127 3065 τῶν
1140 3013 1261 3084 μεγίστων
1274 3012 1449 3080 ἐκπλήττεσθαι
1461 3015 1579 3085 θομύόων.
1622 3014 1728 3074 Ὁδεύων

134 3088 159 3142 έκ
171 3091 263 3144 παΓοων
276 3094 452 3163 γεγενημένον.
490 3093 591 3160 Πολλὴν
605 3097 627 3147 δ’
646 3093 713 3149 οῦτοι
727 3099 908 3168 παραλαθόντες
950 3090 998 3162 γέφ
1016 3093 1071 3162 παρ’
1090 3091 1231 3163 “hamb
1253 3091 1295 3145 καί
1309 3097 1357 3144 ἳῶί
1377 3093 1576 3162 πθθπῑπῐέίῖωί
1590 3096 1644 3156 ταῖς
1661 3093 1728 3161 ἧῗθσι

133 3167 229 3234 οὐσίαν,
242 3171 297 3223 δέον
314 3169 388 3236 αὐτὴν
402 3171 428 3224 ln
439 3175 482 3238 τῆς
497 3171 625 3243 ἐπιτροπῆς
638 3177 737 3240 ποιῆσαι
752 3175 854 3230 πλείονα
867 3179 908 3230 καὶ
950 3170 1063 3240 κυμάτων
1075 3169 1118 3222 τὸν
1129 3165 1192 3240 ἧκον
1207 3170 1339 3240 δεχόμενοι
1351 3169 1481 3224 ἀντίτασιν
1495 3171 1550 3233 τοδε
1560 3170 1645 3225 ἑαυτοῦ
1656 3173 1727 3243 λογι·

132 3251 234 3316 τηρῆσαι
242 3248 285 3300 τὸν
296 3248 401 3319 όρρανδν
411 3249 539 3314 πλούσιον,
547 3249 575 3302 ού
590 3251 665 3322 μόνον
678 3253 828 3322 διήρπασαν,
842 3253 907 3307 ἀλλά
950 3247 1039 3318 σμῦῦς·
1055 3251 1128 3300 τοῦτο
1142 3247 1168 3300 δέ
1184 3243 1211 3314 ἦν·
1224 3247 1324 3315 &wlf
1336 3247 1375 3301 ἀπὶ
1385 3245 1429 3313 dn
1448 3255 1497 3302 τῶν
1509 3249 1594 3320 ὄχλων
1607 3253 1726 3322 mm&

131 3325 172 3376 καί
187 3329 229 3391 τῆς
244 3325 412 3396 Δημοσθένους
434 3329 543 3390 παιδείας
566 3327 706 3399 ἠμέλησαν,
728 3331 813 3386 ούδένα
829 3331 906 3404 λόγον
951 3345 1030 3394 νησιν.
1071 3324 1209 3397 ’Υποκρίσει
1223 3327 1249 3380 δέ
1262 3326 1406 3396 λειπόμενος
1414 3327 1455 3380 καί
1466 3326 1506 3379 διά
1517 3332 1590 3380 τοῦτο
1598 3331 1729 3400 φερόμενος

130 3405 216 3456 δώσειν
230 3409 273 3472 τῆς
287 3405 416 3477 ἐπιτροπῆς
425 3405 652 3479 ύπολαμθάνοντες,
667 3409 708 3462 έάν
722 3409 765 3462 τὸν
778 3409 906 3483 ἀδιππύμς.
950 3402 976 3456 έν
990 3407 1043 3466 ταῖς
1060 3403 1196 3471 έκκλησίαις
1207 3397 1281 3469 ἧττον
1296 3401 1342 3456 ύπδ
1359 3402 1523 3475 Ἀνδρονίκου,
1534 3411 1577 3458 τοῦ
1592 3406 1645 3458 κατ’
1655 3405 1727 3459 αύτδν

131 3501 173 3534 νον
186 3484 324 3554 τηρήσωσιν
345 3483 500 3541 ἀπαίδευτον,
539 3485 588 3538 Ἦν
611 3487 648 3551 δ’,
664 3487 696 3548 ύις
711 3486 803 3552 ἔοικεν,
817 3487 831 3540 ό
850 3491 906 3552 παῖς
950 3481 1049 3553 (ἀρίστου
1062 3487 1110 3535 τῶν
1128 3481 1278 3552 θπθῑρῑῖῶίν
1300 3481 1432 3551 έδῑδθλθῦν
1454 3482 1495 3534 καί
1509 3482 1539 3534 t&
1554 3481 1672 3554 μθῦῖύρῑα
1685 3489 1728 3550 τῆς

128 3561 175 3615 ύπδ
188 3567 230 3630 τῆς
241 3565 354 3632 προνοίας
367 3569 415 3616 τῶν
427 3565 487 3617 θεῶν
504 3563 731 3635 έπιτροπευόμενος,
746 3566 771 3617 οἳ
784 3567 906 3636 παρέσχον
950 3559 1097 3631 ύποκρίσεως
1106 3559 1182 3621 νθτως
1194 3559 1327 3630 παρέδαὸέί
1342 3559 1405 3611 &m
1418 3561 1530 3629 γενέσθαί
1547 3559 1653 3630 μῑμηῖἦς
1667 3581 1726 3632 προ·

130 3639 194 3712 αύτῷ
207 3641 333 3712 έπιθυμίαν
346 3643 453 3704 παιδείας
463 3643 550 3714 λόγου.
589 3643 800 3715 ίίροθέμενοςγίιρ
810 3644 906 3708 έλπίδας
949 3641 1037 3693 σιύπων
1051 3637 1218 3708 ἀνδρειότατος
1230 3637 1272 3690 καί
1282 3637 1311 3688 τδ
1326 3636 1418 3702 πλῆθος
1426 3637 1502 3709 ταύτῃ
1517 3637 1623 3708 μάλιστα
1637 3641 1726 3692 πείθειν

129 3722 283 3791 Δημοσθένης
297 3719 407 3792 ἀγαθὰς,
424 3722 536 3792 μείζονας
547 3721 646 3786 ίαυτοῦ,
661 3721 702 3775 καί
711 3719 755 3787 τὴν
765 3725 808 3774 τοῦ
818 3723 907 3793 πατρὸς
950 3715 975 3770 έν
996 3719 1049 3778 ταῖς
1062 3715 1208 3782 ἐκκλησίαις.
1246 3715 1342 3776 Τέλειος
1355 3710 1398 3767 ούν
1417 3714 1441 3768 έν
1463 3719 1521 3769 πᾶσι
1537 3719 1668 3787 γενόμενος
1681 3717 1725 3783 τὴν

130 3800 170 3852 καί
188 3799 231 3864 τὴν
255 3805 302 3852 τῶν
325 3799 459 3870 έπιτρόπων
481 3803 565 3870 χώραν
592 3800 733 3867 έξέπλησεν·
749 3804 793 3866 τῆς
812 3820 839 3854 τε
859 3801 906 3872 γὰρ
949 3797 992 3862 τῆς
1004 3795 1131 3866 ῥητῦρῑκῆς
1144 3795 1246 3865 δύναμιν
1257 3791 1390 3859 έκτύσαῐθν
1403 3793 1436 3855 ὡς
1449 3793 1478 3846 ἂν
1488 3792 1608 3858 dmm,
1621 3793 1727 3862 ύλύκλη·

131 3877 258 3946 ἐγκυκλίου
272 3879 423 3949 καλουμένης
436 3878 544 3940 παιδείας
559 3877 692 3949 μετέλαθε,
706 3883 742 3949 τῷ
755 3897 780 3930 τε
801 3879 907 3949 μάλιστα
951 3891 993 3942 pov
1007 3873 1043 3942 ἔφ’
1057 3870 1093 3933 νίς
1104 3871 1238 3943 έπρώῑευνῑ
1251 3871 1336 3941 Δόγῡῑς
1347 3869 1374 3922 ῦῦ
1386 3873 1460 3941 μόνον
1474 3870 1575 3941 &MV
1587 3869 1631 3938 ῖίίν
1643 3872 1725 3934 πόδῑνν

130 3953 192 4006 κατά
203 3952 332 4024 ῥητορικήν
346 3955 388 4008 καλ
402 3953 427 4006 έν
444 3961 479 4026 τῷ
492 3955 639 4026 δικαστηρίῳ
654 3954 819 4026 ἐπαινουμένῳ
829 3955 906 4025 παρή·
951 3949 1016 4003 ἀλλά
1030 3949 1071 4003 καί
1083 3949 1131 4004 ἀπὸ
1144 3953 1187 4016 τής
1200 3949 1281 4010 οίισίας
1295 3948 1426 4011 έπιδιδούς·
1439 3949 1480 4001 καί
1492 3949 1540 4021 γάρ
1552 3949 1729 4021 ἐτριηράρχησε

129 4034 225 4102 δρευσεν
241 4031 340 4104 Ἰσαίῳ,
358 4035 455 4106 μαθητῇ
474 4033 516 4103 μέν
543 4032 694 4103 Ἰσοκράτους
707 4033 774 4098 ὄντι,
790 4052 908 4104 κεκοσμη·
953 4029 1013 4097 [καί
1023 4027 1178 4100 ἐχορήγησε]
1192 4032 1234 4095 τῆς
1247 4027 1307 4089 ίδίας
1320 4027 1396 4098 φυλῆς
1406 4027 1610 4100 αύτεπάγγελτος.
1635 4029 1725 4095 Συνέθη

129 4110 268 4176 κότιδέτήν
279 4111 399 4182 σχολικὴν
410 4111 513 4182 ἡσυχίαν
526 4111 791 4182 έναγωνίῳδεινότητι.
823 4111 916 4182 ίίάνταΙ
950 4107 1057 4181 δἀίιτῷ
1077 4108 1139 4161 κατέι
1161 4107 1205 4174 τήν
1229 4108 1351 4179 χορηγίαν
1374 4107 1533 4178 δυστύχημα
1557 4109 1657 4170 Μειδίας
1679 4107 1726 4178 γὰρ

129 4189 151 4238 δ’
165 4186 208 4254 ήν,
222 4189 255 4250 ὡς
267 4188 346 4252 ἔοικε,
360 4189 509 4260 Δημοσθένει
522 4190 579 4259 πρὸς
590 4189 619 4242 τό
630 4189 723 4242 τέλειον
733 4193 905 4260 συνεργοῦντα,
951 4185 1037 4256 ίχθρίντ
1052 4188 1086 4239 ὢν
1101 4185 1167 4257 αύτῷ
1183 4185 1286 4247 παλαιδς
1302 4185 1414 4256 κονδύλῳ
1428 4183 1500 4238 αύτδν
1519 4184 1613 4256 ύθρισεν
1628 4185 1726 4255 ίστερα·

51 4303 56 4312 .
128 4267 382 4336 ρύσις,ριλομάθεια,
397 4268 479 4328 πόνος.
517 4267 593 4328 Φύσις
607 4265 673 4338 μένὴ
687 4267 772 4338 ῥᾳδίως
786 4268 851 4339 αύτῷ
861 4267 906 4336 τήν
950 4266 1059 4336 νωμίνον
1074 4264 1147 4336 ἐντῷ
1166 4265 1268 4336 θεάτρῳ.
1306 4263 1379 4316 Καίό
1396 4265 1474 4335 δῆμος
1484 4263 1604 4336 ὀργισθείς
1618 4283 1727 4333 κατεχει-

130 4343 263 4414 κατάληψιν
279 4351 327 4397 τῶν
341 4346 490 4416 πραγμάτων
502 4350 662 4416 χορηγοῦσα·
676 4347 749 4407 πόνος
760 4346 782 4396 δ’
796 4345 810 4397 ό
823 4346 865 4398 καί
876 4347 906 4400 τά
950 4344 1066 4412 ρυτόνηστ
1090 4346 1134 4396 τοῦ
1157 4341 1267 4396 Μειδίου.
1305 4342 1392 4395 Δαθδιν
1415 4341 1441 4394 δέ
1463 4341 1528 4412 παρὰ
1552 4345 1595 4394 τοῦ
1625 4341 1727 4393 Μειδίου

130 4423 235 4491 δυσχερῆ
248 4426 372 4494 κτώμενος
389 4422 646 4494 (ίώμενοςίειοίιε)·
660 4424 807 4496 ριλομάθεια
821 4423 848 4477 δέ
861 4423 906 4492 τήν
949 4421 1085 4492 τρισχιλίας
1108 4421 1219 4493 δραχμάς
1243 4421 1397 4492 καθυρήκατο
1419 4417 1464 4486 τήν
1481 4421 1536 4491 παρ’
1550 4420 1624 4474 αύτοῦ
1646 4421 1725 4486 δίκην.

129 4505 178 4552 τῶν
192 4501 274 4552 καλῶν
287 4499 566 4573 έπιθυμίανείσάγουσα.
595 4502 677 4556 ’Ἔστι
691 4503 907 4573 δέτοῦΔημοσθέ-
950 4499 1125 4572 Ὅμοιονδέτι
1133 4501 1212 4572 τούτῳ
1225 4501 1306 4571 ἕτερον
1318 4499 1434 4572 πρότερον
1449 4501 1555 4566 έποίησε.
1594 4499 1726 4569 Δημομέλη

131 4599 184 4640 νους
193 4580 268 4632 πόνου
282 4581 324 4632 καί
337 4585 379 4648 τῆς
393 4582 447 4652 περί
460 4579 505 4647 τήν
520 4581 622 4648 ἀσκησιν
636 4587 679 4634 τοῦ
693 4582 770 4654 λόγου
781 4582 905 4636 ταλαιπω-
949 4585 997 4656 γάρ
1008 4585 1051 4639 τδν
1066 4585 1162 4656 ἀνεψιδν
1175 4586 1327 4656 γραψάμενος
1345 4585 1377 4646 είς
1390 4585 1481 4655 Ἀρειον
1497 4587 1577 4655 πάγον
1593 4585 1728 4655 τραύματος

130 4657 181 4728 μίας
205 4657 306 4711 κάκεῖνα
327 4661 455 4731 τεκμήρια.
493 4661 560 4712 Φασί
580 4661 628 4730 γάρ
653 4661 725 4714 αύτδν
754 4661 779 4714 έν
807 4660 906 4734 οίκίσκῳ
950 4659 1064 4734 ἀργύριον
1076 4662 1160 4714 λαθὼν
1175 4665 1292 4732 παρήκεν.
1330 4659 1405 4714 Ὅθεν
1418 4661 1459 4713 καί
1472 4660 1589 4730 Αίσχίνης
1602 4661 1726 4722 ὀνειδίζων

128 4738 251 4808 καταγείῳ
261 4738 421 4809 διαιτώμενον
433 4745 533 4802 πονεῖν,
549 4739 665 4806 δηλονότι
676 4741 797 4810 ρεύγοντα
806 4739 848 4802 τάς
859 4740 907 4794 ἀπδ
950 4740 1015 4812 αύτῷ
1032 4739 1099 4811 λέγει
1115 4761 1125 4789 ι
1143 4739 1157 4792 ό
1172 4738 1216 4804 τὴν
1230 4737 1337 4808 κεφαλὴν
1352 4739 1471 4808 πρόσοδον
1484 4741 1629 4810 κεκτημένος
1645 4741 1726 4802 ”25³2

127 4819 177 4866 τῶν
189 4814 280 4880 ήλίκων
291 4816 332 4868 καί
342 4816 420 4887 φίλων
436 4815 586 4886 διοχλήσεις.
623 4817 766 4888 Διαξυρῆσαι
780 4817 806 4871 δέ
819 4818 906 4890 λέγου·
951 4816 998 4871 ἀπδ
1015 4823 1057 4885 τῆς
1068 4817 1173 4888 κεφαλῆς
1184 4816 1317 4886 έπορίζετο.
1357 4815 1454 4886 Ἔγημε
1469 4815 1494 4868 δέ
1505 4813 1550 4881 τὴν
1562 4817 1667 4886 Χαθρίου
1681 4813 1727 4888 γυ·“

127 4911 167 4944 σιν
188 4893 260 4947 αύτδν
282 4897 352 4966 μέρος
374 4899 417 4962 τῆς
430 4895 535 4965 κεφαλῆς
543 4935 552 4960 ,
564 4895 607 4948 ίνα
621 4897 785 4967 κατεχόμενος
799 4897 845 4951 ύπδ
864 4902 907 4964 τῆς
951 4900 1039 4963 ναῖκα,
1054 4897 1194 4964 Κτησίππου
1205 4895 1231 4948 δέ
1244 4895 1350 4967 μητέρα,
1363 4894 1423 4964 μετὰ
1437 4895 1479 4947 τὸν
1490 4895 1593 4947 θάνατον
1603 4899 1646 4948 τοῦ
1657 4913 1727 4965 στρα-

128 4971 210 5033 αἰδοῦς
220 4971 296 5044 έαυτῷ
311 4973 429 5044 βλέπηται
443 4975 520 5046 μόνῳ.
559 4975 668 5044 Ταχεῖαν
682 4976 763 5045 μέντοι
777 4975 850 5029 ἔλαθε
861 4975 906 5042 τὴν
950 4975 1153 5047 τηγοῦΧαθρίου.
1191 4974 1307 5027 Τοιούτου
1317 4976 1397 5044 γάμου
1407 4973 1475 5037 δόξας
1485 4973 1549 5036 ἄξιος
1557 4974 1585 5027 οίν
1595 4972 1638 5040 τὴν
1651 4973 1724 5040 αύτήν

129 5047 154 5100 ίν
172 5048 289 5122 τῷλόγῳ
304 5049 425 5116 σπουδὴν,
444 5053 507 5104 ὥστε
525 5053 597 5106 αύτδν
614 5054 668 5124 περί
687 5053 852 5108 ὀκτωκαίδεκα
864 5057 905 5122 ίτη
949 5053 1014 5117 τάξιν
1027 5058 1069 5120 τῆς
1079 5053 1173 5116 πόλεως
1188 5053 1268 5106 είλετο
1278 5051 1382 5124 Αἰσχίνῃ
1391 5051 1432 5104 καλ
1443 5050 1547 5125 ΔημάδῃΙ
1554 5053 1595 5106 καί
1601 5052 1725 5122 Φιλοκρά·

129 5128 262 5198 γενόμενον
278 5129 319 5190 τάς
337 5129 398 5183 κατά
412 5135 459 5184 τῶν
479 5129 613 5202 έπιτρόπιυν
634 5131 765 5187 ἀποθέσθαι
779 5135 845 5195 δίκας
866 5135 906 5186 καί
950 5153 1002 5200 τει,
1016 5132 1071 5186 ούδέ
1084 5130 1190 5205 μιμητής
1200 5137 1248 5186 τῶν
1266 5131 1350 5184 ἀλλων
1364 5132 1512 5202 δημηγόρων
1526 5131 1630 5203 ἐγένετο.
1669 5131 1726 5191 Τοῖς
