4032 6094
318 413 375 466 600
883 392 997 454 Χθλίλ
1019 389 1081 448 ΕΙΣ
1101 385 1372 446 &amomum

316 533 494 594 καταλαθθντες
515 529 540 584 έν
568 531 683 589 σπονδαῖς
714 527 876 596 κατέσκαψαν,
901 522 942 575 καί
963 520 1018 580 τούς
1046 517 1088 588 μέν
1132 517 1222 578 άλλως·
1240 514 1343 586 Ἀργεῖσι
1353 513 1396 584 μὲν
1406 513 1448 566 καί
1461 509 1586 576 θίεσσῆνοι
1600 508 1642 560 καὶ
1653 505 1870 578 Μεγαλοπολῖται
1885 503 1925 558 &A

316 612 474 674 ἀπέκτειναν,
488 610 543 672 τούς
551 608 577 662 δέ
591 607 719 674 ἐξήλασαν.
758 605 804 656 ίέαί
827 602 857 655 τά
873 599 1090 671 χρῆματασθντῇ
1132 593 1177 661 τῆν
1198 597 1257 665 πρός
1272 591 1475 663 Λακεδαιμονίους
1495 588 1669 658 ἐπικηρυκείαν·
1689 585 1802 652 Θηθαῖοι
1822 584 1871 648 δὲ,
1886 588 1925 638 ἐτι

316 693 387 761 χώρα
404 688 677 758 αύτιῗινκατενείμαντο.
705 683 823 738 Ταύταδέ
835 682 902 752 λέγει
913 684 956 733 τού
971 676 1090 746 Αἰσχίνου
1132 674 1189 745 παρ’
1201 673 1299 726 ἐκείνων
1312 673 1419 744 φυγάδας
1430 671 1547 738 σώζομεν·
1569 665 1689 718 θετταλοὶ
1701 663 1741 726 δέ,
1755 665 1798 716 δτι
1814 664 1926 725 τούςπε-

316 769 508 837 καθαπτόμενος.
526 768 581 819 ΛΡ.
1134 753 1331 824 ριλελιιμμένους
1340 752 1426 811 σώζειν
1441 748 1609 816 ἐπιχειροῦμεν
1623 749 1671 797 τῶν
1683 743 1806 796 Φωκέων·
1831 743 1925 796 Φάλαι-

353 845 397 914 ⁵9·
409 850 453 898 26.
467 842 625 912 Ἐπανοίσω]
642 839 718 910 ἤγουν
734 837 852 898 έπανάξω.
870 838 900 890 Ρ.
1134 851 1178 892 πος
1191 831 1231 897 δέ,
1244 833 1283 885 δτι
1296 829 1422 900 κωλύομεν
1437 825 1511 880 αθτδν
1522 825 1649 878 κοινωνεῖν
1662 825 1705 890 τῆς
1719 820 1923 892 Ἀμφικτυονίας.

351 921 570 993 Προσποιῆσομαι]
585 918 661 989 ἤγουν
675 919 859 988 ύποκρινούμαι.
875 917 906 967 Ρ.
1135 913 1187 964 FP.

352 1007 396 1068 60,
412 1019 436 1056 1.
457 1001 560 1070 Ἕτερον
576 998 617 1065 δέ]
632 998 750 1058 Γενναίως
766 1001 801 1068 τῷ
824 995 889 1064 μέρει
908 995 951 1057 τῆς
970 1007 1092 1060 προκατα·
1170 995 1214 1055 61,
1230 990 1273 1042 αθ.
1290 985 1491 1056 Ἐπικηρυκείαν]
1510 980 1587 1052 ἤγουν
1602 981 1630 1032 τθ
1646 977 1749 1048 κῆρυκας
1767 977 1925 1032 ἀποστεῖλαι

317 1083 403 1145 σκευῆς
418 1077 489 1150 τῷέκ
497 1082 539 1144 τῆς
550 1082 598 1129 τῶν
609 1075 704 1128 οίκείιον
714 1075 798 1143 λέγων
811 1072 948 1130 συστάσεως
959 1067 1091 1129 ἐπεξελθὼν
1134 1069 1268 1140 ἤμιῖςπρδς
1281 1065 1483 1136 Λακεδαιμονίους
1497 1060 1632 1130 καὶφιλίαν
1645 1057 1806 1123 ποιήσασθαι.
1854 1058 1925 1114 Ἐπι-

316 1154 376 1224 ἤλθε
390 1157 432 1210 καί
442 1157 478 1227 ἐφ’
492 1157 572 1226 έτίραν
588 1151 782 1224 ῥητορείαν,καί
795 1151 901 1204 ποιεῖται
918 1149 1030 1200 σύστασιν
1049 1149 1091 1198 τοῦ
1135 1147 1258 1218 κηρυκεύοι
1279 1146 1337 1217 γὰρ,
1362 1146 1391 1198 τδ
1412 1142 1467 1212 περὶ
1485 1140 1565 1211 φιλίας
1584 1137 1627 1191 καί
1643 1136 1789 1208 διαλλαγῶν
1813 1137 1926 1208 κῆρκιεις

316 1233 406 1288 οἰκείου
417 1234 559 1304 προσώπου,
572 1231 658 1284 δποίαν
669 1230 683 1282 δ
694 1229 773 1300 ῥῆτωρ
788 1229 803 1282 θ
817 1226 936 1298 Περικλῆς
951 1223 1015 1294 παρὰ
1027 1223 1090 1276 θοο-
1135 1228 1231 1296 πέμιιω.
1242 1228 1271 1278 Ρ.
1288 1221 1458 1293 Ἐπικηρυκεία
1468 1217 1537 1290 φιλία
1548 1216 1564 1283 ἤ
1575 1215 1603 1270 ἐκ
1611 1221 1659 1270 τών
1668 1214 1809 1284 πολεμίων,
1828 1217 1862 1269 τδ
1872 1219 1926 1287 περὶ

317 1313 400 1384 κυδίδῃ
417 1311 459 1382 (ο,
476 1313 523 1375 60)
542 1311 662 1373 ποιεῖται,
681 1309 719 1360 δτι
736 1306 840 1377 καθαρδς
856 1305 945 1365 παντὸς
964 1302 1094 1374 λῆμματος
1134 1304 1215 1374 φιλίας
1225 1303 1266 1355 καί
1279 1301 1421 1370 διαλλαγῶν
1435 1299 1539 1369 κῆρυκας
1550 1299 1661 1368 πέμπειν,
1674 1295 1720 1346 ίίαλ
1731 1295 1926 1366 ἐπικηρυκεύειν

317 1387 558 1460 καίάδωροδοκῆτως
575 1389 728 1458 δημηγορεῖ,
747 1386 790 1439 καί
808 1383 848 1436 διά
866 1387 939 1436 τοῦτο
957 1381 1000 1434 τδν
1016 1381 1092 1452 λόγον
1135 1383 1164 1436 τδ
1177 1381 1217 1433 διὰ
1236 1379 1339 1452 κῆρυκύς
1356 1374 1424 1439 τινοξ
1439 1375 1558 1442 συνθῆκας
1574 1374 1616 1428 καί
1632 1373 1759 1444 πρεσθείας
1781 1377 1924 1432 ποιεῖσθαι,

317 1467 443 1538 έλεύθιρον
461 1466 530 1536 έχει,
548 1465 727 1537 ἐνδεικνύμενος
746 1467 785 1517 θτι
801 1465 928 1532 πανταχοῦ
941 1460 970 1513 τθ
989 1464 1032 1526 τῆς
1048 1461 1093 1513 πέ-
1136 1461 1297 1514 Σοντέσστται
1309 1460 1403 1530 δοτικῇ.
1418 1459 1446 1512 Β,
1464 1455 1573 1522 Φιλίαν,
1593 1452 1673 1518 ἐπειδὴ
1689 1453 1730 1505 διδ
1747 1453 1873 1524 κηρύκων
1888 1457 1927 1526 γί-

316 1546 378 1607 λεως
390 1545 509 1616 συμφέρον
522 1544 648 1613 βούλεται,
659 1542 688 1596 ού
698 1543 757 1614 πρδς
773 1541 903 1612 ἀπέχθειαν
912 1579 920 1603 ,
938 1538 966 1591 ού
979 1538 1037 1608 πρδς
1047 1540 1094 1607 χά-
1136 1557 1212 1592 νεται.
1233 1540 1265 1592 n.

317 1643 354 1694 ριν
365 1623 471 1694 βλέπων.
509 1622 638 1694 θαυμάσαι
646 1623 667 1674 δ’
677 1622 759 1684 ἀξιον,
770 1622 809 1673 δτι
817 1619 931 1684 τοιαύτην
940 1617 1094 1688 δημηγορίαν
1172 1623 1216 1682 62,
1229 1621 1257 1680 έν.
1270 1613 1482 1684 Ἐπισπασθιῖισιν]
1493 1610 1570 1682 ἤγουν
1584 1608 1773 1680 ἀφελκυσθῶσι.
1790 1613 1825 1666 Ρ.

316 1701 460 1772 ποιούμενος
477 1699 587 1771 ούδαμοδ
600 1701 629 1752 εδ
648 1704 691 1752 τοῦ
705 1699 831 1752 Φιλίππου
852 1698 971 1767 συμφέρον
985 1696 1094 1766 φαίνεται
1171 1697 1248 1760 6α,5
1279 1693 1392 1755 Ὲαιτοῖς
1408 1690 1555 1763 ίγμῖνῙάντί
1573 1694 1616 1742 τοῦ
1635 1687 1806 1759 ἤμῖνάπλεῗις.
1834 1694 1870 1746 Ρ.
1894 1692 1926 1744 'fl

317 1781 414 1852 λέγων,
430 1780 526 1852 μᾶλλον
540 1779 632 1832 δέούδί
650 1777 810 1850 ἀφιστάμενος
827 1781 871 1830 τού
884 1779 961 1847 θυμοῦ
978 1779 1022 1828 τοῦ
1036 1775 1094 1845 πρὸς
1136 1775 1211 1845 χειρίς
1223 1773 1388 1844 ἀναγωστέον,
1407 1771 1502 1832 έαυτοῖς
1516 1769 1578 1840 ἤμῖν
1589 1769 1738 1839 πολεμῆσαι,
1758 1770 1805 1822 ῖνα
1828 1771 1862 1823 τύ
1884 1771 1927 1840 μέν

317 1860 360 1912 τδν
372 1859 511 1924 Φίλιππον,
528 1857 594 1911 ἀλλά
603 1858 631 1912 τδ
645 1860 764 1930 συμφέρον
778 1861 820 1923 τῆς
831 1855 925 1918 πόλεως
944 1859 1041 1908 σιιοιαῒιν
1053 1853 1095 1906 καί
1136 1851 1231 1914 ἐαυτοῖς
1240 1853 1400 1923 συζευχθῇτῖιζι
1412 1849 1548 1920 συμφέρον,
1561 1847 1590 1900 τδ
1601 1847 1627 1900 δέ
1639 1846 1700 1917 ἡμῖν
1714 1853 1752 1920 τῷ
1765 1847 1925 1918 πολεμῆσαι·

317 1942 390 1990 τοῦτο
406 1938 523 2008 θηριύων.
534 1937 586 1990 FP.
1136 1933 1167 1984 Ρ.
1181 1931 1208 1982 in
1218 1948 1272 1984 νετ.
1289 1931 1348 1984 lect.

354 2021 397 2080 60,
430 2019 457 2079 ές.
487 2014 707 2086 Προοηρτημένον]
743 2011 819 2084 ἤγουν
850 2008 1094 2082 προσκεκολλημένον
1172 2013 1216 2072 6ο,
1230 2013 1256 2062 6.
1270 2007 1335 2060 Ἰστε
1348 2005 1396 2077 γάρ
1405 2006 1498 2076 δήπου]
1517 2003 1663 2058 λντέπιπτεν
1677 2002 1803 2066 ἀντίθεσις
1820 2003 1928 2072 ἀπθτῆς

319 2093 383 2164 έμοί.
398 2095 428 2148 Ρ.
1137 2085 1248 2156 ἐργασίας
1259 2086 1321 2139 κατὰ
1335 2084 1521 2149 τδάκάλουθον,
1536 2086 1574 2136 ὅτι
1588 2081 1616 2134 ού
1628 2083 1741 2152 συμφέρει
1754 2087 1812 2144 τοῖς
1824 2083 1926 2152 Ἕλλη.

354 2175 398 2236 60,
412 2189 438 2240 7.
453 2171 593 2242 Τροτάνην]
612 2169 721 2240 Τροτάνη
746 2169 788 2239 μέν
810 2166 861 2220 ἐστι
880 2164 910 2216 rb
931 2166 977 2217 πᾶν
989 2164 1092 2234 εζύγιον,
1138 2183 1175 2218 σ.ν
1189 2165 1254 2236 ἤμας
1271 2165 1418 2227 ἀπολέσθαι,
1433 2163 1504 2216 ἔλυσε
1519 2162 1600 2215 δὲκαὶ
1614 2159 1784 2213 τούτοείκών·
1802 2161 1868 2216 ούδέ
1881 2165 1926 2235 γὰρ

322 2247 470 2318 πλάστιγγος
481 2247 507 2300 δέ
516 2247 576 2300 αύτίι
585 2247 616 2299 τὰ
629 2247 722 2300 πλατέα
735 2245 794 2307 είςδ
808 2242 1007 2315 έμδάλλσμεντδ
1021 2245 1094 2296 σταθ-
1137 2242 1252 2310 Θηθαέοις
1265 2246 1389 2314 συνέφερεν
1401 2242 1532 2308 αύξηθῆναι
1543 2241 1585 2293 τθν
1598 2239 1739 2303 Φίλιππον,
1759 2239 1821 2294 ούδέ
1835 2242 1927 2295 θεττα-

321 2327 445 2395 μώμενον.
458 2325 486 2378 S.
1137 2322 1203 2386 λοῖς,
1213 2321 1269 2374 ἀλλ’
1284 2325 1350 2394 ίίμοις
1361 2321 1401 2374 διὰ
1414 2320 1458 2386 ιῆν
1472 2321 1531 2391 πρδς
1543 2319 1645 2378 Φωκέας
1657 2317 1816 2388 φιλονεικίαν
1827 2321 1926 2374 ἅπαντα
1992 2305 1993 2330 ’

354 2401 456 2471 Οἷχῑῑαῑ
466 2403 554 2472 φέρον]
568 2401 622 2463 Πῶς
632 2399 728 2471 οἴχεται
738 2400 777 2456 ἐπὶ
790 2401 893 2469 θάτερας
908 2397 1096 2468 έπιθσρῆσσντος
1138 2405 1214 2455 ταῦτα
1227 2401 1366 2472 ύπέμειναν.
1419 2399 1538 2470 Ὗποψίσν
1557 2398 1583 2451 δέ
1601 2396 1683 2458 αύτυῖς
1702 2396 1810 2467 ἐμποιεῖ
1818 2419 1928 2469 γενησυ

318 2485 362 2534 τού
376 2481 540 2552 ἐπικειμένου,
554 2479 618 2534 ούτω
628 2482 711 2552 καλιῇ
723 2483 812 2552 γνώμῃ
827 2478 869 2532 έάν
883 2479 1043 2548 προσενέγκῃς
1054 2475 1096 2546 ἀρ-
1139 2483 1211 2551 μένου
1222 2481 1347 2552 πολέμου,
1363 2481 1422 2552 ὅπερ
1434 2479 1482 2534 ἀπὸ
1493 2483 1536 2544 τῆς
1546 2477 1632 2538 λέξεώς
1644 2475 1694 2528 ἐστι
1706 2479 1871 2546 καταμαθεῖν
1886 2483 1928 2544 τῆς

319 2561 420 2630 γύριον,
442 2557 539 2630 οέχεται
553 2561 624 2629 φέρον
643 2559 728 2630 ἐαυτῷ·
751 2558 839 2611 ούκούν
858 2557 903 2618 ἕως
927 2556 970 2626 μὲν
995 2555 1096 2622 ἀκλινῆς
1139 2558 1312 2614 ἐπισπασθῶσι.
1325 2561 1376 2612 FP.

319 2641 384 2694 ἔστιν
398 2640 555 2713 θλογισμδς,
570 2641 654 2711 βλέπει
666 2641 697 2694 τέι
714 2640 840 2712 χρῆσιμα,
860 2639 1006 2711 βαρούμενος
1022 2639 1049 2692 δέ
1060 2645 1095 2710 τῷ
1174 2643 1217 2703 6ο,
1234 2642 1274 2694 18.
1283 2638 1407 2691 Φίλιππον
1419 2637 1517 2706 τοίνυν]
1530 2634 1677 2688 ’λιτέπιπτεν
1690 2631 1814 2694 ἀντίθεσις
1822 2634 1926 2688 arsum

319 2722 413 2793 χρυσέῳ
424 2721 545 2774 πλανᾶται
557 2719 599 2772 καί
609 2718 794 2789 θιασφάλλετσι.
818 2721 899 2772 Anu.
1138 2719 1255 2769 δυνατοῦ·
1280 2716 1322 2768 καί
1348 2713 1396 2787 μῆν
1421 2715 1449 2767 ού
1473 2714 1619 2784 βοηθήσουσι
1647 2711 1771 2778 Θηθαῖοι,
1799 2712 1927 2784 Φιλίππῳ

354 2805 399 2864 60,
416 2817 456 2854 ιο.
472 2797 581 2868 Ἓν-]
596 2795 653 2851 ’λπθ
673 2800 716 2851 τοῦ
729 2797 756 2850 ἐν
769 2797 811 2868 μέν
832 2795 912 2870 έγωγε
932 2795 947 2862 ἤ
971 2794 1035 2866 ἀρχῆ
1052 2799 1096 2849 τοῦ
1137 2794 1250 2855 ύπέπτως
1261 2792 1375 2863 ἔχοντες·
1391 2791 1446 2846 ούδθ
1457 2791 1504 2862 γὰρ
1515 2789 1576 2843 ἐκίον
1591 2788 1680 2841 ἔδωκεν
1695 2787 1779 2850 αύτοῖς
1794 2787 1925 2860 Ὀρχομε-

319 2878 459 2948 κιφαλαίοο·
475 2876 527 2930 ἐστι
542 2875 569 2929 δέ
580 2876 609 2929 τδ
624 2877 743 2948 συμφέρον
758 2875 819 2948 μετά
832 2880 876 2929 τού
894 2875 988 2928 δικαίου
1004 2874 1095 2945 ἀναμε-
1139 2873 1181 2926 νθν
1195 2873 1237 2926 καί
1255 2873 1407 2942 Κορώνειαν·
1428 2872 1472 2923 ἵνα
1486 2870 1515 2923 τδ
1534 2869 1671 2939 λεγόμενον
1688 2863 1704 2938 ἤ
1721 2871 1861 2921 τοιοῦτον·
1886 2873 1926 2922 καί

321 2956 439 3024 μιγμένον
452 2954 494 3008 καί
506 2955 672 3007 τούδυνατσύ.
688 2955 719 3006 R.
1140 2948 1187 3022 μῆν
1202 2949 1231 3002 ού
1245 2951 1391 3020 βοηθήσουσι
1406 2949 1525 3020 Φιλέπεπρ
1540 2947 1655 3012 θηθαῖοι.
1694 2944 1758 2998 Ούδέ
1778 2945 1834 3016 γὰρ
1851 2947 1926 3008 eme

355 3036 399 3096 60,
417 3049 459 3084 ιι.
474 3030 605 3102 Σύνταξιν]
620 3032 722 3101 φάρσος,
737 3029 806 3097 τέλη.
819 3031 849 3083 Ρ.
1138 3029 1269 3082 διάκεινται
1281 3027 1339 3098 πρδς
1353 3027 1438 3080 αθτέν·
1453 3026 1513 3094 αύτη
1527 3027 1575 3096 γάρ
1589 3027 1653 3077 ἐστιν
1665 3022 1680 3090 ἤ
1695 3022 1743 3076 ἀπὸ
1755 3025 1801 3076 τού
1816 3026 1925 3078 δυνατοῦ

355 3113 399 3172 60,
419 3110 460 3162 ιθ.
486 3107 674 3178 Ὗπάρχοοσαν]
695 3109 826 3178 Πανταχοῦ
846 3109 1026 3177 παρατηρητέον
1058 3110 1096 3162 δτι
1139 3107 1264 3169 ἀντίθεσις.
1302 3105 1397 3173 Ταύτην
1417 3103 1488 3158 έλυσε
1503 3101 1566 3156 κατά
1586 3101 1763 3173 ἀγανάκτησιν,
1785 3101 1823 3163 έσς
1844 3102 1925 3168 εύῆθει

319 3185 399 3257 λέγων
412 3185 444 3258 μῆ
455 3188 507 3239 δεῖν
518 3187 584 3240 λύειν
598 3185 642 3252 τῆν
653 3185 868 3257 είρῆνηνούδαμοῦ
884 3185 1042 3257 ’λμφικτύονα
1052 3190 1095 3242 τὸν
1139 3185 1295 3256 ἐπιτιμήσας,
1308 3182 1334 3237 εί
1344 3203 1379 3245 τις
1391 3188 1473 3254 χρῷτο
1489 3182 1568 3252 τούτιρ
1582 3186 1618 3251 τῷ
1628 3180 1712 3252 λόγῳ·
1729 3177 1817 3246 ἐπειδὴ
1834 3181 1887 3251 γάρ
1899 3183 1926 3234 το

319 3265 445 3318 Φίλιππον
459 3265 574 3335 ὀνομάζει
593 3265 719 3334 γίνεσθαι,
736 3263 802 3315 ἀλλὰ
816 3263 856 3316 διδ
871 3269 915 3317 τού
928 3263 960 3336 μὴ
975 3265 1041 3318 λύειν
1056 3287 1097 3320 κα·
1138 3264 1241 3318 δονατδν
1263 3263 1421 3317 κατεσκεύασε
1440 3263 1469 3316 τδ
1497 3261 1622 3314 Φιλίππου
1642 3259 1742 3330 ίσχυρδν
1767 3259 1792 3321 ἐξ
1828 3261 1923 3330 ἀρχῆς,

319 3345 459 3404 τασκευάζει
474 3347 556 3396 τούτο.
594 3343 640 3394 ίίαί
658 3341 734 3404 ούτως
744 3341 819 3396 λυπεῖ
833 3343 889 3404 τούς
905 3342 1042 3411 ’λθηναέοος
1055 3347 1096 3399 καί
1139 3343 1199 3411 αθτη
1222 3342 1284 3410 δέῆ
1307 3341 1425 3402 ἀντίθεσις
1445 3341 1584 3410 ἀνατρέπειν
1604 3339 1682 3394 ἐδόκει
1697 3339 1726 3391 τθ
1748 3339 1867 3409 σύμπαν,
1887 3341 1925 3391 6εέ

320 3417 386 3472 ἀνύει
399 3421 414 3472 δ
429 3419 552 3490 βούλεται.
564 3421 646 3474 ΑΗΒ.
1140 3427 1214 3477 τούτο
1227 3421 1268 3476 καί
1281 3420 1398 3492 ἐρρῶσθαι
1409 3419 1463 3474 είπε
1473 3421 1525 3481 τοῖς
1535 3419 1670 3489 χρωμένοις
1680 3421 1715 3488 τῷ
1725 3415 1809 3488 λάγιμι
1828 3416 1867 3489 μὴ
1878 3417 1924 3487 γὴ
1991 3425 1992 3428 ’

355 3503 400 3560 60,
414 3500 456 3552 ιθ.
469 3496 584 3568 Δεύτερον
593 3497 636 3568 δέ]
651 3495 714 3567 φημί
725 3495 751 3550 δέ
763 3497 815 3549 δεῖν
830 3495 892 3550 κατὰ
904 3501 997 3550 κοινοῖ.
1010 3499 1039 3551 Ρ.
1139 3500 1203 3555 εἶναι
1217 3501 1289 3556 αύεδι
1302 3499 1410 3570 ἰσχυράν,
1425 3500 1476 3552 FP.

355 3581 400 3642 ⁶0.
414 3593 453 3645 νο
474 3573 566 3647 θεᾶν]
580 3578 679 3630 σκοπεῖν
692 3581 742 3637 σοι
757 3573 785 3628 ον
797 3574 938 3646 κινήσομεν.
1175 3585 1218 3646 ει,
1234 3583 1279 3634 οε.
1295 3578 1415 3649 nux...]
1428 3576 1478 3647 τε.
1492 3577 1593 3630 εισι..
1607 3575 1717 3628 num..
1734 3571 1864 3636 εειιωι,
1880 3575 1922 3640 τι.
1991 3599 1992 3634 s

355 3659 399 3718 60,
413 3669 457 3722 27.
476 3653 622 3726 θσροθῆσῃ]
639 3651 738 3718 Ἐπειδῆ
752 3649 863 3724 ἤμελλον
876 3653 1007 3724 πολεμίους
1024 3654 1096 3716 ὄντας
1140 3657 1183 3728 μέν
1198 3655 1310 3728 ἐαρινῆν,
1323 3655 1367 3722 τῆν
1380 3655 1407 3708 δέ
1423 3652 1601 3726 μετοπωρινὴν,
1619 3653 1671 3706 ἐπεὶ
1691 3652 1717 3706 έν
1735 3651 1835 3714 Πύλαις
1850 3655 1922 3718 συνέ-

319 3733 375 3794 τοθς
388 3731 508 3800 Θηύαίους
525 3731 653 3794 ἀκούοντες
669 3731 791 3800 Ἀθηναῖοι
806 3733 980 3804 ταράττεσθαι,
997 3736 1094 3804 παρενέ·
1138 3754 1228 3806 γοντσ,
1241 3736 1269 3796 ἀς
1281 3733 1323 3787 καί
1337 3733 1496 3804 Θερμοπύλας
1507 3731 1621 3786 ἐκάλουν.
1659 3729 1791 3783 Ἔθυονδέ
1805 3731 1922 3802 Δήμητρι

320 3810 380 3863 θαλε
391 3809 420 3862 τδ
433 3806 466 3880 μὴ
481 3809 638 3880 θορυθηθῆτε·
655 3809 742 3876 ἤκιστα
752 3808 800 3880 γθιρ
813 3809 957 3880 πολεμοῦσι.
996 3809 1097 3882 Ἕτερος
1138 3815 1162 3868 σί
1172 3815 1323 3886 Πολεγόραι.
1339 3816 1368 3867 P.

320 3888 368 3960 γάρ
382 3887 527 3942 καθεδεῖται·
545 3885 771 3953 έπειιαθεσθῆσεται,
785 3887 899 3958 κρατῆσει
911 3893 959 3942 τῶν
969 3888 1066 3954 ἀθλων,
1081 3889 1095 3943 ὁ
1174 3895 1223 3960 63,
1242 3893 1267 3948 5,
1286 3893 1322 3946 Τὰ
1335 3891 1499 3962 κελευόμενα]
1516 3887 1616 3960 Ἑτέραν
1631 3887 1717 3956 έθηκεν
1731 3887 1862 3942 ἀντίθεσιν
1878 3889 1922 3942 ἀπὸ

320 3967 453 4028 malms·
467 3967 550 4022 ΑΗΒ·
1138 3975 1182 4025 τού
1195 3971 1288 4024 δικαίου
1307 3970 1349 4023 καί
1364 3972 1407 4022 τού
1420 3968 1523 4020 δυνατοῦ
1538 3967 1640 4038 μικτῆν·
1658 3969 1795 4038 πεισθῶμεν
1810 3963 1860 4020 οθν
1873 3972 1922 4028 τοὶς

358 4046 420 4115 [61,
436 4045 462 4097 θ.
489 4042 657 4114 Ἐρεδρεύων]
680 4042 825 4114 ἐνεδρεύων,
845 4042 1028 4114 έποιαθῆμενος·
1052 4046 1095 4099 καί
1140 4049 1316 4120 ἐπιτάγμασιν,
1333 4047 1481 4118 φούούμενοι
1499 4045 1625 4098 Φίλιππον
1643 4044 1684 4096 καί
1705 4043 1762 4105 τούς
1775 4041 1919 4110 Ἐλληναςς

321 4117 446 4191 έφεδρεία,
468 4119 627 4194 ἤέπίκληρος
647 4121 786 4192 παραμονῆ.
833 4120 965 4193 Ἔριδας,
991 4121 1095 4186 ἐλπίζων
1138 4129 1233 4195 Ταύτην
1252 4126 1323 4180 ίλυσε
1345 4125 1398 4180 κατ’
1412 4123 1550 4196 ἀφαίρεσιν,
1564 4125 1662 4194 φάσκων
1684 4121 1717 4194 μῆ
1737 4124 1792 4176 δεῖν
1818 4125 1919 4194 μὲνφα-

320 4201 475 4270 παραμένειν.
494 4199 541 4268 Ρ.]
1141 4207 1251 4271 δεῖσθαι,
1266 4205 1295 4258 ού
1308 4203 1356 4276 μῆν
1369 4205 1409 4257 διὰ
1430 4209 1503 4259 τοῦτο
1516 4201 1561 4268 εῆν
1573 4201 1671 4273 είρῆνην
1692 4201 1760 4256 λύειν
1774 4221 1780 4232 ·
1794 4203 1842 4256 καὶ
1854 4204 1919 4274 ἐτέρφ

356 4283 400 4330 ⁶¹·
418 4293 459 4330 ¹²·
472 4275 523 4328 m*
541 4275 599 4345 ύλέῑ
611 4278 654 4341 τῆς
672 4273 724 4344 ύῦης
739 4278 839 4339 [Μῖνι
853 4276 918 4331 ἐστίν
933 4277 1027 4350 εὔθυνε]
1042 4278 1095 4334 οἷον
1140 4285 1208 4338 λύσει
1219 4283 1267 4338 ἀπθ
1283 4289 1326 4337 τοῦ
1343 4283 1457 4350 ένδθξοο,
1473 4285 1532 4353 ὅπερ
1543 4282 1594 4336 ἐστί
1605 4283 1675 4353 μέρος
1687 4285 1729 4334 τού
1739 4285 1918 4352 συμφέροντας,

321 4355 365 4408 ούκ
377 4353 413 4409 ἐπ’
426 4354 480 4422 ἴσης
494 4355 624 4424 βοηθοῦσιν
636 4353 758 4422 Ἕλληνες
772 4356 813 4409 καί
822 4356 984 4410 κινδυνεύουσι
993 4359 1034 4410 καί
1047 4357 1097 4410 ἀδι·
1138 4364 1182 4416 θνα
1202 4361 1276 4433 μηδέν
1301 4361 1397 4424 ἀνάξων
1417 4363 1544 4434 πράξωμεν
1564 4359 1634 4431 ἡμῶν
1656 4359 1746 4412 αύτῖύν.
1784 4360 1870 4413 Τοῦτο
1895 4362 1918 4412 δέ

320 4437 414 4498 κοθσιν,
427 4434 490 4486 ὥστε
502 4433 543 4483 καί
560 4433 657 4501 κρατεῖν
670 4437 718 4484 τῶν
735 4433 820 4486 ἀλλων
834 4433 875 4486 καί
892 4436 1020 4495 σώζεσθαι.
1042 4435 1096 4507 (λύχ
1139 4440 1214 4508 ἐστιν,
1225 4441 1256 4506 ἢν
1269 4439 1302 4512 μὴ
1312 4441 1420 4513 δόξωμεν
1432 4441 1496 4496 dm
1506 4438 1637 4511 φθονεροὶ,
1652 4439 1712 4508 ὅπερ
1725 4436 1778 4491 ἀεὶ
1792 4445 1841 4492 ,ης
1854 4441 1917 4493 {250¹-

320 4511 470 4584 ὅμῦίωςγᾶρ
483 4510 606 4564 εθνυυθσιν
623 4511 722 4580 πρδςτδ
736 4514 843 4579 σωθῆναι
858 4512 1009 4583 καίπρδςτθ
1022 4515 1096 4568 πλεο·
1139 4516 1179 4579 ξου
1192 4515 1270 4570 ἐστίν·
1285 4519 1301 4584 ἤ
1314 4517 1347 4590 μῆ
1361 4517 1468 4589 δόξωμεν
1483 4515 1547 4571 εἶναι
1560 4515 1670 4583 ἀνύηται.
1707 4512 1774 4568 Εἶτα
1787 4519 1918 4588 τῷδιασέφ

321 4595 445 4658 νεκτῆσαι.
482 4587 548 4642 Οἶδα
570 4588 617 4659 γάρ
640 4589 678 4642 θτι
690 4589 731 4643 καί
749 4590 773 4643 οί
791 4590 897 4658 θηθαῖοι
914 4591 969 4653 τούς
991 4592 1033 4663 μέν
1060 4593 1095 4665 ἐφ’
1140 4595 1229 4648 πάλιν·
1244 4595 1316 4666 ἡμεῖς
1333 4595 1452 4662 θηδαίους
1471 4595 1537 4666 ἐχειν
1558 4593 1636 4665 ἐῶμεν
1653 4593 1780 4664 Ὠρωπὸν,
1794 4597 1859 4666 άπερ
1873 4595 1917 4648 ἐστ’.
1990 4625 1991 4662 γ

320 4669 385 4740 ἡμᾶς
399 4668 545 4740 ἐρχομένους
567 4666 732 4738 ἀμυνοῦνται,
752 4668 780 4723 ού
795 4667 843 4742 μῆν
862 4667 1094 4742 έπεστρατεύσουσιν.
1143 4675 1212 4744 μέρος
1230 4678 1274 4726 τού
1287 4674 1389 4727 δικαίου.
1426 4672 1529 4743 Πρδςδέ
1542 4669 1587 4736 τῆν
1608 4671 1728 4725 ἀντίθεσιν
1748 4673 1803 4743 θμα
1818 4672 1916 4726 ἐστίιαὶ
1990 4683 1991 4696 ’

322 4749 402 4801 ΑΗΒ·
416 4746 644 4818 Ψθφῠνθηλννύῖῑ-
661 4749 691 4803 Ρ.
1142 4750 1264 4822 ἐπίλογος.
1303 4751 1415 4822 ’λρχεται
1434 4749 1482 4820 γθρ
1502 4750 1516 4802 δ
1533 4749 1647 4822 ἐπίλογος
1663 4748 1710 4803 ἀπὸ
1731 4755 1796 4804 τού·
1820 4751 1916 4822 πρὸςῑέ

356 4829 400 4891 60,
418 4843 459 4895 ¹7·
475 4825 505 4877 Τί
523 4821 566 4877 ούν
584 4823 692 4896 ἤγσύμαι
708 4827 846 4899 ροθερύνς]
863 4826 1011 4890 Ἆντιθέσεως
1027 4827 1095 4900 ἐμπι-
1140 4828 1195 4892 τούς
1206 4829 1310 4899 θρασέως
1319 4829 1399 4883 ύτιούν
1415 4829 1546 4901 οἰομένους.
1561 4831 1615 4886 FP.

320 4903 434 4970 πῐῠῦνηεν
450 4905 488 4957 ύῖῑ
499 4903 570 4974 θμῑῗς
581 4905 636 4966 τούς
645 4903 773 4973 Ἕλληνας
784 4903 851 4958 ούδθν
860 4903 1021 4977 ἠδικήσαμεν,
1034 4910 1096 4961 ὥστε
1174 4909 1211 4962 T&
1233 4909 1508 4979 κελευόμενα-ποιεῖν]
1528 4905 1699 4978 Ἆνθυπσφορά.
1737 4907 1842 4974 Φησλν,
1857 4907 1914 4976 δφείν

322 4985 371 5041 πῶς
385 4983 415 5032 ἀν
428 4981 489 5052 ἡμῖν
499 4983 681 5054 πολεμήσαιεν,
697 4985 786 5052 ταύτην
806 4984 906 5039 λέλυκεν
920 4983 1062 5057 ἐπαγαγών,
1076 4985 1098 5040 εί
1141 4987 1218 5059 λομεν
1239 4989 1298 5041 πάσι
1317 4990 1369 5049 τοῖς
1385 4987 1603 5058 προσταττομένοις
1624 4985 1755 5040 έιπακυύειν
1775 4989 1859 5056 ὥσπερ
1879 4987 1914 5034 ui.

323 5057 370 5128 γθιρ
385 5057 486 5129 Ἀργεῖοι
504 5063 545 5113 καί
565 5063 699 5129 Μεσσῆνιοι
714 5064 755 5116 καί
769 5063 836 5130 έξῆς,
849 5069 981 5131 τουτέστιν,
1001 5065 1098 5134 ἤδίαην·
1141 5075 1195 5122 νῦν.
1236 5066 1270 5121 Ἦ
1283 5067 1309 5120 δέ
1325 5066 1479 5138 ἀνθυποφορέι
1497 5067 1578 5134 ἤττων
1593 5066 1637 5136 μέν
1654 5065 1816 5131 ἀντιθέσεως,
1833 5069 1914 5136 ‘uzu'

323 5155 362 5189 τοι
376 5137 419 5207 μέν
438 5137 476 5208 ύφ’
497 5138 566 5208 ημῶν
585 5141 609 5192 οί
631 5141 752 5208 Ἓλληνες
773 5143 857 5208 ούδέν,
878 5149 1051 5215 μυησικσιιούσι
1071 5147 1097 5200 δέ
1141 5148 1166 5200 δέ
1178 5146 1369 5208 ἀντιπίπτοντος.
1385 5148 1441 5200 HR.
