3934 6350
1053 268 1159 328 ιιιιιν.
1185 269 1286 328 xm
1309 237 1582 332 ἰἰιιοιξνιτονε

512 397 594 466 ἀκτῆς
608 395 723 470 ἀσαρείας
741 395 803 450 κατά
823 397 852 450 τδ
872 395 1072 469 άπροαδιόριστον
1086 397 1134 453 ὀπδ
1149 403 1193 454 τοῦ
1206 399 1297 470 τρόπου
1341 399 1500 472 άνωμότουςς
1520 400 1583 456 καθδ

512 478 677 550 είλημρίνος,
688 479 727 530 δτι
737 475 782 529 οόκ
793 475 842 530 ἔδει
854 476 885 532 τά
893 477 955 530 αότά
965 478 1020 549 περὶ
1031 483 1079 534 τῶν
1092 479 1296 550 παρεληλυθότων
1340 480 1482 552 πράγματος
1494 481 1583 551 ὤμνυσί

512 557 555 610 καί
567 563 616 610 τῶν
632 556 777 627 μελλόντων
789 557 943 627 νομοθετεῖν.
954 557 1011 611 nY.
1342 563 1389 612 τῶν
1399 556 1447 626 ἤδη
1463 550 1584 630 κριθίντωί

549 637 611 707 7α3,
627 652 673 692 12.
686 635 875 707 Μυρρινούσιος]
887 635 934 688 Δεῖ
943 635 1068 698 θποστίξαι
1078 636 1103 690 ἔν
1113 641 1149 709 τῷ
1161 635 1295 708 Μυρόινοό-
1340 637 1437 691 λεόεται
1445 636 1506 708 θμιῖς
1518 638 1585 692 λῦσαι

513 736 582 782 σιος,
595 716 639 768 ἵνα
652 717 682 769 τδ
703 737 716 765 ι
732 715 885 786 Τιμοκράτης
896 715 965 770 εἶπεν
980 739 991 768 ι
1012 715 1135 772 άπόλυτον
1148 717 1202 772 καθ’
1224 717 1296 772 ἓαυτδ
1341 716 1443 783 σῆλθετε
1454 715 1509 770 οότε
1519 737 1585 788 γιγνι

510 796 641 868 λάόωμεν.
656 798 835 852 ACDGRTV.
1341 795 1472 850 δικαστῶν.
1489 795 1586 860 ΛΟΒΕ,

549 879 611 948 723,
628 893 673 947 ορ.
689 876 749 946 Περί
770 873 859 946 μὲνδὴ
876 876 1039 949 μελλόντων]
1056 875 1124 929 ίίατόι
1139 879 1296 947 συγχώρησιν
1376 875 1438 943 7α5,
1462 879 1504 932 18.
1525 873 1586 930 Ὧσι

510 959 603 1014 δέδοικε
613 960 687 1010 τοῦτο
702 957 889 1026 τεχνικῶς,ἵνα
902 955 943 1010 διά
954 957 1047 1010 τοότων
1063 953 1129 1028 δείξῃ
1140 955 1168 1008 τδ
1183 955 1295 1026 περὶτῶν
1341 949 1443 1006 ἕκαστον
1466 955 1587 1016 διαθέσεως

510 1037 686 1108 παρελθόντων
709 1037 852 1106 νομοθετεῖν
872 1037 907 1098 ὡς
929 1036 1032 1090 άτοπον.
1068 1035 1148 1091 Τοῦτο
1162 1035 1203 1088 καί
1222 1033 1247 1088 ἐν
1261 1041 1297 1108 τῷ
1340 1031 1462 1097 Ἕκαστος
1476 1033 1524 1107 γάρ
1544 1031 1588 1106 βοιί

511 1116 568 1168 κατ’
583 1113 778 1186 Ἀριστοκράτους
793 1115 926 1181 πεποίηκε·
938 1115 1100 1186 συγχωρήσας
1115 1113 1162 1184 γάρ
1175 1120 1211 1184 τῷ
1222 1113 1295 1184 Χαρι-
1346 1109 1375 1164 Ὁ
1387 1112 1413 1166 δὲ
1424 1115 1497 1176 τόπος
1507 1107 1577 1178 οὗτος

508 1189 585 1265 δήμῳ
608 1193 712 1260 πολίτην
732 1192 813 1258 εἶναι,
829 1191 856 1247 ὀιι
876 1193 965 1246 τούτου
985 1194 1060 1248 πλέον
1080 1192 1154 1246 αθτδν
1179 1191 1294 1264 ἔόλωῆεν.
1340 1198 1482 1261 κρουστικοῖι
1493 1193 1554 1246 κατὰ
1567 1191 1589 1246 ἀν

512 1274 692 1328 ACDGRTV.
942 1305 944 1313 ·
1091 1259 1102 1280 ⁸
1261 1273 1264 1280 '
1339 1268 1417 1340 ψῆφον
1428 1277 1476 1326 τῶν
1489 1271 1589 1344 ὀμωμοκ

548 1356 612 1422 724,
626 1368 654 1406 α.
664 1350 759 1422 Ὠσπερ
769 1352 798 1403 ἀν
809 1347 833 1404 εί
840 1369 875 1412 τις
887 1349 974 1422 ίάσας]
983 1350 1021 1422 Τῇ
1033 1349 1065 1413 είς
1071 1351 1163 1404 άτοπον
1173 1349 1296 1422 ἀπαγωγῇ
1328 1403 1330 1410 ,
1376 1350 1437 1417 7α5,
1460 1351 1504 1405 α5.
1521 1349 1586 1404 Ἀλλ’

509 1432 566 1485 καθ’
581 1431 709 1498 ίιπόθεαιν,
722 1432 761 1484 δτι
773 1429 906 1502 άπίραντον
917 1429 986 1484 ἔσται
998 1431 1027 1486 τό
1040 1431 1125 1484 κακόν.
1139 1431 1221 1484 TCV.
1341 1427 1393 1496 βίας
1407 1429 1436 1482 τδ
1455 1431 1551 1500 νόημα,
1567 1427 1591 1488 τί

549 1514 612 1581 7²4·
630 1527 671 1579 17.
686 1509 734 1564 Καὶ
747 1509 796 1581 μὴν
809 1509 935 1581 κάκεῖθεν]
956 1510 1070 1581 όεότερος
1080 1510 1154 1571 τόπος
1164 1505 1234 1571 οότός
1246 1509 1296 1563 ἔστι
1340 1503 1373 1566 εἰς
1385 1505 1536 1561 τοθναντίον.
1577 1503 1591 1556 ’ί

511 1589 575 1643 κατὰ
588 1589 754 1652 άντεζίτασιν·
771 1588 795 1642 ίν
807 1585 829 1662 ᾧ
839 1587 989 1651 ἀντεξετάζει
1003 1587 1047 1656 τὴν
1060 1589 1226 1660 δημοκρατίαν
1238 1588 1296 1660 πρός
1340 1586 1423 1657 οάγων
1437 1587 1480 1641 τδν
1490 1587 1566 1658 νόμον
1578 1583 1592 1642 ε’

509 1666 556 1734 τὴν
565 1667 723 1739 ὀλιγαρχίαν.
762 1667 836 1721 Ιίαίό
853 1667 896 1740 μίν
905 1668 1020 1740 πρότερος
1029 1668 1102 1730 τόπος
1113 1665 1294 1732 άποδεικτικδς,
1340 1683 1407 1719 οειαν
1422 1665 1543 1737 ἔγγυητάς
1551 1706 1559 1732 ,
1574 1663 1590 1720 ό

507 1743 526 1798 ό
541 1745 685 1818 δίδεότερος
696 1746 876 1818 παροξυντικός.
891 1747 948 1802 RY.
1339 1764 1391 1817 γων
1404 1746 1443 1798 ότι
1452 1749 1483 1816 τῇ
1493 1745 1593 1816 ἀληθείαΙ

547 1825 610 1895 725,
628 1842 656 1880 α.
671 1825 718 1878 Καί
736 1826 851 1880 οὔτοῦτο
866 1826 959 1898 μόνον]
980 1823 1028 1878 Καὶ
1045 1820 1141 1886 οότοςό
1160 1825 1233 1886 τόπος
1247 1821 1295 1878 ἀπό
1340 1823 1406 1876 ἀλλά
1420 1822 1543 1890 ἀπατῆσαι
1553 1824 1594 1896 ίιμί

511 1907 555 1957 τοῦ
568 1905 666 1976 τρόπου·
682 1905 740 1958 ἀλλ’
755 1905 779 1958 οἱ
792 1905 835 1977 μὲν
847 1905 891 1958 δίιο
905 1906 1018 1976 πρότεροι
1030 1907 1101 1958 τόποι
1115 1904 1170 1974 περὶ
1183 1903 1241 1975 μίαν
1252 1901 1295 1973 όῆ·
1376 1908 1438 1973 726,
1454 1908 1480 1967 1,.
1499 1901 1594 1974 Ἐνθυμ

418 2027 421 2032 .
511 2001 549 2036 σιν
571 1982 726 2054 ῆσχόληνται
745 1988 789 2039 τοῦ
808 1985 903 2056 νόμον,
926 1982 970 2051 τῆν
989 1983 1110 2054 λίγοοσαν
1126 2005 1138 2032 ι
1154 1981 1195 2035 καί
1213 1981 1238 2035 εἴ
1248 2001 1296 2034 τινι
1339 1999 1395 2044 τος·
1408 1983 1524 2053 κέχρηται
1537 1980 1595 2038 δάτι

512 2081 527 2110 ιι
542 2063 634 2134 δεσμοῦ
652 2063 850 2134 προστετίμηται·
875 2083 886 2112 ε
909 2060 1015 2115 αἰτιᾶται
1034 2059 1082 2132 γάρ
1099 2059 1124 2114 ἐν
1141 2058 1240 2121 ἐκείνοις
1258 2060 1296 2112 ότι
1341 2059 1427 2115 τοότου
1440 2065 1483 2115 τοῦ
1494 2059 1595 2132 νόμουίι

512 2140 567 2210 περί
579 2147 631 2195 τῶν,
641 2141 847 2213 παρεληλυθότων
858 2142 995 2212 νομοθετεῖ·
1009 2141 1024 2193 ό
1040 2140 1066 2194 δό
1079 2139 1172 2210 τρίτος,
1188 2139 1226 2192 ότι
1243 2138 1297 2208 περί
1341 2143 1515 2214 γεγραμμένα,
1531 2137 1596 2204 οὗτος

512 2225 561 2277 τῶν
574 2218 727 2289 μελλόντων.
777 2219 825 2272 Καὶ
839 2215 909 2281 οότος
929 2218 956 2272 δὲ
973 2217 1022 2272 ἀπό
1033 2219 1124 2290 τρόπον
1139 2235 1295 2288 σογιιρουστι-
1340 2237 1391 2274 των
1405 2223 1459 2292 περί
1468 2221 1497 2274 τό
1510 2219 1597 2292 αόεδμ

510 2303 571 2362 κῖις·
582 2297 607 2350 τί
618 2299 665 2368 γάρ
682 2317 757 2367 φησις
776 2297 851 2369 ἐχρῆν
862 2297 1027 2368 νομοθετῆσαι
1041 2297 1103 2368 μηδὲ
1117 2298 1208 2367 δεσμοῦ
1221 2314 1296 2366 πρου-
1341 2301 1415 2370 μίνην
1426 2299 1495 2371 ῥῆσιν
1509 2299 1597 2352 ἅπασαι

512 2379 601 2446 τιμᾶν,
619 2376 676 2428 ἀλλ’
696 2375 818 2448 ἐγγυητάς
831 2377 989 2432 καθιστάναι·
1006 2375 1020 2428 ό
1036 2375 1063 2429 δὲ
1074 2375 1223 2447 συγκρρόσας
1241 2374 1296 2437 τοθς
1342 2379 1390 2450 γάρ
1403 2397 1491 2450 φησινς
1505 2402 1517 2428 ι
1530 2378 1598 2450 ἑνθυμ

511 2455 626 2524 δικαστάς
639 2457 690 2517 τοῖς
710 2455 862 2518 ίαλωκόσιν,
883 2454 955 2517 οιίτδς
973 2454 1122 2509 ἐνδείκνυται
1142 2456 1181 2507 ότι
1200 2453 1294 2508 τοότων
1344 2460 1515 2528 ιταγνώσεως
1536 2451 1564 2510 οἷ
1576 2457 1598 2510 δε

511 2527 577 2588 ἐστίν
594 2533 761 2608 ἰσχυρότερος·
775 2535 818 2598 οθς
833 2534 880 2606 γάρ
894 2533 984 2588 ἐκεῖνοι
995 2535 1104 2600 δόουσιν,
1118 2529 1188 2596 οότος
1202 2531 1294 2603 άρίησι.
1341 2533 1447 2588 αἰτιᾶται
1458 2540 1501 2589 τοῦ
1516 2535 1599 2606 νόμον.

514 2613 570 2669 ίίΥ.
1341 2635 1381 2668 ναι
1403 2619 1455 2678 τοῖς
1478 2615 1577 2678 ίνδεκα,

549 2689 611 2761 725,
628 2695 654 2746 6.
670 2691 755 2748 Ιίαίτοι
764 2693 829 2762 χρῆν
841 2691 925 2757 αθτδν,
942 2693 1016 2763 ενα]
1034 2689 1129 2762 Ἐχρῆν
1140 2689 1213 2745 αθτδν
1225 2709 1298 2762 νομο-
1342 2693 1422 2760 ἐπειδὴ
1439 2693 1544 2760 ἠδύνατο
1562 2691 1600 2762 πρί

513 2771 614 2838 θετῆσαι
625 2769 658 2843 μῆ
672 2775 808 2844 προστιμᾶν
824 2773 916 2843 δεσμοῦ
931 2773 984 2834 τοῖς
1001 2771 1142 2824 καθιστᾶσιν
1160 2768 1295 2842 ἐγγυητάς,
1341 2773 1542 2844 ὀμολογοόμενον
1554 2773 1601 2824 τοῖν

513 2848 603 2921 καὶμὴ
626 2845 688 2922 μετά
700 2849 745 2918 τῆν
759 2851 922 2922 προστίμησιν
940 2851 981 2904 καλ
997 2852 1151 2920 κατάγνωσιν
1168 2855 1217 2902 τῶν
1230 2851 1297 2902 δικα-
1341 2857 1385 2906 τοῖν
1396 2853 1473 2924 νόμον
1489 2849 1533 2917 τὴν
1551 2849 1601 2902 ἀσά

514 2935 594 2996 τεῶν,
608 2934 742 2997 τηνικαῦτα
755 2931 867 2987 κελεθσαι
881 2929 922 2982 διά
931 2933 974 2983 τοῖ
986 2929 1064 3000 νόμον
1078 2931 1158 2984 ποιεῖν
1172 2927 1216 2995 τὴν
1232 2930 1298 3000 διεγ-
1342 2933 1394 2994 τοῖς
1407 2932 1433 2986 δὲ
1446 2931 1515 2985 ταυτί
1528 2929 1583 3000 περί
1597 2950 1602 2980 ι

516 3007 618 3078 γόησιν,
630 3005 692 3079 μετά
701 3008 744 3062 τδν
757 3009 858 3080 δεσμόν.
871 3009 945 3061 BSY.
1379 3016 1442 3081 726,
1455 3014 1483 3067 8.
1498 3011 1555 3071 Τοῖς
1568 3009 1603 3062 ἓνί

549 3087 580 3140 E?
597 3087 626 3141 τδ
645 3085 755 3142 δεδόσθαι
778 3087 873 3155 δεινὸν]
895 3085 994 3153 Ἐπειδὴ
1016 3084 1085 3139 οόδὲν
1108 3085 1186 3139 ἐδόκει
1206 3085 1297 3140 ἀτοπον
1341 3092 1435 3148 λόχων,
1476 3089 1603 3160 Ἐξῖκλεψε

516 3168 694 3234 καταστήσαντι
704 3171 748 3222 τοῖν
757 3169 849 3238 δεσμοῦ
863 3165 997 3238 ίγγυητάτ,
1011 3163 1096 3236 ἀπάγει
1109 3183 1133 3219 τι
1144 3183 1299 3236 συγκρουστι-
1342 3173 1424 3226 θέσθαι
1438 3170 1502 3242 παρὰ
1512 3176 1564 3231 τοῖς
1577 3171 1602 3222 ἕν

515 3247 574 3311 κδν,
588 3247 736 3319 βουλόμινος
747 3245 821 3299 αθτδν
837 3249 984 3318 σογκροόσαι
997 3250 1032 3318 τῷ
1043 3243 1125 3317 δῆμῳ.
1138 3245 1173 3298 To
1186 3244 1212 3299 δί
1225 3267 1236 3294 ι
1250 3265 1298 3316 μη-
1342 3253 1457 3323 παράσχῃ
1472 3251 1497 3305 ξς
1517 3255 1553 3322 τῷ
1572 3249 1602 3315 ὃῆ

514 3327 566 3379 δενὶ
575 3329 731 3398 προστιμᾶν»
748 3323 824 3397 ίχρῆν
837 3325 925 3392 αθτδν,
936 3325 1012 3398 φησί,
1027 3325 1139 3396 γράφειν,
1159 3324 1220 3396 μηδὲ
1233 3324 1298 3389 δλως
1342 3329 1521 3384 ACDGRTV.

517 3405 570 3458 τινάι
584 3407 736 3477 δεσμεῖσθεα,
755 3401 797 3459 ίίιν
811 3405 926 3476 παράσχῃ
939 3403 1069 3475 ίγγυητάς.
1086 3403 1262 3460 λῦῦὓίίΤίί.
1379 3413 1440 3478 7ο6,
1455 3426 1471 3476 9
1500 3403 1570 3458 Μετά
1590 3423 1604 3456 τ

551 3487 613 3554 7α5,
627 3487 655 3540 8,
668 3483 710 3551 Μὴ
722 3484 892 3556 προλαόόντα]
905 3482 972 3536 Κατά
985 3485 1069 3536 κοινοῖ
1081 3483 1155 3538 πάλιν
1167 3482 1196 3536 εδ
1210 3481 1296 3555 ίχρῆν.
1344 3483 1500 3558 μεταλῖγῆεως
1512 3479 1604 3543 οότοςό

516 3560 567 3629 Τὴν
585 3561 612 3617 δά
625 3565 737 3635 πρόθεσιν
753 3565 795 3617 δεῖ
806 3563 965 3634 όπερόιόάσαι
977 3563 1037 3633 πρδς
1053 3563 1083 3616 εδ
1098 3563 1297 3634 κατεγνωκότας,
1344 3582 1435 3635 ματος·
1456 3562 1510 3614 δίον
1523 3559 1571 3630 γάρ
1588 3577 1604 3610 α

517 3643 558 3695 ίνα
572 3637 587 3716 ᾖ
600 3642 688 3706 οθτως·
704 3642 760 3698 οιίδί
772 3643 847 3714 ἐχρῆν
859 3641 943 3708 αδτδν,
956 3642 1067 3696 λαθόντα
1078 3641 1142 3714 όμεῖς
1152 3641 1199 3709 ἤδη
1209 3660 1300 3712 προκα-
1343 3644 1485 3716 γινόμενον,
1500 3639 1514 3692 ό
1530 3639 1556 3692 δί
1569 3639 1598 3692 τδ

518 3723 668 3793 τεγνωκότας
681 3722 746 3784 τινδς
762 3723 805 3776 τόν
819 3721 927 3791 δεσμδν,
946 3723 1002 3774 τότε
1019 3720 1101 3790 λέγειν
1120 3719 1153 3779 ὡς
1167 3721 1210 3772 δεῖ
1226 3739 1300 3773 κατα·
1343 3725 1417 3777 τοῦτο
1430 3721 1572 3790 ἀναφέροιτο
1585 3719 1604 3769 ἀ·

519 3805 603 3869 στῆναι
613 3800 741 3873 ίγγυητάς.
760 3801 939 3855 ACDGRTV.
1380 3805 1442 3871 726,
1456 3815 1500 3853 αα.
1517 3797 1604 3851 Ἐνταυ

554 3879 615 3948 725,
629 3879 671 3934 τό.
687 3879 735 3932 Καί
746 3878 789 3940 τάς
800 3884 848 3932 τιῖιν
860 3877 1029 3950 ὀμωμοκότων
1038 3879 1047 3944 1
1055 3875 1297 3939 θθκείπεδικαστάς·
1346 3899 1396 3946 ται,
1407 3878 1436 3933 οδ
1448 3876 1496 3951 μὴν
1508 3877 1604 3931 ἐνταυθί

520 3953 672 4028 ἰσχυρότερος
685 3957 733 4028 γάρ
749 3957 763 4009 ό
777 3958 855 4028 δῆμος
868 3963 917 4010 τῶν
930 3955 1090 4017 δικαζόντων.
1131 3953 1252 4010 ’ἀλλ’ἵνα
1266 3952 1300 4026 μῆ
1381 3964 1442 4029 726,
1453 3963 1498 4013 κθ.
1516 3956 1604 4028 Ἀντίμ

518 4035 631 4106 ραίνηται
638 4034 736 4106 ἐρωτῶν
754 4035 827 4090 είδεῖ
840 4037 883 4090 τδν
897 4037 976 4106 δῆμον
994 4033 1153 4104 ἰσχυρότερον
1169 4033 1235 4088 εἶναι
1252 4039 1300 4087 τῶν
1345 4036 1545 4110 εδπροατιμηθὲν
1556 4036 1604 4088 αλιι

519 4115 616 4184 νόμων,
629 4115 699 4185 οἵπερ
712 4113 772 4167 εἰσίν
782 4114 805 4168 οί
817 4115 972 4180 δικάζοντες,
989 4112 1044 4184 [τῷ]
1058 4110 1106 4166 ὀπδ
1118 4115 1161 4179 τῆς
1173 4113 1303 4180 ποιότητος
1345 4120 1409 4172 ὥστε
1421 4115 1570 4170 καταόαλεῖν
1585 4115 1604 4166 δι

517 4192 757 4266 μα’λλονίχρῆσατο.
799 4190 1099 4266 Ὀμωμοκόταςγάρείπε
1112 4192 1168 4255 τοδς
1177 4193 1300 4260 δικαστὰς,
1346 4193 1555 4266 καίτδάρχαῖον.
1569 4193 1604 4246 A]

519 4272 660 4345 ἀνωμότους
672 4273 699 4327 δὲ
712 4274 754 4328 τδν
771 4275 868 4346 δῆμον,
879 4273 923 4325 ἵνα
935 4273 977 4326 καί
989 4273 1017 4325 τὸ
1029 4271 1123 4343 άλογον
1135 4273 1303 4343 Τιμοκράτους
1382 4287 1444 4343 7π7,
1457 4271 1483 4326 3.
1495 4270 1530 4322 To
1544 4287 1604 4340 γεγρ

519 4351 595 4425 ὀρθῇ.
632 4353 750 4407 Δικασταί
761 4352 803 4424 μλν
824 4352 872 4424 γάρ
893 4351 935 4406 καλ
954 4351 1089 4423 ὀμόσαντες
1102 4349 1248 4422 ἐψηφίσαντο
1259 4351 1302 4406 τδν
1382 4367 1444 4420 γαρ,
1459 4369 1485 4420 9.
1498 4347 1569 4402 Μετίι
1588 4365 1604 4400 τι

519 4433 622 4503 δεσμόν,
633 4431 649 4484 ό
662 4431 688 4485 δὲ
700 4431 741 4484 διά
754 4435 797 4486 τοῦ
809 4433 889 4504 δῆμον
908 4435 940 4504 τῆ
955 4429 1071 4502 ίγγυῆσει
1082 4429 1136 4482 λόει
1146 4430 1188 4483 τόν
1200 4431 1300 4501 δεσμόν.
1347 4431 1410 4484 στίν.
1447 4427 1505 4482 Ὀτι
1520 4427 1547 4481 δί
1564 4425 1599 4497 ἀρ’

518 4511 600 4564 ch.
1346 4507 1403 4563 λον.
1440 4507 1475 4560 To
1490 4505 1534 4578 μίν
1551 4505 1599 4576 γὰρ

559 4584 745 4657 Ὀμωμοκότων
755 4588 765 4658 ]
777 4586 828 4640 θόκ
846 4585 900 4641 εἷπε
913 4583 1028 4648 δικαστάς
1042 4585 1084 4638 καί
1095 4586 1184 4658 δῆμον
1204 4585 1303 4658 ίσχνρό-
1346 4591 1390 4642 τοῦ
1403 4585 1604 4658 προεξητασμίνοι

521 4683 590 4734 τερον
601 4663 649 4735 γάρ
662 4665 676 4717 ό
690 4665 768 4736 δῆμος
778 4671 827 4718 τῶν
840 4665 1001 4726 δικαζόντων.
1042 4660 1304 4735 Ἀλλ’ίναμῆραίνη-
1347 4666 1501 4738 χειροτονίαν
1522 4663 1601 4716 αθτῶν

521 4761 562 4796 ται
575 4742 618 4797 τδν
632 4744 712 4814 δῆμον
728 4748 804 4797 ποιῶν
819 4742 990 4813 ἀσθενέστερον
1003 4747 1052 4796 τῖεν
1066 4743 1231 4807 δικαζόντων,
1244 4745 1304 4815 όπερ
1347 4747 1402 4817 περὶ
1413 4745 1471 4818 μίαν
1485 4743 1565 4808 λέξιν,
1576 4744 1604 4795 διι

521 4821 633 4889 ἄτοπον,
653 4821 710 4884 τοθς
729 4821 892 4894 ὀμωμοκότας
912 4820 1058 4888 ἄντεξῆτασε
1080 4824 1133 4883 τοῖς
1157 4820 1302 4893 ἀνωμότοις·
1349 4823 1469 4896 ίγγυητάς
1491 4824 1550 4876 όταν
1572 4824 1604 4893 βοι

521 4899 627 4957 ἓνταΰθα
640 4901 688 4974 γάρ
701 4901 730 4956 τδ
742 4901 842 4956 άτοπον·
861 4901 886 4955 οί
907 4901 950 4974 μὲν
971 4901 1018 4974 γάς
1035 4901 1194 4974 ὀμωμοκότες
1207 4901 1267 4956 ιίσίν
1281 4903 1305 4956 οί
1352 4925 1362 4952 ι
1381 4903 1499 4973 βσόληται
1513 4903 1604 4954 ἕκαστοι

479 5031 494 5054 ,
522 4983 650 5049 δικασταί,
663 4982 677 5036 ό
690 4981 717 5036 ὀί
729 4983 807 5054 δῆμός
826 4979 890 5036 ἔστιν
906 4982 1042 5054 ἀνώμοτος.
1061 4983 1119 5036 RY.
1134 4982 1192 5043 Τοῖς
1206 4981 1304 5054 ὀνωμό·
1385 4973 1452 5051 γαρ,
1464 4986 1505 5035 τό.
1519 4981 1604 5034 Φαόλο

524 5085 574 5128 τοις
584 5065 610 5119 ὀί
621 5064 689 5136 λέγει
703 5069 755 5127 τοῖς
764 5067 806 5118 νῦν
821 5063 955 5126 δικασταῖς.
996 5063 1041 5116 ίίαί
1052 5061 1092 5116 διὰ
1105 5063 1129 5116 τί
1138 5061 1224 5124 αιίτοθς
1233 5061 1307 5116 καλεῖ
1348 5079 1409 5132 χην.
1425 5065 1458 5116 Α.
