4032 6094
712 477 1033 556 ιιιοιιιτιειιιιιοε
1054 481 1085 540 ι’.
1634 495 1690 544 ιιι

100 599 176 669 φησὶ,
193 599 224 652 τό
242 600 297 670 παρ’
317 599 378 671 ίμοῦ
394 600 533 674 λεγόμενα,
553 603 592 656 ότι
608 605 765 675 συμδουλτόω
780 607 879 660 τόθεω-
923 608 1037 670 δέξωνται
1057 605 1142 674 αθτίςν,
1166 608 1312 662 θπόσπονδοι
1332 609 1518 681 θποοτρέίινσιν·
1540 610 1568 664 οῦ
1587 611 1634 682 γὰρ
1657 611 1696 666 ἴπί

100 677 156 748 ρυιὰ
168 679 278 748 γενέσθαι
288 679 517 750 στροτιωτικάςοίνκ
530 680 590 752 έγθι,
600 682 683 752 φησίν,
691 681 876 750 αἴτισςτοίιτων,
923 685 1032 757 πόλεμον
1047 684 1240 752 ἐξεληλύθεισαν.
1265 685 1339 753 ’0δή
1357 687 1695 760 καίγεγένηται·έωρακότες

100 755 159 806 ἄλλ’
181 755 281 825 θνθσιι
301 761 348 810 τῶν
368 757 537 827 πραγμάτων,
556 759 594 810 δτι
615 757 643 810 οθ
662 759 766 830 δύναμαι
780 759 876 832 εἴσαγα·
920 764 968 835 γὰρ
990 763 1034 832 τὴν
1053 763 1205 836 παρασκευὴν
1227 765 1251 818 οἴ
1270 764 1394 836 Κορίνθιοι
1412 765 1530 828 ἐδέξαντο.
1569 767 1636 820 Ἄνευ
1652 763 1695 821 οῦν

100 835 158 905 γεῖν
171 835 212 886 καί
223 832 254 887 τίι
269 832 328 899 ἴγδέα
340 834 382 886 καί
394 833 424 888 τέ
435 834 555 907 ώρέλιμα.
571 837 651 890 ἸῸν.
920 844 1001 898 μόνω,
1011 843 1097 910 ωςςεη
1108 844 1259 913 κατορθῶσαι
1269 843 1354 906 αὒωης
1361 847 1432 899 ωηω
1442 846 1471 900 ,η
1482 849 1591 918 πρᾶγμ
1603 849 1649 900 χρη

138 914 183 976 33,
200 912 242 966 τό.
261 910 332 977 Πλὴν
347 911 369 966 εί
381 915 436 967 δίον
451 913 579 982 εὔξασθαι]
594 913 660 981 πλὴν
680 913 702 968 εἴ
718 914 752 986 με]
766 917 822 986 άρα,
833 935 878 986 ρη·
956 921 1095 992 Μεγαρέας]
1108 919 1158 986 Τὴν
1170 920 1237 991 ἱερὰν
1248 924 1296 992 γῆν
1309 923 1343 984 ὡς
1353 922 1446 994 ὀργάδα
1455 925 1495 976 χε]
1508 924 1594 978 amo„
1606 923 1696 996 ἐγεώρ.

99 995 157 1058 σίν,
177 992 202 1046 ίν
215 991 294 1064 τοθτιρ
310 990 401 1058 άδικῶ,
413 995 439 1044 ίν
450 989 473 1064 ᾧ
486 991 529 1046 οίικ
540 991 644 1065 είίχομαι
657 994 698 1046 καί
707 991 807 1066 έκάτερα
818 993 876 1066 ίιμῖν
922 1017 981 1070 γουν
998 1000 1021 1052 σί
1033 999 1163 1070 Μεγαρεῖς.
1202 999 1280 1052 Πάλιν
1293 1000 1326 1064 ὼς
1338 1000 1442 1063 εθσεόεῖς
1459 1002 1482 1056 οῖ
1498 1001 1619 1070 Ἀθηναῖοι
1634 1003 1697 1066 ἔξελ-

100 1071 291 1142 προογινέσθοιι,
304 1071 346 1122 καί
359 1069 389 1124 τά
401 1069 459 1136 ηδέα
470 1071 551 1125 καὶτὰ
563 1072 682 1144 ὠφέλιμα.
702 1074 782 1127 ΊῸΚ.
803 1073 878 1146 Εἴπερ
921 1069 1004 1131 θόντες
1016 1067 1122 1124 ίπαυσαν
1135 1067 1220 1131 αθτοθς
1229 1070 1293 1142 μόνῃ
1302 1073 1333 1142 τῇ
1344 1070 1386 1139 θές
1397 1071 1545 1136 νικήσαντες.
1561 1082 1594 1128 Α.

99 1152 157 1203 δέον
170 1148 279 1210 εὔξασθαι
289 1147 333 1202 οθκ
344 1147 459 1220 εθχομαι.
475 1149 506 1201 Et
515 1147 548 1220 μὴ
564 1149 611 1220 όρα
620 1148 646 1202 ίν
657 1151 737 1222 ταύτην
747 1149 831 1215 έδικῶ,
840 1154 878 1206 ότι
957 1146 1000 1210 34,
1016 1162 1056 1199 n.
1074 1144 1128 1216 Οθχ
1138 1145 1171 1199 ἵν’
1181 1145 1340 1220 όπέχθωμαι]
1356 1143 1545 1218 Ἐπιδιόρθωσις.
1559 1153 1590 1203 Β.

100 1228 146 1281 οθκ
160 1227 264 1298 εὔχομαι
275 1227 386 1298 γενέσθαι
400 1226 459 1298 θμῖν
476 1227 506 1280 τά
517 1227 576 1293 ἡδέα
591 1229 633 1282 καί
644 1228 674 1280 τά
685 1227 806 1300 εδρέλιμα,
824 1231 876 1284 AR,
958 1225 1006 1288 34,
1024 1230 1066 1288 14.
1081 1221 1201 1300 ‘Am-J
1217 1223 1344 1280 Ἐντεῦθεν
1354 1226 1516 1296 μεταόέόηκεν
1529 1227 1567 1281 ἐπὶ
1580 1228 1608 1282 τό
1618 1229 1696 1298 τρίτον

140 1306 185 1370 33,
200 1309 241 1358 16.
255 1301 374 1368 Εόξασθαι
388 1303 431 1376 μίν
441 1300 531 1375 γαμῶ
546 1305 630 1376 ἄνδρες
641 1303 780 1378 Ἀθηναῖοι]
794 1307 877 1375 Τίζη.
921 1305 964 1354 τοῦ
985 1301 1062 1370 λόγου
1077 1303 1162 1372 μέρος,
1178 1301 1317 1374 ίπιλογικθν
1336 1303 1379 1373 μέν
1397 1301 1461 1356 εἴναι
1478 1305 1576 1369 δοκοῦν,
1595 1304 1654 1376 ἕχον
1671 1307 1697 1360 δί

101 1385 182 1447 τεῖτε,
200 1382 275 1454 φησί,
299 1381 364 1453 παρά
388 1385 431 1434 τοῦ
453 1382 606 1453 συμδοόλους
627 1381 718 1454 εθχὴν,
735 1384 768 1448 ῶς
785 1383 877 1450 loun,
922 1378 1077 1451 καταδρομὴν
1099 1384 1143 1434 τοῦ
1160 1399 1186 1434 τε
1207 1382 1284 1452 νόμου
1303 1381 1404 1434 καὶτοῦ
1422 1381 1502 1444 θέντος
1523 1381 1604 1435 αῦτόν.
1655 1383 1698 1436 Πέ·

102 1460 240 1514 όπαιτεῖτοιι
250 1463 333 1514 τοῦτο.
370 1458 461 1530 Οθγέρ
474 1460 549 1530 μόνον
561 1459 643 1532 ῥᾴδιόν
656 1459 707 1515 ἐστι
715 1465 798 1526 τοῦτο,
814 1461 879 1516 ἀλλὰ
922 1476 1002 1510 πτωιιε
1015 1457 1271 1520 δέόκολοῦθωετοθτυ
1285 1451 1405 1530 ιδμίρος.
1443 1459 1473 1512 Εἴ
1484 1461 1531 1533 γέιρ
1541 1461 1581 1514 διὰ
1590 1462 1620 1515 τέι
1632 1465 1693 1534 χρη-

102 1537 145 1590 καί
164 1536 219 1604 ίηδῦ.
255 1537 361 1608 Εθχιται
379 1539 426 1608 γάρ
447 1556 482 1600 τις
501 1539 554 1591 δτι
575 1539 617 1592 καί
639 1539 762 1610 βούλεται.
805 1541 840 1596 Tb
853 1542 879 1596 δέ
925 1535 1178 1607 μσῐσδιίφθσρτσιτᾶ
1192 1538 1323 1608 πρέγμσισ
1336 1537 1501 1604 σῆςαόλεως,
1516 1539 1697 1604 αίτιοςδίτοό-

102 1617 159 1668 δέον
170 1616 307 1686 ,προσέθηκε
326 1617 463 1686 συντρέχων
475 1619 528 1678 ταῖς
543 1618 654 1688 γνώμαις
666 1623 715 1672 τῶν
726 1617 874 1690 φιλοσόφων·
922 1631 971 1666 των
982 1613 1096 1684 θνόμος,
1111 1613 1176 1675 όξιον
1192 1611 1222 1682 ἢν
1236 1616 1400 1686 καταδραμεῖν
1410 1614 1483 1669 αὐτοῦ
1494 1637 1520 1673 τε
1537 1621 1578 1672 καί
1588 1625 1631 1676 τοῦ
1645 1623 1698 1675 θέν-

104 1692 152 1746 τίσί
170 1693 218 1764 γάρ
234 1692 313 1746 αθτῶν
329 1693 425 1764 οίρασι
448 1693 480 1766 μὴ
500 1695 552 1747 δεῖν
571 1693 685 1765 εὔχεσθαι
703 1697 758 1767 περί
775 1703 823 1750 τῶν
841 1695 878 1770 ἐρ’
923 1710 963 1752 τσς
980 1691 1063 1753 σῦτόν.
1104 1687 1135 1744 Ἦ
1158 1691 1184 1746 σί
1204 1691 1344 1763 καταδρομὴ
1361 1694 1447 1764 γέγονε
1470 1695 1532 1748 κατὰ
1548 1695 1697 1762 άντεξίτασιν

102 1771 174 1842 ἡμῖν·
189 1773 253 1837 ἦκα]
262 1770 320 1834 ἴσως
330 1771 450 1842 ἀνωφελές
458 1775 486 1826 τδ
496 1776 538 1839 τῆς
548 1773 621 1844 είιχῆς
632 1773 778 1847 ἡγούμενος.
791 1778 873 1832 TCV.
923 1775 971 1824 τῶν
985 1773 1026 1822 νῦν
1039 1769 1232 1840 πολιτευομένων
1246 1769 1288 1822 καί
1301 1775 1349 1824 τῶν
1363 1769 1403 1824 έπί
1417 1775 1465 1824 τῶν
1483 1775 1622 1845 προγόνων.
1651 1777 1698 1830 Κά-

141 1853 185 1916 33,
205 1853 247 1905 18.
267 1849 382 1904 Ἑλέσθαι
395 1851 421 1904 δέ
438 1853 514 1924 ὅταν]
528 1854 569 1906 θτε
584 1851 610 1905 δέ
620 1855 692 1924 χρεία
706 1855 877 1926 βουλεύεσθαι,
923 1849 1011 1910 κείνοις
1025 1848 1067 1918 μέν
1084 1846 1169 1902 έαυτδν
1185 1847 1313 1914 όπείκασε,
1335 1849 1426 1902 τούτων
1443 1849 1470 1902 δὲ
1494 1853 1631 1924 καθήψατο,
1658 1857 1699 1908 καί

104 1929 185 1982 οδκίτι
198 1930 214 1981 3
226 1929 340 1999 βσίνλεταί
352 1947 388 1991 τις
406 1933 494 1984 σκοπεῖ
508 1931 550 1984 καί
566 1930 686 2002 αἱρεῖται,
707 1935 787 2006 ῶσπερ
806 1933 832 1988 ίν
845 1941 881 2008 τῷ
923 1928 1022 1997 διχόθεν
1036 1925 1121 1980 δσντθν
1132 1927 1285 1995 σννέσιησῑν,
1304 1926 1328 1990 ff
1337 1923 1372 1980 ὧν
1383 1928 1425 1982 καί
1441 1930 1574 1993 νσῦσσνισίι
1588 1937 1698 2006 μιμεῖται

105 2005 234 2075 εὔχεσθαι,
249 2005 307 2058 ἀλλ’
321 2007 354 2068 ώς
365 2005 466 2068 ἀπαιτεῖ
476 2007 507 2062 τό
520 2010 661 2080 πράγματα.
677 2015 710 2066 Α,
736 2038 739 2046 ·
923 2003 966 2056 καί
978 2005 1034 2067 τοθς
1042 2004 1160 2068 παλσιοθς
1171 2005 1280 2072 ἐζήλωκε
1291 2011 1327 2077 τῷ
1346 2005 1395 2060 έθει
1406 2008 1446 2060 καί
1460 2014 1496 2081 τῷ
1508 2013 1590 2083 τρόπιρ
1600 2016 1643 2080 τῆς
1656 2033 1698 2068 πο-

142 2085 190 2150 33,
212 2101 255 2138 οι.
277 2083 310 2138 E!
328 2085 355 2139 δέ
369 2105 404 2148 τις
419 2085 480 2158 ημῖν
501 2085 554 2157 ἴχει
568 2087 599 2140 τὰ
620 2089 736 2162 θεωρικά]
751 2089 801 2143 Οθκ
814 2089 879 2144 ἔστιν
924 2082 1030 2148 Nutu·
1045 2083 1073 2137 σθ
1084 2085 1137 2146 ῐσῗς
1150 2085 1347 2156 νστσρθῶμσσῑν·
1358 2086 1425 2140 TCF
1428 2087 1460 2139 V·

104 2161 232 2228 ἀντίθεσις,
242 2161 308 2214 άλλέι
318 2163 399 2233 νόημα
410 2162 590 2232 άπακλεῖοντῆς
602 2165 724 2234 άναδολῆς
734 2167 776 2221 τόν
786 2167 877 2237 δῆμον·
959 2161 1003 2227 34,
1017 2178 1057 2230 17.
1075 2161 1160 2216 λκοιίω
1171 2164 1251 2233 ῶσπερ
1265 2160 1323 2224 ἴσως
1337 2163 1378 2216 καὶ
1391 2165 1474 2236 υμεις]
1502 2165 1550 2220 En:
1565 2167 1607 2238 μέν
1620 2167 1698 2224 αότςῖνν

109 2242 154 2292 ἵνα
171 2239 217 2311 γάρ
241 2239 274 2312 μὴ
299 2239 435 2312 μέλλοντας
453 2243 540 2314 πόρους
556 2241 710 2312 ἐπιζητῶσιν,
733 2243 880 2316 ἐπειγόντων
924 2239 1013 2293 τέθεικε
1026 2240 1055 2292 τδ
1071 2237 1146 2305 ἴσως,
1160 2239 1370 2294 ίπίδίέαυτοῦτδ
1383 2239 1476 2308 έκοόω,
1489 2242 1699 2319 ώςέκριόεστίρου

106 2324 157 2370 τῶν
168 2321 327 2391 πραγμάτων,
349 2319 390 2372 διὰ
404 2323 476 2375 τοῦτο
493 2319 561 2376 εἴπεν
575 2323 612 2376 ότι
631 2324 746 2395 θαυμάζω
759 2323 829 2386 εἴτις
842 2323 880 2376 εθ-
924 2314 1002 2369 οὔτῶν
1018 2317 1060 2370 καί
1072 2318 1146 2372 πλέον
1158 2320 1375 2390 περιεργαζομένου
1393 2318 1423 2372 τέι
1439 2325 1487 2373 τῶν
1500 2325 1639 2392 προγόνων,
1658 2321 1699 2379 οἶα

104 2399 210 2466 πορῆοαι
233 2403 281 2450 τῶν
301 2395 412 2450 άπόντων
435 2398 494 2470 πρδς
515 2400 531 2451 ά
548 2401 590 2452 δεῖ
607 2401 744 2468 δυνήσεται.
781 2401 812 2454 Οί
833 2400 881 2472 γὰρ
923 2393 1158 2462 θθνσίτίιίνιίνονν
1174 2397 1627 2472 (²110ssth-kassissfiwovvrmtb
1641 2401 1699 2468 ἴσως

106 2475 237 2536 υέλλοντες
250 2476 320 2546 πόροι
333 2475 401 2529 αθδέν
421 2481 516 2530 ποιοῦσι
527 2478 586 2549 πρός
601 2477 632 2531 τό
648 2479 771 2550 παρόντα
794 2479 820 2532 σί
833 2478 880 2550 γάρ
924 2473 982 2544 πρός
994 2471 1039 2539 τὴν
1054 2471 1141 2540 ἀκοὴν,
1156 2475 1194 2527 δτι
1211 2475 1252 2528 καί
1267 2493 1330 2536 τινες
1343 2469 1404 2542 ἥσειν
1421 2473 1478 2538 ἴσοις
1496 2476 1530 2548 μὴ
1548 2482 1623 2550 μόνον
1637 2479 1699 2554 όκαῇ
1719 2511 1726 2520 -

105 2553 257 2623 νῦν-πράξεις
269 2551 297 2606 οθ
310 2552 443 2624 μέλλοντας
455 2555 541 2626 πόρους
554 2553 705 2610 ἀπαιτοῦσιν.
717 2555 820 2611 ΤΟΠΚ.
926 2549 1015 2613 εἴδότες
1026 2551 1057 2606 τθι
1070 2557 1119 2606 τῶν
1132 2555 1270 2624 προγόνων,
1292 2551 1358 2605 άλλὰ
1372 2553 1412 2608 καί
1429 2557 1461 2624 τῇ
1476 2556 1533 2627 θέᾳ,
1553 2557 1593 2610 διὰ
1607 2559 1635 2614 τό
1652 2581 1699 2632 με.

142 2631 191 2692 33,
206 2635 250 2684 οδ.
269 2629 308 2684 ’λν
321 2630 352 2684 τό
365 2633 473 2703 παρόντα
491 2633 624 2706 ἀναλώσῃ]
639 2633 794 2706 Σημείωσαι·
812 2637 882 2708 παρί-
925 2629 1023 2700 νφθὸιον
1035 2631 1134 2686 ἒσντιῗνν.
1149 2633 1200 2686 BP·

103 2727 179 2769 σοισις
194 2707 256 2761 κατέι
272 2709 301 2761 τό
316 2709 394 2772 τέλος.
408 2713 505 2765 BTCP.
962 2709 1010 2773 34,
1025 2713 1066 2764 18.
1081 2709 1112 2762 Οί
1126 2709 1261 2780 παριόντες]
1278 2709 1302 2762 οί
1316 2711 1520 2782 δημηγοροῦντες.
1540 2715 1592 2768 CP.

143 2787 187 2848 34.
210 2803 234 2840 ι.
246 2785 284 2838 Τὰ
301 2787 327 2840 δέ
343 2788 475 2859 πράγματα
489 2789 623 2862 πολλάκις]
640 2789 753 2852 Καλῶςό
769 2793 881 2861 προσδιο-
962 2787 1005 2852 34,
1020 2805 1064 2844 20.
1079 2787 1208 2861 Ἐκεῖνον]
1220 2787 1356 2842 Τδίκεῖνον
1375 2789 1407 2852 ώς
1417 2791 1546 2862 θαυμάζων
1556 2793 1697 2862 προσέθηκε.

103 2871 204 2940 ρισμός·
221 2867 272 2922 ἔστι
283 2869 331 2942 γάρ
343 2869 418 2925 ίνίοττ
430 2872 471 2924 καί
481 2871 556 2934 οθτως
564 2871 625 2942 ἡμῖν
635 2870 752 2925 έαόαίνειν
762 2871 792 2927 τό
804 2876 881 2946 πρέγ·
926 2866 979 2920 ‘'J'-

104 2966 185 3018 ματα,
198 2947 232 3010 ώς
249 2947 291 3000 καί
305 2947 446 3019 νομίζομεν,
464 2947 539 3001 εἴναι.
554 2949 584 3002 B.
961 2944 1011 3008 34,
1032 2961 1076 2998 αι.
1091 2945 1139 2998 Τδν
1158 2943 1290 3014 Περικλέα]
1308 2943 1348 2997 διὰ
1364 2946 1388 2998 τί
1401 2945 1443 2999 τόν
1457 2945 1575 3018 Περικλέα
1588 2949 1699 3020 δεύτερον

143 3025 184 3088 34,
200 3029 233 3088 4.
254 3024 300 3078 Καὶ
320 3023 406 3096 μισθόν
425 3026 504 3097 ἕξετε]
519 3026 627 3088 Μείζονα
648 3029 781 3098 χρημάτων
801 3025 882 3089 εόεοῖς
925 3021 1015 3073 τέθεικε
1026 3021 1184 3092 πρεσόίιτερον
1198 3023 1258 3076 όντα
1273 3026 1316 3076 τοῦ
1330 3042 1355 3076 τε
1368 3023 1453 3078 Νικίου
1469 3025 1564 3080 καὶτοῦ
1577 3027 1700 3098 Δημοσθέ-

106 3103 221 3174 είιπορίαν
245 3101 391 3158 θποτίθεται.
432 3101 462 3156 ’0
483 3104 531 3174 γὰρ
547 3103 632 3174 μισθδς
651 3103 799 3176 καθημερινι]
816 3107 882 3167 δόσις
929 3117 998 3164 νσντί
1013 3099 1117 3162 δτιτοθς
1133 3101 1219 3172 ἅιιρσυς
1234 3099 1388 3172 κατ’όριτὴν
1407 3102 1433 3156 ίν
1450 3105 1531 3175 όκροις
1547 3103 1631 3172 ἔταξε,
1645 3107 1699 3168 τοθς

106 3179 161 3233 ἐστὶ
176 3181 323 3251 χρημάτων·
346 3180 377 3235 τά
390 3179 416 3234 δέ
430 3181 599 3251 θεωρικάταῖς
612 3181 759 3254 ἱερομηνίαις
773 3182 882 3258 έλάμόα-
926 3177 952 3230 δέ
967 3179 1051 3249 μέσους
1064 3179 1190 3252 ίνμίσοις.
1228 3179 1273 3233 At&
1289 3179 1397 3252 τίδέμι]
1406 3183 1447 3236 καί
1460 3183 1649 3254 Θεμιστοκλέους
1659 3187 1699 3238 καί

104 3279 160 3311 νον.
176 3259 257 3313 mv.
926 3255 1062 3311 Μιλτιάδου
1077 3257 1203 3330 ἐμνήσθης
1223 3256 1304 3325 ίπειδι]
1327 3259 1415 3314 ίκεῖνοι
1438 3261 1482 3334 μέν
1496 3261 1557 3316 κατά
1572 3264 1700 3336 βαρόάρων

144 3339 188 3402 34,
205 3337 229 3394 5.
242 3337 392 3409 Σωσρόνων]
408 3343 531 3391 συνετῶν·
543 3337 572 3391 τό
584 3337 611 3390 δέ
623 3339 742 3410 γενναίων
758 3339 801 3394 οδκ
812 3339 882 3413 ἴσχυ·
927 3331 1098 3406 ιίιδοιιίμησαν,
1111 3331 1178 3388 οῦτοι
1188 3335 1215 3390 δέ
1224 3336 1286 3390 κατὰ
1303 3335 1347 3403 τὴν
1360 3337 1494 3395 πολιτείαν.
1509 3343 1561 3396 ΒΡ.

105 3421 157 3485 ρῶν
171 3415 254 3480 λέγει,
269 3413 327 3466 ἄλλ’
341 3413 472 3486 ίλευθίρων
482 3415 524 3468 καί
537 3415 652 3486 εθγενῶν.
667 3415 767 3470 mv.
962 3413 1006 3479 34,
1021 3429 1065 3468 οο.
1079 3416 1257 3486 Δαρωτῶντις]
1271 3413 1325 3467 όντί
1337 3419 1380 3468 τοῦ
1391 3417 1476 3470 διόλου
1489 3415 1634 3489 ἐρωτῶντες.
1649 3423 1679 3475 B.

143 3492 178 3545 Οὔ
191 3511 230 3546 τοι
241 3495 388 3564 σωφρόνων]
401 3493 512 3566 Τραχεῖα
526 3493 597 3565 μέν]
612 3493 705 3559 ἴννοια,
720 3493 745 3548 ίν
757 3495 878 3570 δίτῷκα-
962 3491 1006 3556 34,
1022 3493 1065 3546 ο3.
1081 3493 1247 3564 Προπέποτσι]
1264 3493 1319 3547 ἀντί
1336 3499 1385 3548 τῶν
1398 3493 1491 3550 λοιπῶν
1513 3495 1590 3563 ἡδέων
1606 3497 1698 3554 όντιδε-

104 3571 183 3624 θόλου
205 3571 324 3642 λεχθεῖσα
337 3571 462 3643 λειοτίρως
482 3593 533 3634 πως
554 3573 658 3644 γίνεται.
695 3573 795 3648 Μελετᾷ
806 3576 833 3630 δέ
851 3577 881 3631 τδ
925 3572 1032 3642 διόρηται
1051 3577 1099 3626 τῶν
1119 3572 1216 3628 πόλεων
1237 3572 1253 3640 ἡ
1272 3573 1391 3628 έπώλεια.
1431 3573 1485 3630 λιιδ
1506 3580 1640 3648 μεταφορᾶς
1656 3587 1700 3631 τοῦ

104 3653 212 3705 δυνατόν
227 3651 367 3723 κεφάλαιον.
404 3651 475 3724 λέγει
489 3651 537 3724 γάρ
553 3653 591 3705 δτι
604 3652 632 3706 σθ
648 3653 741 3706 δίκαιόν
763 3653 827 3708 ἔστιν
844 3654 883 3710 ίπί
925 3651 1048 3721 προπίνειν
1064 3649 1089 3704 όν
1106 3651 1159 3712 τοῖς
1169 3651 1323 3721 σνμιισσίοις,
1339 3652 1398 3705 όταν
1413 3671 1448 3714 τις
1456 3653 1557 3722 χάριτας
1568 3653 1699 3726 όμολογῶν

103 3728 152 3800 μέν
174 3727 301 3796 Ἕλληνας
311 3729 497 3800 στρατεύεσθαι,
512 3729 552 3784 έπλ
564 3729 590 3782 δέ
605 3729 740 3796 Φιλιππου,
762 3731 882 3804 βάρδαρον
925 3747 973 3782 τινι
983 3728 1155 3799 δεξιωσάμενος
1165 3725 1284 3798 αθτδντῷ
1299 3731 1391 3799 πόματι
1407 3727 1468 3799 μετέ
1480 3733 1524 3782 τοῦ
1538 3734 1614 3784 ποτοῦ
1627 3733 1699 3802 χερί·

103 3807 244 3878 ὄντα,μν]’
258 3807 299 3861 καί
310 3809 347 3861 ότι
358 3809 450 3862 δίκαιόν
463 3807 527 3862 έστιν
537 3807 649 3880 ἐμμένειν
661 3807 698 3872 οίς
708 3808 881 3882 ί]ηριαάμεθα,
926 3825 997 3874 σηται
1018 3805 1083 3876 εθτῷ
1104 3805 1145 3859 καί
1162 3805 1191 3858 κδ
1214 3804 1341 3876 ποτίριον,
1363 3803 1483 3877 έργυροῦν
1502 3807 1532 3861 όν
1551 3807 1698 3878 ἢχρυσοῦν.

104 3885 374 3957 τουσίστιτῷβοηθεῖν
388 3887 440 3948 τοῖς
449 3884 593 3948 Ὀλυνθίοις.
604 3887 636 3940 Π.
870 3949 873 3958 Ι
927 3885 1045 3938 Bfflsp.

143 3965 188 4028 34,
201 3981 228 4034 7.
247 3962 305 4016 ow
324 3962 363 4018 ίπί
379 3963 422 4036 μέν
436 3963 588 4035 Κορινθίους]
606 3962 660 4018 ’λπό
674 3965 796 4018 κοινοῦτδ
810 3960 895 4020 οίνδα-1
962 3963 1006 4028 34,
1021 3977 1065 4032 27.
1082 3961 1166 4014 Καίτοι
1177 3962 1309 4034 σκέψασθε]
1323 3961 1365 4025 Είς
1378 3963 1467 4030 ταύτην
1484 3963 1529 4030 τὴν
1549 3963 1699 4027 άντεξίτασιν
1752 3991 1763 4004 ·

110 4046 163 4102 ταῶς
174 4041 305 4112 σωφρόνων
325 4039 400 4106 ίστίν,
415 4041 470 4096 οθδί
482 4042 612 4114 γενναίων,
634 4039 672 4094 έπί
689 4039 732 4112 μίν
746 4041 883 4112 Κορινθίους
927 4038 1061 4112 ἐχώρησεν,
1074 4039 1103 4106 ἣν
1116 4039 1208 4092 διεῖλεν
1223 4039 1256 4102 τίς
1267 4041 1335 4112 τρία·
1347 4047 1397 4104 πῶς
1409 4041 1452 4112 μέν
1463 4041 1631 4096 ἴπολιτιιίοντο
1643 4043 1701 4114 πρδς

106 4119 304 4191 καιλίεγαρίας,
317 4117 542 4188 όίστινἝλληνας
554 4121 638 4184 όντας,
650 4119 833 4190 στρατεύεσθαι,
844 4120 884 4178 έπί
926 4119 981 4179 τοδε
993 4115 1134 4184 Ἕλληνας,
1148 4121 1199 4180 πῶς
1217 4115 1244 4170 δέ
1264 4115 1377 4188 πρόςιὴν
1397 4118 1480 4184 πόλιν,
1498 4119 1586 4182 νῶςδέ
1602 4119 1633 4174 τδ
1645 4121 1699 4173 καθ’

103 4196 137 4250 δέ
150 4195 283 4262 Φθιιππον,
299 4197 343 4250 τδν
358 4197 477 4269 βάρόαρον
496 4199 571 4264 όντα,
592 4199 637 4269 μή.
673 4197 702 4249 λί
716 4195 743 4250 δέ
763 4197 838 4252 αἰτίαν
858 4200 883 4253 αἱ
927 4195 1024 4258 έαυτοὶις
1036 4195 1208 4266 ίδίᾳ.ΊῸΚΚ.

104 4274 172 4328 κατὰ
185 4275 317 4346 Μεγαρέων
331 4276 373 4328 καὶ
393 4275 524 4346 Κορινθίων
545 4272 625 4330 αθται.
662 4275 693 4329 θί
706 4275 828 4347 Μεγαρεῖς
839 4277 882 4346 ιήν
961 4275 1012 4340 35,
1028 4276 1055 4329 3.
1081 4273 1125 4338 Οίς
1142 4273 1186 4330 οθκ
1204 4275 1357 4347 ίχαρίζονθ]
1370 4275 1400 4329 Κί
1416 4270 1477 4340 οθνς
1493 4276 1549 4338 τοθς
1567 4277 1700 4348 προγόνους

105 4354 203 4423 όργάδα
229 4355 388 4426 παρέτιμνσν,
413 4354 438 4407 οί
463 4354 490 4407 δέ
510 4353 631 4425 Κορίνθιοι
652 4355 803 4426 συνεμάχουν
832 4359 884 4419 τοῖς
926 4348 1212 4424 ίμίσουνοότοικαίοδκ
1229 4353 1343 4426 ίρθουνς
1358 4351 1521 4424 έπάγειεθθθς
1535 4354 1573 4407 ότι
1591 4353 1698 4426 ίρίλουν,

105 4431 264 4502 Μεγαρεῦσι,
287 4431 328 4486 καί
340 4431 381 4484 διλ
393 4435 465 4486 τοῦτο
485 4430 518 4494 εἴς
540 4432 649 4505 πόλεμον
665 4431 796 4500 Ἀθηναίοις
814 4435 883 4487 κατέ·
926 4430 984 4484 ἀλλ’
995 4431 1043 4503 οδχ
1059 4432 1093 4495 ώς
1115 4428 1182 4487 οθτοι
1199 4431 1223 4486 οί
1243 4432 1380 4502 προδόται·
1397 4427 1465 4484 οθτοι
1484 4429 1533 4502 γάρ
1551 4431 1649 4502 ριλοῦσε
1666 4439 1701 4506 τῷ

104 4527 211 4576 στησαν.
241 4507 368 4581 ’θργόςδί
382 4509 522 4578 ίκαλεῖτοθ
537 4512 609 4582 χώρα
624 4509 693 4578 δδιᾶ
707 4509 883 4582 τθόργιατῶν
927 4512 1009 4564 δοκεῖν
1020 4510 1064 4562 καί
1074 4507 1633 4582 χαρζανταιίπίτῷάπολόοαιτέεπρόγματσ.
1647 4509 1699 4563 ΠΡ.

102 4589 181 4650 θεῶν,
196 4585 264 4652 ἢδιδ
275 4586 304 4640 τδ
318 4585 396 4658 άργὴν
406 4585 471 4641 εἴναι
481 4587 523 4642 καί
536 4588 613 4660 όργᾶν
625 4587 650 4641 έν
659 4587 731 4660 αθτῇ.
745 4589 846 4645 TCFV.
963 4588 1007 4652 35,
1021 4589 1047 4642 5.
1057 4587 1131 4642 Πέντε
1146 4589 1204 4659 μέν]
1218 4588 1271 4650 Πῶς
1282 4589 1460 4658 τετταράκοντα
1474 4587 1515 4640 καί
1524 4589 1594 4641 πέντε
1608 4591 1650 4638 νῦν
1665 4586 1699 4640 εί·
1749 4617 1756 4628 ·

147 4660 207 4717 Ἐπί
218 4663 262 4734 μίν
276 4663 414 4736 Κορινθίους
423 4665 464 4719 καί
472 4665 837 4738 Μεγαρίας]Ἕλληναςόντος.
849 4671 881 4721 Α.
926 4665 979 4721 πων
993 4665 1019 4719 έν
1028 4665 1102 4738 έτίριρ
1108 4666 1178 4739 λόγιρ
1186 4667 1241 4738 τρία
1250 4665 1291 4720 καί
1298 4665 1467 4736 έδδομηκοντα
1475 4663 1542 4736 άρξαι
1548 4669 1597 4718 τῶν
1607 4662 1699 4732 Ἓλλη-

147 4740 206 4797 ’Ππλ
215 4743 258 4814 μέν
268 4743 422 4817 Κορινθίοις]
433 4745 593 4818 Παράδειγμα
605 4747 740 4816 πρόσφορον
753 4743 883 4816 είσνίγαγεν
926 4763 975 4798 νων
988 4747 1061 4816 φησίς
1076 4746 1118 4798 δεῖ
1123 4745 1171 4816 γὰρ
1187 4741 1251 4798 εἴναι
1264 4743 1336 4815 έγγθς
1347 4744 1390 4797 τόν
1402 4743 1518 4815 άριθμόν·
1535 4741 1601 4808 οἷον,
1616 4743 1630 4795 δ
1643 4747 1700 4806 παῖς

104 4818 199 4882 αὺτοῖς.
220 4821 339 4893 Πολέμων
353 4821 402 4894 γάρ
413 4824 532 4894 μέμνηται
545 4824 587 4876 καί
596 4823 789 4894 κατορθωμάτων
803 4821 884 4884 σθτοῖς
926 4819 996 4884 οὗτος
1005 4821 1122 4892 ὀδδαμῶς
1137 4823 1188 4894 [όν]
1203 4841 1238 4884 τις
1255 4821 1319 4876 εἴποι
1335 4823 1373 4875 ότι
1390 4826 1463 4892 τριῶν
1481 4820 1541 4875 ίτῦιν
1557 4819 1623 4876 ἴστιν
1635 4821 1651 4888 ἢ
1665 4821 1699 4875 εἴ-

103 4897 165 4950 άνευ
175 4900 291 4970 καμάτων
307 4901 349 4953 καὶ
362 4901 455 4967 πόνων,
468 4900 595 4956 ’ίναταθτὰ
606 4901 724 4972 νομίσωσι
738 4899 779 4952 καί
789 4897 829 4954 ίπί
841 4905 884 4954 τοῦ
928 4917 1013 4964 κοσιν,
1034 4898 1102 4952 έλλέι
1119 4905 1191 4969 τριῶν
1212 4900 1227 4966 ἢ
1247 4901 1370 4971 τεσσέρων
1390 4899 1406 4966 ἢ
1426 4899 1511 4952 πέντε·
1528 4899 1601 4971 ίγγθς
1617 4899 1665 4970 γάρ
1686 4901 1700 4953 ό

104 4980 236 5047 παρόντας.
273 4979 410 5050 Κορίνθιοι,
427 4979 590 5052 λελυπημένοι
608 4979 662 5032 κατ’
678 4977 820 5045 Ἀθηναίων,
839 4997 884 5031 κα-
927 4977 1036 5048 ἀριθμός.
1074 4978 1182 5049 Δίγομεν
1197 4973 1241 5031 οθν
1256 4979 1295 5032 ότι
1308 4977 1454 5050 προαίθηκεν
1469 4977 1572 5032 ίνταῦθα
1586 4977 1615 5032 τδ
1635 4977 1700 5034 έκόν·

103 5055 207 5116 λοῦντες
222 5055 312 5119 πάντας
332 5055 460 5124 Ἕλληνας
473 5057 506 5120 είς
521 5057 552 5112 τὰ
572 5058 672 5128 Ἰσθμια
685 5053 771 5124 (κοινὴ
789 5056 837 5128 γὰρ
852 5053 882 5124 ἦν
926 5077 988 5112 των·
1007 5059 1037 5112 τέ
1048 5058 1096 5129 γὰρ
1108 5057 1174 5111 έλλα
1185 5057 1251 5114 όκτόι
1263 5061 1304 5113 καί
1325 5057 1416 5114 εἴκοσιν
1429 5057 1471 5126 ίτη
1492 5059 1602 5114 ἀκόντων
1621 5059 1699 5113 αθτῶν

104 5133 290 5207 ἢπειννίγνρις]
305 5135 360 5197 τοθς
373 5134 510 5203 Ἀθηναίους
523 5140 643 5208 παρῆκαν.
680 5129 815 5201 Οότοι,ώς
829 5137 882 5189 θεο·
927 5132 1010 5208 ἦρξαν,
1023 5137 1064 5188 διέι
1084 5137 1113 5190 τό
1134 5137 1245 5209 έπαχθῶς
1254 5139 1364 5210 φέρεσθαι
1378 5135 1550 5206 τοῦςἜλλησι
1565 5139 1620 5194 τοδε
1635 5137 1700 5204 1Αθη-

104 5211 187 5274 σεόεῖς
202 5212 286 5275 όντις,
302 5212 410 5284 ἔπεμψαν
424 5211 469 5280 τὴν
485 5215 569 5268 θυσίαν
588 5213 650 5286 μετέ
665 5213 784 5279 ὁπλιτῶν,
800 5213 846 5282 ἵν’,
861 5213 883 5268 εἴ
927 5215 1016 5276 ναίους.
1031 5215 1083 5269 BP.
