4158 6114
858 421 1106 484 FRAGMENTA.

184 551 347 612 Πολυεύκτου
363 548 421 626 περί
435 555 478 608 τοῦ
499 549 710 628 διαγράμματος·
724 578 735 604 ι
752 542 820 610 οὗτοι
830 551 955 635 πολλάκις

182 635 278 716 σίγορίις
299 641 471 695 ποιοῦνται.»
497 638 606 706 Μήποτε
628 638 684 695 σίντὶ
700 643 745 696 τοῦ
764 637 881 706 συνόδους
901 643 954 698 νῦν.

183 723 312 800 Σημαίνει
325 721 350 780 δὲ
364 723 408 780 καί
416 723 491 800 ἕτερα
499 723 669 798 τοῦνομαῦί.
680 727 779 804 fragm.
792 729 953 804 cantabrig.

181 839 210 893 p.
228 819 301 888 664,
320 819 469 893 113Belsk.
486 820 640 896 duesdp.
656 822 728 895 330,
744 841 789 877 ιο.

538 906 602 980 ι89.

220 993 299 1048 Idem
315 989 579 1058 ιἊνασυντάξας
591 991 647 1049 tert
662 995 707 1049 τοῦ
722 991 818 1052 άνωδεν
831 992 965 1072 συντάξας,

181 1077 320 1156 Ὑπερίδης
333 1077 400 1135 κατὰ
414 1077 572 1136 Πολεύκτου.

539 1186 601 1240 ¹9⁰·

221 1250 301 1308 Idem
311 1267 319 1308 ε
331 1249 432 1328 Διάγρ
441 1273 482 1326 αμ
491 1274 565 1328 μα...
578 1251 608 1308 τὸ
620 1251 774 1326 ταττόμενον
784 1255 873 1319 ίνταῑς
888 1278 954 1328 συμ-

171 1336 390 1417 ’ριορίειηόιτόσσν
401 1337 509 1394 ἕκαστον
522 1338 602 1416 ἄνδρα
612 1339 735 1418 εἰσφέρειν
749 1339 797 1400 δεῖ.
813 1339 955 1400 Ἐτοίττετο

180 1422 209 1480 δί
228 1425 256 1482 οὐ
270 1423 299 1478 τίο
314 1421 376 1479 αὐτὸ
395 1433 483 1494 πᾶσιν,
502 1421 569 1480 σἰλλίτ
582 1421 645 1502 πρὸς
659 1423 704 1493 τὴν
723 1425 828 1498 τίμησιν
848 1431 894 1496 τῆς
911 1429 954 1485 οὗ·

181 1510 250 1576 σίας.
265 1509 331 1588 Περί
347 1509 374 1566 δί
388 1509 482 1567 rodomi
498 1508 648 1588 sopierunt
663 1511 806 1581 δεδήλωκεν
817 1512 954 1590 Ὑπερίδης

181 1598 207 1652 ἐν
223 1599 260 1674 τῷ
280 1595 348 1654 κατίε
363 1595 527 1654 Πολυεύκτου
541 1596 600 1674 περί
618 1597 823 1674 διαγράμματος.
837 1603 954 1681 druppa-

907 1685 914 1706 Ι

181 1681 241 1760 φείις
259 1681 346 1758 μέντοι
362 1683 430 1742 ἐστίν
447 1685 460 1740 ὁ
478 1683 664 1758 καθιστάμενος
677 1687 703 1741 ἐν
722 1688 779 1750 ταῖς
797 1707 954 1762 συμμοριαις

933 1773 940 1794 Ι

180 1771 224 1828 iret
238 1773 275 1847 τῷ
288 1769 417 1846 διακρῖναι
430 1767 509 1826 πόσον
520 1767 628 1835 ἕκαστος
642 1770 706 1848 ἀνὴρ
719 1772 870 1848 εἰσενεγκεῖν
884 1773 953 1847 ὄρει·

180 1857 235 1926 λιι,
249 1858 283 1920 ῶς
298 1859 312 1912 ὁ
327 1855 402 1920 αὐτὸς
418 1854 495 1912 πάλιν
515 1855 622 1935 φανερόν
639 1860 709 1915 ποιεῖ
720 1860 745 1914 έν
759 1861 796 1937 τῷ
810 1856 877 1916 κατὰ
900 1861 953 1917 Πο·

179 1941 313 2002 λυεύκτου.
329 1943 372 2000 cf.
387 1943 421 1998 ir.
445 1962 511 2014 127.

219 2117 321 2173 illem-2
340 2049 687 2194 Oopyit·ro·¹9i¹urpl3r,e
706 2117 732 2174 έν
752 2121 788 2195 τῷ
811 2117 878 2174 κατά
892 2120 952 2176 Πο-

179 2201 312 2261 λυεύκτου.
341 2199 438 2278 Ἑορτή
454 2200 551 2259 ἐστιτὰ
566 2203 704 2279 Θαργήλια
715 2248 727 2277 ,.
736 2203 827 2280 ἄγεται
841 2203 867 2262 δὲ
881 2205 952 2283 Θαρ-

178 2291 286 2366 γηλιῶνι
300 2287 376 2364 μηνί,
390 2285 415 2354 ός
428 2290 496 2346 ἐστιν
509 2287 677 2356 Ἀπόλλωνος.

219 2461 298 2519 idem
315 2481 322 2522 :
338 2397 621 2528 'Ossolooroielgcmi'
635 2463 721 2542 ἔλεγον
736 2463 793 2530 τοὺς
807 2465 949 2538 δανειστάς,

177 2550 212 2613 ῶς
223 2547 294 2626 παρά
307 2569 336 2605 τε
346 2547 471 2626 Ὑπερίδῃ
486 2551 512 2606 ἰν
526 2553 564 2628 τῷ
574 2549 642 2606 κατά
654 2549 817 2608 Πολυεύκτου
831 2551 875 2608 καί
888 2554 950 2610 πολ·

178 2635 251 2700 λάκις
265 2638 291 2691 ἐν
306 2659 339 2713 τη
351 2635 486 2714 κωμῳδίᾳ.
499 2638 541 2696 Cf.
556 2639 641 2710 Lysia
655 2638 689 2694 fr.
711 2637 764 2694 156
778 2649 805 2694 et
817 2657 882 2698 sor.

177 2777 308 2834 valtt.
333 2775 424 2834 ΠΕΡΙ
453 2775 816 2922 ΤίρῑῖγΓίἒῗγγΥΕΥΚΤΟΝ
842 2779 953 2838 ΣΤΡΑ-

218 3072 316 3127 Idem:
339 3065 472 3129 Ἀκτιιυ
498 2985 637 3150 ‘igilur
658 3073 683 3128 ἰν
702 3073 739 3146 τῷ
753 3069 813 3150 περί
832 3073 877 3128 τοῦ
896 3073 950 3130 Πο·

176 3156 299 3216 λύευκτον
313 3161 477 3236 στρατηγεῖν.
488 3156 578 3216 Ἄκτια
592 3156 661 3232 άγύιν
674 3157 784 3222 παλαιὸς
798 3149 846 3228 ἧν,
859 3161 894 3223 ὡς
907 3159 949 3228 tt·

175 3246 222 3302 λον
235 3252 302 3303 ποιεῖ
318 3243 487 3321 Καλλίμαχος
501 3247 527 3305 ἰν
542 3247 580 3323 τῷ
594 3245 653 3322 περί
668 3244 783 3320 ἀγώνοιν.

174 3413 319 3471 premente:
332 3428 344 3452 ι
354 3410 393 3459 lsd
401 3423 464 3471 srepe
475 3409 567 3472 ἀγοράς,
577 3413 715 3468 conciones,
724 3411 819 3460 lrobeut.
831 3430 843 3454 ν
855 3414 949 3460 Fortes·

175 3481 209 3528 sis
223 3480 268 3528 troo
282 3479 334 3528 loco
345 3481 431 3541 ἀγορὰς
443 3481 531 3528 dicitnr
545 3491 587 3540 pro
603 3480 730 3539 συνόδους,
746 3480 870 3540 coucilia,
889 3492 950 3529 cou-

175 3551 276 3598 oeneus.
292 3551 403 3598 Ceterum
419 3563 464 3598 vox
480 3547 519 3596 ills
532 3547 604 3596 etism
618 3549 663 3596 sliu
679 3549 804 3610 signiticst.

205 3687 381 3749 Ἆνασωτάξσς,
401 3689 442 3751 qni
467 3699 553 3736 census
584 3698 624 3746 per
655 3687 796 3748 symmoriss
820 3687 950 3749 descriptos

174 3757 254 3807 denuo
267 3758 396 3808 constituit.
411 3756 542 3820 Hyperides
556 3755 579 3804 iu
594 3769 632 3804 or.
647 3761 729 3806 ooutro
742 3757 901 3818 polyeuctum.

205 3893 358 3956 Διάγρτμμα,
372 3897 490 3943 sistulum
504 3894 621 3942 tributum
636 3893 698 3954 quod
713 3905 908 3955 unumquemque
923 3892 948 3941 in

173 3964 310 4024 symmoriis
325 3965 432 4012 conterre
451 3964 588 4025 oportebat,
607 3976 654 4012 nou
673 3963 736 4012 euim
753 3963 815 4012 ilem
832 3963 949 4014 tributum

172 4033 285 4080 omuibus
303 4033 470 4094 imperabatur,
487 4033 528 4081 sed
550 4033 602 4080 eliis
619 4033 682 4080 sum
705 4046 748 4093 pro
761 4045 833 4081 ceusu
853 4033 949 4081 inculte·

174 4108 235 4151 tum.
250 4107 284 4151 tle
297 4103 334 4152 tris
345 4105 494 4164 apertissime
510 4104 620 4164 exposuit
637 4103 766 4163 tryprmtm
781 4105 804 4150 io
820 4116 855 4150 or.
868 4109 950 4151 oootru

174 4171 329 4230 t‘olyeuctum
346 4171 375 4220 de
393 4173 475 4220 tribuli
492 4172 658 4234 descriptione.
673 4171 815 4234 Διαγραρεύς
829 4171 950 4220 dicebatur

174 4239 195 4286 is
208 4242 249 4300 qui
262 4241 285 4287 iu
301 4241 436 4302 symmoriis
450 4242 595 4290 constituitis
606 4244 668 4300 εειί,
683 4247 709 4288 ιιι
727 4243 858 4299 statueret,
873 4253 951 4301 qusu-

173 4311 225 4356 tum
243 4309 344 4370 ortisque
358 4311 465 4360 conterre
479 4311 588 4369 deberet,
602 4315 628 4359 ut
645 4311 707 4359 tderu
722 4311 852 4372 Hyperides
871 4309 894 4358 in
912 4323 948 4359 or.

175 4382 260 4427 contre
274 4382 431 4441 polyeuctum
443 4380 556 4430 declaret.

537 4453 588 4497 titt.

204 4523 330 4584 θαργηλισι.
360 4524 491 4584 Hyperides
516 4524 540 4572 iu
559 4529 618 4573 orsi.
647 4525 759 4572 aduersus
785 4525 947 4586 uotyoucsum.

171 4592 296 4652 'ilisrpelis
309 4595 395 4642 testum
409 4597 457 4652 est,
468 4595 532 4656 qood
552 4607 632 4644 mense
643 4595 813 4657 Tirsrgeltono,
830 4595 870 4656 qul
884 4607 949 4644 secer

172 4662 290 4725 Apollini,
301 4663 442 4712 celebretur.
536 4727 578 4773 m

204 4791 387 4850 ’06ολοστάτος,
401 4792 557 4854 feneratores,
578 4791 679 4854 utepud
700 4791 843 4854 Hyperidem
864 4791 887 4840 iu
911 4805 946 4842 or.

170 4866 254 4910 contre
269 4863 423 4924 Polyeuctum
435 4865 459 4914 et
471 4863 494 4912 in
505 4862 621 4912 comodis
638 4864 779 4925 frequenter.

165 4967 277 5018 xevttl.
289 4969 330 5016 DE
339 4969 525 5020 contencio
535 4973 574 5020 iix
580 4971 704 5020 suctum
719 4969 850 5018 PRAEFlCi
857 4973 947 5018 suun.

202 5139 295 5198 Ἀκτια,
308 5137 338 5188 de
349 5151 397 5200 qno
408 5072 643 5200 Ηγδεεὶιίσύίιίοεοί.
655 5137 684 5188 de
696 5140 799 5200 prolum
813 5137 943 5200 eotyeoott,

1714 443 1772 492 423

1360 565 1422 634 194.

1040 658 1125 716 Bekis.
1137 662 1191 718 An.
1203 679 1231 734 p.
1246 661 1295 731 78,
1314 661 1347 716 18
1361 683 1367 716 :
1382 660 1431 720 Ἀλ
1441 684 1449 717 ι
1456 662 1569 737 μενία,
1583 661 1737 742 Ὑπερείδης
1748 668 1774 723 ἰν

1001 745 1038 822 τῷ
1053 746 1171 816 περὶτοῦ
1187 744 1349 804 Πολύευκτον
1368 757 1533 827 στρατηγεῖν.

1042 833 1139 888 Ροίἰυιι
1154 833 1182 900 i,
1200 854 1249 889 ιοι
1268 852 1275 891 :
1292 831 1432 910 ‘l'nepidryc
1447 837 1473 892 δὲ
1489 835 1533 894 κτί
1547 836 1629 911 ὄνομα
1648 838 1772 908 ἐποίησε·

1001 943 1012 965 ν
1027 921 1077 972 τῶν
1089 915 1175 974 τόπων
1188 917 1235 987 τὴν
1248 919 1393 994 οἰλιμενίοιν.
1409 947 1420 970 s

1358 1021 1420 1095 195.

1040 1114 1228 1186 Harpocratio
1249 1135 1256 1169 ι
1279 1111 1422 1173 Ῥόδιον·
1448 1113 1587 1194 Ὑπερίδης
1609 1119 1634 1174 ἐν
1657 1121 1694 1198 τῷ
1714 1120 1774 1197 πιρί

1000 1201 1044 1253 τοῦ
1055 1195 1217 1256 Πολύευκτον
1230 1211 1395 1278 στρατηγεῖν.
1405 1200 1504 1260 Ῥόθιον
1516 1204 1633 1260 καλεῖται
1644 1205 1715 1282 παρδι
1730 1207 1774 1264 τὸν

1001 1283 1071 1362 ῥόθου
1091 1284 1135 1343 τὸν
1150 1289 1179 1344 ἰκ
1201 1289 1252 1344 τῶν
1269 1291 1365 1345 κωπῶν
1387 1288 1553 1364 άκουόμενον,
1572 1289 1634 1348 όταν
1658 1294 1774 1373 σφοδρῶς

1000 1369 1152 1430 ἐλαύνωσιν.
1168 1371 1288 1449 Τοῦνομα
1306 1374 1376 1452 παρίι
1390 1377 1494 1440 πολλοῖς
1517 1377 1560 1433 καί
1575 1379 1637 1452 παρ’
1654 1377 1774 1453 Ἄριστο-

1000 1458 1074 1532 φάνει
1086 1460 1111 1516 έν
1126 1455 1247 1517 Ἱππεῦσι
1261 1461 1305 1516 καί
1319 1461 1467 1540 Θουκυδίδῃ
1484 1463 1509 1518 ἰν
1522 1463 1554 1521 δ’.
1577 1466 1675 1520 Suidas
1686 1486 1712 1524 v.
1729 1466 1773 1545 ῥό-

1000 1545 1073 1601 διονε
1090 1543 1231 1622 Ὑπερίδης
1242 1549 1279 1622 τῷ
1294 1547 1371 1626 ῥοθίῳ
1383 1551 1424 1605 ἰπ’
1441 1549 1550 1627 εἰρεσίας
1568 1549 1695 1627 κέχρηται
1709 1575 1773 1608 συν-

999 1631 1152 1702 τονοιτάτης·
1168 1635 1244 1709 φησίν
1260 1623 1317 1690 σύν·
1338 1660 1349 1684 ι
1365 1633 1457 1710 τὸμὲν
1480 1626 1523 1692 σύν
1543 1638 1593 1692 τῶν
1615 1638 1772 1694 ε’λτυνόντοιν

999 1720 1095 1787 πλῆθος
1108 1717 1152 1776 καί
1170 1717 1213 1775 τδν
1233 1724 1277 1778 τοῦ
1293 1720 1378 1798 polion
1400 1721 1481 1800 ψύρον
1496 1721 1540 1778 καὶ
1557 1723 1585 1780 τὸ
1605 1725 1711 1802 μέγεθος
1727 1732 1772 1784 τοῦ

999 1805 1112 1884 σκάρους
1127 1807 1334 1883 ἐκπεπληγμένοι
1348 1810 1435 1872 δεινῶς
1449 1799 1526 1878 ἦσαν.
1542 1835 1553 1858 υ

1039 2011 1042 2018 Ι
1129 1941 1234 2000 XLIX.
1251 1941 1361 2002 ΠΡΟΣ,
1374 1943 1641 2003 nottelmus.

1354 2099 1364 2135 r
1390 2081 1419 2138 6.

1038 2175 1225 2247 Harpocratio
1245 2191 1252 2231 :
1276 2101 1493 2245 Κυδαίτίδης·
1521 2175 1659 2252 Ὑπερίδης
1683 2179 1710 2236 ἰν
1734 2183 1772 2258 τῷ

996 2257 1063 2401 γγρδς
1086 2257 1257 2319 Πολύευκτον.
1275 2259 1363 2337 Δῆμός
1381 2263 1435 2319 ἐστι
1452 2265 1498 2332 τῆς
1518 2259 1642 2339 Αἰγηίδος
1664 2267 1772 2324 Κυδαν-

1022 2345 1075 2404 δαι.

1036 2430 1113 2488 idem
1129 2453 1158 2490 ν.
1174 2433 1306 2510 συμμορία
1325 2453 1333 2492 t
1350 2431 1489 2510 Ὑπερίδης
1504 2435 1527 2490 δ’
1538 2435 1564 2492 ἐν
1583 2439 1620 2516 τῷ
1628 2437 1696 2515 πρὸς
1713 2441 1770 2500 Πο-

995 2515 1115 2576 λύευκτόν
1128 2541 1218 2595 φησιν·
1231 2520 1280 2576 εἰσί
1293 2517 1343 2598 γάρ
1355 2520 1421 2597 ἰντῇ
1432 2519 1564 2600 συμμορίᾳ
1575 2524 1672 2603 ἑκάστῃ
1687 2523 1715 2581 ιε’
1727 2525 1770 2584 άν.

996 2605 1062 2680 δρες.
1073 2607 1114 2662 ef.
1132 2607 1165 2664 su.
1182 2605 1245 2676 ι’πγ.
1260 2627 1289 2664 v.
1305 2626 1388 2682 supro
1401 2621 1472 2666 orni.
1488 2608 1511 2666 l.

1018 2739 1051 2794 L.
1073 2735 1179 2794 ΥΠΕΡ
1201 2734 1281 2794 ΤΟΥ
1303 2735 1555 2794 ΠΥΡΡΑΝΔΡΟΥ
1579 2737 1745 2796 ttuttpot.

1351 2894 1415 2950 ¹97·

1036 2987 1244 3059 Harpocratio:
1268 2985 1449 3049 Κακώσεως
1464 2983 1536 3054 δίκης
1550 2984 1631 3060 ὄνομά
1648 2987 1702 3044 ἐστι
1716 2987 1772 3050 ταῖς

996 3092 1023 3126 τε
1043 3070 1191 3149 ἰπικλήροις
1204 3070 1272 3127 κατδι
1289 3075 1341 3128 τῶν
1360 3071 1558 3146 γεγαμηκότων,
1573 3071 1617 3130 καί
1640 3071 1706 3132 κατίι
1720 3077 1770 3130 τῶν

995 3157 1094 3214 παίδων
1103 3161 1154 3223 τοῖς
1163 3156 1330 3233 γονεῦσι,καί
1342 3155 1411 3214 κατίι
1424 3161 1475 3216 τῶν
1487 3161 1633 3236 ἐπιτρόπων
1644 3170 1694 3226 τοὶς
1704 3160 1769 3235 ύπίρ

997 3247 1047 3301 τῶν
1060 3245 1177 3322 δρρανῶν
1189 3243 1333 3319 [ἰπείιοῦσι
1346 3243 1480 3320 διδομένης
1491 3245 1511 3321 ]·
1524 3245 1690 3320 Δημοσθένης
1703 3245 1771 3304 κατὰ

994 3415 1064 3460 uetus
1081 3413 1198 3460 orrtomen
1215 3414 1297 3471 erunt,
1310 3415 1336 3460 ut
1351 3412 1508 3460 cuttimocuur
1530 3411 1600 3461 docel
1613 3413 1635 3460 iu
1657 3425 1728 3474 opere
1741 3412 1771 3460 de

994 3479 1173 3529 certaminibus.
1358 3546 1398 3590 m

1025 3610 1153 3670 Ἀλιμενίει,
1164 3611 1287 3670 portuum
1300 3607 1432 3668 defectus,
1453 3609 1537 3668 legitur
1549 3609 1611 3671 opud
1626 3609 1770 3671 Hyperidem

994 3679 1066 3726 inor.
1085 3678 1115 3727 de
1133 3679 1261 3738 Polyructo
1277 3679 1390 3725 exercitui
1404 3678 1560 3738 proiciendo.
1580 3705 1610 3718 -
1623 3679 1769 3740 Hyperides:

994 3767 1005 3786 a
1019 3753 1129 3808 portuum
1144 3747 1167 3794 in
1182 3747 1218 3794 iris
1230 3746 1287 3794 iocis
1298 3745 1413 3794 deiectus.
1426 3766 1437 3788 ο

1359 3825 1409 3870 tes.

1023 3892 1119 3941 'Pidrou
1134 3890 1263 3953 Hyperides
1283 3891 1308 3939 iu
1325 3903 1359 3938 or.
1379 3891 1409 3940 de
1423 3893 1525 3952 prmtrrrs
1539 3893 1667 3955 l‘olyeurli.
1682 3893 1770 3942 Ῥόόιον

993 3973 1006 4009 ο
1025 3961 1091 4024 ῥόθος
1109 3960 1207 4018 dicitur,
1223 3959 1287 4020 qrrod
1305 3959 1420 4020 siguificat
1440 3961 1568 4022 strepitum
1587 3975 1706 4010 remorum
1728 3966 1769 4023 uui

993 4032 1090 4079 nuditer
1102 4043 1177 4092 quum
1190 4031 1288 4088 remiges
1301 4043 1395 4078 summo
1413 4032 1565 4080 contentione
1578 4032 1703 4094 remigant.
1718 4035 1769 4094 lly-

994 4100 1087 4161 perides
1099 4113 1157 4149 soce
1168 4101 1242 4161 ῥόθιον
1256 4113 1314 4146 usus
1327 4103 1364 4147 est
1375 4099 1405 4148 de
1421 4099 1575 4160 remigstlone
1593 4102 1696 4150 maxime
1710 4115 1768 4150 eori-

993 4174 1067 4219 teuts.
1083 4170 1122 4219 Ait
1139 4171 1202 4218 euim
1215 4187 1248 4218 :a
1269 4169 1442 4230 Hemigsutium
1462 4169 1534 4230 igitur
1551 4170 1726 4220 multitudinem
1745 4176 1769 4219 et

994 4251 1112 4286 remorum
1130 4239 1255 4299 strepitum
1273 4241 1297 4287 et
1315 4237 1500 4300 magnitudinem
1515 4241 1583 4290 ueris
1598 4253 1654 4290 cum
1673 4245 1770 4304 stupore

993 4307 1101 4356 admirati
1116 4311 1180 4356 suut.
1193 4327 1205 4350 ν

1133 4393 1208 4442 xllx
1232 4393 1392 4441 ADVERSUS
1410 4395 1629 4444 postulemus.

1024 4545 1171 4604 liudewitus.
1188 4544 1319 4607 Hyperides
1332 4547 1355 4594 in
1367 4559 1403 4596 or.
1416 4549 1529 4596 erlversus
1542 4551 1703 4612 polyeuctum.
1721 4554 1766 4612 cy·-

992 4614 1096 4664 dsntidre
1111 4629 1182 4677 pagus
1195 4620 1232 4664 est
1244 4616 1359 4664 AEontidis
1375 4617 1460 4666 tribus.

1024 4685 1156 4744 Hyperides
1173 4685 1198 4732 in
1215 4697 1251 4732 or.
1270 4683 1385 4733 adversus
1399 4686 1554 4745 Potyeuctum
1575 4685 1632 4734 dicit
1653 4703 1659 4733 ι
1678 4704 1689 4728 ι
1711 4691 1766 4734 suut

991 4752 1092 4800 enimin
1107 4753 1205 4812 singulis
1220 4753 1356 4815 symororiis
1370 4755 1414 4802 siri
1427 4753 1570 4814 quindecim.
1586 4775 1597 4798 ο

1085 4833 1111 4882 l..
1124 4833 1166 4882 DE
1183 4836 1389 4886 ut'uttHsHtlttt
1407 4841 1617 4890 HEREDITATE.

1022 5001 1167 5058 Κακώσεως,
1179 4997 1255 5048 muln
1266 4933 1445 5059 ἰνσσῖαίῶίίίε,
1460 5012 1545 5047 nomen
1557 5001 1592 5048 est
1602 4999 1699 5048 sotionis
1710 5013 1766 5061 qrrre

991 5071 1092 5120 debetur
1105 5069 1188 5131 portellis
1204 5067 1330 5116 trermlibus
1348 5071 1462 5115 adversus
1473 5069 1584 5128 iuuentus,
1597 5070 1621 5116 et
1631 5069 1766 5130 parentibus

991 5140 1105 5190 aduersus
1117 5138 1190 5198 titios,
1202 5141 1225 5186 ot
1240 5137 1381 5199 pupillorum
1396 5135 1559 5188 ddensoriuos
1573 5137 1686 5186 advorsus
1698 5144 1764 5186 tuto-
