4114 6088
682 445 734 504 ΙΙΙ.
759 445 863 504 ΚΑΤΑ
887 443 1175 506 Κ’ί“ΙίΣίΦέίΝΤΟΣ.
1674 463 1728 514 511

119 575 277 647 ἐπρυτάνευε,
294 573 335 626 καὶ
351 573 439 640 ταύτης
453 573 514 636 τινές
527 569 589 642 ἦσαν
609 575 735 645 πρόεδροι,
757 573 799 650 καί
811 573 904 628 τούτων
990 575 1189 648 Προόάλλονται]
1202 575 1367 650 προκάλυμμα
1376 583 1503 634 ποιούνται
1512 583 1554 647 τῆς
1562 579 1688 652 αἰσχύνης.
1695 586 1735 639 Μ,

120 661 214 727 πρῶτος
228 652 242 705 ύ
258 651 702 724 ἐπιστάῖύςιύετιρῶτοςέπεήήριξεν.
739 650 820 706 Ἦσαν
833 649 908 706 δέού-
989 655 1175 726 Προσγράφουσι
1189 659 1199 727 ]
1215 657 1249 709 Τδ
1275 659 1427 729 προσγράψαι
1452 659 1549 713 ἐπειδάν
1576 679 1612 722 τις
1634 659 1733 724 εύθύνας
1763 711 1765 714 .

120 755 158 789 τοι
172 732 305 804 κληρωτοί.
343 731 424 798 Φησίν
439 727 481 785 ούν
492 733 530 785 ότι
542 731 570 785 ού
579 732 703 803 κληρωτοί
717 727 779 798 ἦσαν
789 732 813 786 οί
827 733 909 803 ἐπιύη·
953 732 998 804 δήύ.
1013 735 1052 788 Μ.

120 814 234 883 φίσαντες
245 811 301 864 ούδέ
313 811 424 882 νομίμως
437 809 565 882 εἰληχότες
577 810 739 881 προεδρεύειν,
754 810 821 864 άλλδ
834 831 910 866 κατα-
989 813 1088 884 Λόγον]
1100 812 1158 868 άντθ
1170 817 1214 866 τού
1226 813 1374 887 άπολογίαν.
1413 816 1460 869 Καί
1470 815 1519 888 γάρ
1536 817 1562 872 ἐν
1575 820 1629 880 τοῖς
1646 818 1738 873 Φιλιπ-

122 891 251 946 σκευαστοί
261 891 303 944 καί
315 887 442 961 ἐγκάθετοι
453 891 610 945 σπουδασταί.
648 888 720 952 Εἰκύς
730 889 757 944 δέ
767 893 911 962 πανουργεῖ-
929 909 933 1012 Ι
953 893 1034 954 ποιοῖς
1045 891 1060 944 ό
1070 893 1227 963 Δημοσθένης
1237 897 1281 966 (p.
1296 911 1344 960 εο,
1359 910 1392 964 27
1404 895 1425 967 )·
1442 917 1453 944 ι
1467 894 1523 949 ούδθ
1535 895 1583 967 γθιρ
1597 896 1673 962 λόγος
1684 897 1740 952 ούδέ

123 971 179 1024 σθαι
200 970 256 1041 περί
273 967 317 1031 τδς
333 968 509 1039 διισιληρεύσεις
526 967 609 1034 τινας,
630 968 672 1022 καί
691 967 840 1023 ύπωνεῖαθαι
855 969 910 1032 τούς
954 969 1048 1040 σκῆψις.
1065 972 1149 1026 »m

122 1049 236 1120 κλήρους,
251 1047 292 1101 καί
300 1047 384 1108 άλλως
392 1067 444 1109 πως
454 1048 665 1118 πραγματεύεσθαι
677 1048 737 1118 πρδς
745 1047 774 1101 τδ
784 1048 864 1102 δοκεῖν
875 1048 910 1102 εἰ·
993 1066 1033 1106 εσ.
1055 1051 1183 1122 Κτησιφῶν
1196 1052 1242 1119 δέ]
1255 1050 1338 1105 Εἰπὼν
1349 1050 1373 1104 οί
1384 1050 1427 1122 μέν
1438 1052 1531 1122 μέτριοί
1542 1051 1613 1118 εἰσιν,
1628 1053 1676 1106 ἔδει
1688 1054 1741 1108 ἐπε·

123 1127 237 1198 ληχίναι.
279 1125 408 1197 Ἐγίνοντο
420 1127 469 1196 γάρ
479 1145 555 1194 τινες,
574 1127 607 1189 ὡς
623 1125 735 1198 εἰπομεν,
749 1127 874 1199 κληρωτοί
887 1126 912 1190 ἐξ
954 1131 1051 1200 νεγκεῖν
1066 1129 1090 1182 οί
1104 1129 1131 1182 δέ
1151 1129 1273 1196 ἀναιδεῖς,
1288 1127 1324 1182 ὧν
1347 1129 1399 1184 ἐστι
1418 1130 1557 1201 Κτησιφῶν.
1598 1131 1628 1184 Ὁ
1645 1133 1672 1186 δὲ
1692 1133 1740 1203 ούχ

124 1207 184 1260 δλου
193 1210 236 1260 τού
245 1207 326 1278 δήμου
336 1201 535 1276 πρόεδροι.ούτοι
547 1205 574 1259 δέ
588 1205 650 1276 μετὰ
666 1209 710 1272 τῆς
722 1207 911 1278 προεφρευούσης
954 1209 1031 1272 οὕτως
1042 1209 1165 1277 ἐποίησεν,
1181 1210 1239 1263 ἀλλ’
1257 1233 1269 1260 ι
1285 1211 1310 1262 σί
1327 1209 1370 1280 μίν
1384 1210 1453 1280 φύσει
1468 1211 1574 1281 μέτριοι,
1585 1211 1601 1264 ό
1612 1212 1639 1266 δὲ
1651 1213 1740 1281 Κτησι-

122 1285 201 1355 φυλῆς
208 1283 373 1351 ἐκάθηντοωί
379 1281 522 1355 ἐπεψήφιζον
528 1284 773 1358 τάδοκούντατῇόλῃ
780 1286 910 1358 βουλῇΜ.
953 1293 1005 1358 φῶν
1016 1287 1185 1359 ύπερπηδήσας
1198 1289 1241 1342 τδν
1253 1289 1331 1360 νόμον
1345 1311 1357 1338 ν
1374 1288 1416 1342 καί
1432 1287 1464 1340 τά
1478 1287 1538 1356 ἑξῆς.
1555 1292 1595 1346 Μ.

162 1367 277 1437 Ὄντως]
291 1365 367 1418 οίονεί
377 1363 475 1432 άληθῶς
488 1364 530 1418 καί
541 1363 569 1418 ού
580 1367 820 1437 κεκακουργημένως.
839 1369 911 1440 Δάχη
994 1363 1194 1438 Ὑπερπηδήσας]
1208 1367 1320 1438 ύκερόάς.
1335 1369 1369 1424 B.

124 1445 151 1499 δέ
167 1445 332 1517 κληρούμενος
343 1443 398 1498 άντί
410 1448 453 1498 τού
469 1443 517 1500 όπδ
528 1444 620 1516 κλήρου
632 1449 682 1518 σχῇ
692 1443 736 1512 τὴν
750 1443 857 1508 ἐξουσίαν
868 1451 911 1500 τού
991 1445 1088 1508 Μεταξύ
1108 1447 1267 1517 Δημοσθένην
1289 1445 1419 1518 ἄρχοντα]
1441 1443 1497 1500 ἐντὶ
1515 1449 1560 1500 τού
1581 1444 1607 1499 ἐν
1628 1445 1694 1519 αύτῷ
1707 1453 1743 1520 τῷ

124 1524 286 1596 προεδρεύειν.
297 1525 358 1581 FM.
954 1530 1032 1596 καιρῷ
1042 1528 1084 1592 τῆς
1094 1523 1181 1595 ἀρχῆς.
1203 1523 1236 1578 Ἦ
1252 1525 1340 1597 μεταξύ
1350 1528 1395 1579 τού
1406 1526 1498 1596 χρόνον
1511 1524 1576 1580 εἰναι
1585 1525 1658 1579 αύτδν
1672 1526 1742 1580 ύπεύ-

160 1609 187 1668 Δ.
208 1603 243 1656 Το
253 1603 403 1674 κάλλιστον]
417 1605 489 1656 τούτο
498 1601 525 1656 δέ
533 1601 566 1664 όνς
576 1602 709 1674 δημοτικὸν
720 1601 824 1658 ἐπαινεῖ.
837 1603 912 1658 Ἔστι
955 1605 1038 1660 θυνον.
1077 1604 1179 1667 Ἄλλως.
1195 1599 1256 1658 Οίον
1268 1603 1331 1658 κατὰ
1343 1605 1417 1676 μέσον
1429 1604 1554 1675 άρχοντα,
1566 1609 1688 1675 μεσοῦντα
1700 1609 1744 1672 τῆς

124 1683 151 1737 δέ
159 1681 323 1754 προσαγωγδν
336 1687 385 1735 τῶν
397 1683 528 1746 δικαστῶν,
544 1679 566 1734 εί
576 1679 609 1753 μή
623 1682 678 1744 τούς
689 1681 818 1744 πλουσίους
828 1683 910 1749 καλεῖ,
955 1681 1042 1754 ἀρχῆς.
1058 1684 1097 1738 Δί.

125 1761 193 1814 άλλίι
205 1761 248 1814 τδν
260 1761 421 1831 βουλόμενον.
435 1763 475 1816 Μ.
994 1764 1035 1817 ιθ.
1056 1762 1179 1834 Ἕτερον]
1201 1762 1288 1816 ούδίνα
1305 1763 1407 1832 προεῖπε
1428 1766 1477 1815 τῶν
1492 1760 1678 1816 ἐντιδιιιεύντων
1697 1761 1742 1816 λό-

161 1841 193 1892 Οί
208 1841 338 1911 πρόεδροι]
353 1839 471 1910 Πρόεδροι
485 1838 601 1911 ἐλέγοντο
612 1838 636 1892 οί
649 1840 707 1894 δέκα
719 1840 804 1912 ἄνδρες
818 1841 842 1894 οί
856 1841 911 1894 καθ’
955 1863 1012 1916 γον.
1050 1843 1106 1904 Πῶς
1119 1837 1196 1914 [σύν]
1211 1861 1270 1913 φησι
1280 1841 1432 1912 καίἐτερονς
1447 1843 1487 1896 Μ.

125 1919 230 1986 ίκάστην
243 1918 387 1988 πρυτανείαν
407 1917 438 1971 τθ
449 1922 492 1984 τῆς
505 1917 635 1985 ἐκκλησίας
647 1920 801 1983 διοικοῦντες.
840 1919 912 1973 Ούτω
995 1921 1095 1994 λρχάς]
1111 1922 1181 1992 Τρεῖς
1192 1917 1255 1988 ἦσαν
1273 1919 1400 1987 ’λθήνησιν
1416 1919 1506 1992 άρχαί,
1520 1921 1547 1973 αί
1561 1939 1588 1974 τε
1599 1921 1740 1992 κληρωταὶ,

125 1999 152 2054 δέ
166 1999 313 2064 ἐκαλοῦντο,
325 1999 364 2052 ότι
374 2004 422 2052 τιῖεν
433 1999 517 2053 άλλων
528 1998 641 2053 ἁπάντων
655 2000 813 2070 προήδριυον.
828 1997 910 2052 Ἦσαν
955 2003 998 2056 καί
1012 2003 1040 2065 ἃς
1059 2002 1074 2054 ό
1093 2004 1172 2074 δῆμος
1190 2000 1217 2055 ἰν
1240 1999 1406 2072 ἀρχαιρεσίαις
1419 2003 1573 2071 χειροτονεῖ,
1595 2001 1622 2052 αῖ
1640 2021 1666 2054 τε
1680 2001 1743 2053 κατὰ

125 2079 152 2133 δὲ
172 2081 315 2152 πρυτανεῖαι
335 2079 407 2142 δέκα,
431 2079 487 2130 ίίσαι
508 2078 550 2130 καί
566 2076 696 2145 Ἀθηναίων
711 2078 795 2150 φυλαὶ,
816 2075 873 2148 εἶχε
887 2079 913 2133 δέ
957 2081 1054 2152 καιρούς
1068 2081 1188 2152 φυλακαί,
1201 2086 1292 2152 τειχῶν
1307 2079 1432 2146 ἐπισκευῆς
1443 2081 1541 2133 καίόαα
1555 2083 1666 2135 τοιαῦτα.
1699 2081 1744 2134 Αί-

127 2160 217 2226 έκάστη
237 2157 301 2230 φυλὴ
320 2157 444 2228 πρυτάνεις
462 2157 629 2224 πεντήκοντα,
649 2158 675 2212 οί
690 2157 721 2212 τά
743 2157 792 2211 όλα
808 2157 911 2228 διῴκουν
957 2165 1055 2230 ρούνται
1067 2159 1094 2213 δέ
1108 2159 1197 2224 ταύτας
1214 2159 1257 2213 καί
1266 2159 1341 2231 φυλαί
1351 2152 1393 2212 καί
1413 2160 1497 2229 δῆμοι.
1535 2159 1584 2212 Τον
1598 2159 1646 2230 γάρ
1660 2159 1742 2229 Δημο-

126 2237 217 2308 ἡμέρας
228 2238 359 2308 τριάκοντα
372 2237 452 2290 πέντε.
490 2232 565 2288 Ούτοι
575 2234 602 2288 δέ
612 2237 740 2310 διῃροῦντο
752 2235 785 2299 εἰς
796 2237 912 2306 δικαδαρ-
957 2240 1045 2306 σθένην
1058 2238 1101 2292 καί
1121 2237 1263 2309 τειχοποιδν
1285 2237 1366 2290 είλετο
1388 2236 1517 2299 Πανδιονὶς
1530 2237 1606 2308 φυλή.
1643 2238 1743 2290 Τούτων
1849 2291 1851 2298 ,

126 2337 145 2386 χ
148 2318 183 2378 ίας
195 2317 266 2370 πέντε
277 2321 327 2368 τῶν
339 2315 461 2386 προέδρων
474 2313 626 2386 λεγομένων,
642 2315 667 2368 οί
675 2315 767 2387 ἡμέρας
780 2313 841 2368 έπτά
854 2317 912 2387 διῴ-
956 2315 987 2383 δὴ
998 2323 1048 2374 τῶν
1063 2321 1137 2388 τριῶν
1154 2315 1198 2379 τδς
1210 2317 1349 2378 τελευταίας
1365 2314 1423 2378 ίσως
1435 2317 1495 2386 φησί
1513 2316 1630 2370 καλοῦσιν
1645 2315 1744 2370 ἐπιστα-

127 2414 185 2448 κουν
199 2395 231 2448 τὰ
246 2393 374 2460 πολιτικά,
387 2393 430 2446 καί
441 2394 589 2464 προήδρευον
601 2393 664 2448 κατά
676 2397 756 2466 μέρος.
788 2394 836 2447 Καὶ
847 2394 912 2448 ούτω
956 2397 1010 2458 σίας
1030 2395 1072 2448 καί
1093 2396 1275 2467 πραγματείας,
1290 2391 1326 2448 ὧν
1348 2394 1406 2465 μίαν
1424 2394 1438 2447 δ
1452 2395 1608 2465 Δημοσθένης
1627 2393 1740 2464 ἔπραττε.

127 2477 192 2545 τρεῖς
210 2470 272 2541 ἦσαν
293 2477 338 2540 τῆς
357 2473 500 2538 διοικήσεως
522 2473 629 2545 άμοιροι,
672 2472 701 2528 Ὁ
726 2473 752 2528 δέ
777 2474 835 2544 μίαν
853 2473 912 2545 ήμέ·
957 2475 1080 2528 Δείκνυσιν
1099 2469 1143 2527 σύν
1161 2473 1225 2528 κατά
1238 2474 1294 2536 τούς
1306 2475 1396 2545 νόμους
1416 2473 1494 2544 ἀρχὰς
1513 2473 1586 2535 αύτθς
1607 2473 1743 2546 λεγομένας

126 2573 172 2624 ραν
190 2553 221 2606 τά
239 2552 288 2606 ύλα
303 2553 401 2606 διοικῶν
415 2551 499 2622 άρχων
519 2551 638 2622 ἐφήμερος
651 2552 693 2606 καὶ
713 2550 841 2620 ἐπιστάτης
858 2550 913 2606 ἐκα·
957 2551 999 2604 καί
1009 2551 1136 2622 συμπάσας
1147 2551 1190 2614 τθις
1200 2551 1259 2623 ύπέρ
1275 2555 1341 2621 μῆνα
1352 2550 1500 2613 ἐπιστασίας.
1517 2551 1557 2606 M.

127 2633 207 2687 λεῖτο.
226 2635 260 2688 B.
298 2631 429 2702 Ἕγνωμεν
452 2630 494 2682 καί
507 2635 581 2684 τούτο
597 2631 623 2686 ἐν
642 2633 692 2694 τοῖς
711 2631 911 2702 Δημοσθενικαῖς,
997 2628 1310 2700 λπυιιληρούσιν]άντίτού
1318 2628 1359 2682 διδ
1368 2629 1461 2700 κλήρου
1469 2629 1691 2700 αύτοῖςπαρέχουσι
1699 2628 1744 2696 τὴν

127 2711 167 2766 ὅτι
182 2709 272 2778 ἓκάστη
287 2716 337 2764 τῶν
354 2709 413 2764 δέκα
429 2709 511 2780 φυλῶν
531 2711 661 2780 τριάκοντα
678 2709 703 2772 ίξ
721 2708 811 2780 ἡμέρας
831 2711 913 2782 διῴκει
941 2707 1037 2780 ’ἀρχὴν
1051 2707 1076 2762 ἰν
1087 2715 1123 2781 τῷ
1136 2709 1247 2780 θησεέῳ,
1262 2707 1320 2770 ἴσως
1334 2715 1385 2763 τῶν
1398 2709 1552 2780 θεσμοθετῶν
1567 2707 1624 2762 ἐκεῖ
1638 2708 1677 2762 άεί
1690 2731 1744 2781 χει-

127 2789 173 2856 την
185 2789 269 2855 πόλιν,
280 2789 322 2844 καί
330 2786 391 2855 αύτή
401 2787 457 2859 εἶχε
466 2786 511 2856 τὴν
525 2789 653 2861 προεδρίαν
663 2795 712 2843 τῶν
726 2789 822 2842 ἄλλων.
833 2789 913 2842 Πάλιν
957 2789 1124 2856 ροτονούντων
1138 2786 1244 2848 εύτελεῖς
1257 2806 1321 2849 τινας
1333 2786 1478 2854 διοικήσεις,
1494 2788 1528 2850 Δις
1540 2787 1599 2858 πρδς
1610 2787 1684 2860 τιμὴν
1700 2795 1745 2842 τού

128 2871 155 2924 δὲ
168 2870 211 2923 καί
225 2869 299 2935 αὐτῆς
313 2871 356 2935 τῆς
371 2868 561 2940 προεδρευούσης
574 2869 650 2940 φυλῆς
668 2863 730 2936 ήσάν
751 2887 814 2930 τινες
826 2870 913 2940 τιμαό-
957 2867 1055 2936 Θησέως
1068 2871 1113 2922 τού
1126 2866 1251 2932 οἰκιστού,
1266 2864 1361 2929 σύτινος
1373 2863 1404 2920 τά
1418 2866 1479 2920 όστσῖ
1491 2865 1545 2920 ἐκεῖ
1556 2867 1645 2923 ἐκειτο.
1662 2868 1745 2939 Νόμος

128 2969 209 3021 τεροι,
225 2949 249 3001 οί
268 2949 396 3020 πρόεδροι,
416 2947 505 3009 οίτινες
522 2948 553 3000 δι’
566 2947 657 3002 ἑαυτῶν
672 2949 776 3020 διῴκουν
791 2947 815 3001 ἐν
830 2946 914 3010 αύταῖς
957 2945 980 2997 δ’
994 2941 1024 3012 ἦν
1044 2946 1103 3008 τούς
1118 2945 1289 3016 ἀποφυγόντας
1305 2951 1353 3000 τῶν
1373 2943 1475 2998 οἰκετῶν
1490 2945 1523 3007 εἰς
1536 2945 1565 2999 τδ
1586 2949 1630 3000 τού
1646 2946 1744 3014 θησέως

128 3029 182 3090 ταῖς
194 3027 295 3098 ἡμέραις
308 3027 388 3081 πάντα
402 3025 434 3080 τθ
449 3025 590 3093 καθήκοντα
602 3031 634 3099 τῇ
648 3026 728 3080 αύτῶν
742 3025 817 3098 φυλῇ.
834 3027 893 3083 ΚΜ.
957 3027 1057 3097 τέμενος
1070 3023 1238 3096 ἀτιμωρήτους
1253 3023 1328 3079 εἶναι.
1365 3023 1397 3077 Οί
1415 3025 1442 3077 δέ
1455 3025 1599 3097 θεσμοθέται
1612 3031 1661 3078 τῶν
1675 3025 1744 3080 ἐννέα

164 3107 200 3159 Τδ
215 3107 316 3162 δέκατον
336 3106 422 3177 μόρος]
437 3105 499 3160 Δίκα
510 3105 559 3176 γὰρ
572 3101 635 3172 ήσαν
651 3106 726 3178 φυλαί
737 3107 914 3178 καθισταμένοι
958 3102 1087 3174 άρχόντων
1107 3103 1168 3168 εἰσί,
1182 3103 1226 3156 τὸν
1247 3102 1351 3174 άριθμύν
1365 3103 1434 3166 ὄντες
1453 3103 1486 3165 ίξ.
1525 3103 1706 3158 Διαλλάσοουσι
1721 3107 1744 3158 δ’

133 3185 260 3252 Ἀθήνησιν
272 3183 321 3240 άπδ
332 3189 375 3252 τῆς
393 3185 551 3247 Κλεισθένους
563 3185 702 3252 πολιτείας,
721 3186 754 3248 εἰς
767 3187 795 3250 άς
811 3187 914 3251 ἅπαντες
958 3179 1038 3234 οὔτῶν
1052 3181 1076 3234 οί
1089 3180 1237 3252 καλούμενοί
1251 3181 1426 3252 νομοφύλακές.
1440 3183 1480 3236 Μ.
1495 3192 1522 3235 et
1534 3200 1568 3234 οἱ
1581 3193 1654 3252 parte
1666 3185 1698 3240 F.

130 3261 193 3332 ήσαν
210 3264 343 3333 Ἀθηναίων
358 3265 567 3336 διανενεμημένοι.
584 3263 669 3319 Ἐοικε
682 3263 737 3332 δέή
753 3263 829 3336 βουλὴ
843 3267 915 3328 πόλις
993 3259 1090 3332 θησείῳ
1099 3261 1108 3332 ]
1118 3259 1166 3312 Δύο
1175 3259 1270 3326 θησεῖα
1281 3265 1307 3314 ἐν
1319 3264 1350 3332 τῇ
1359 3260 1438 3314 πόλει·
1450 3263 1475 3288 **
1489 3256 1544 3328 δήν
1558 3260 1633 3314 ουύτού
1643 3264 1745 3316 κενοτά-

129 3344 196 3398 dvm
205 3345 287 3415 μικρά·
301 3343 353 3398 ἔστι
366 3343 414 3416 γὰρ
426 3343 454 3398 ἐκ
466 3349 515 3396 τῶν
529 3344 587 3398 δέκα
598 3343 681 3416 φυλῶν
690 3343 731 3398 καί
745 3345 817 3413 οληη
833 3347 911 3410 πόλις.
957 3357 1012 3408 φιον
1024 3337 1168 3404 ποιήσαντες
1179 3338 1222 3392 καί
1233 3338 1280 3400 ἔξω
1291 3342 1335 3406 τῆς
1353 3339 1465 3405 πόλους,
1480 3341 1496 3392 ύ
1509 3339 1602 3394 ἰκτισεν
1615 3339 1681 3412 αύτῷ
1701 3343 1744 3394 Κί-

127 3422 164 3474 Τὸ
178 3421 226 3492 γὰρ
239 3421 341 3475 δέκατον
359 3423 430 3492 μέρος
446 3420 535 3489 ταύτης
551 3423 651 3478 δέκατον
665 3425 735 3494 μέρος
747 3422 799 3477 ἐστὶ
811 3427 854 3492 γῆς
869 3426 913 3478 πό.
959 3435 1011 3488 μων
1027 3417 1111 3488 (ἱερόν
1128 3415 1188 3470 cod.
1198 3419 1219 3486 )‚
1235 3419 1276 3472 ύτε
1294 3418 1444 3490 κατήνεγκεν
1465 3419 1540 3472 αύτού
1561 3419 1588 3474 ἐκ
1602 3419 1694 3492 Σκύρου
1713 3423 1745 3478 κδ

129 3498 203 3560 λεως.
218 3497 254 3552 Δί.
958 3497 1027 3553 aare.
1067 3496 1161 3569 Ἐφυγε
1175 3497 1201 3551 δὲ
1211 3497 1252 3552 διὰ
1264 3497 1308 3552 τδν
1322 3495 1468 3554 Ἱππολύτου
1481 3499 1597 3565 θάνατον,
1608 3498 1655 3554 ύπθ
1666 3503 1746 3557 Λύκου

167 3577 194 3632 5.
213 3575 348 3642 Τοιούτων,
362 3574 475 3647 ὁποίους]
489 3575 523 3629 Τδ
537 3575 640 3648 ἐπαχθές
653 3577 752 3651 ίφυγεν,
765 3578 855 3652 ἵναμή
869 3581 914 3633 λυ.
958 3576 1143 3645 κατηγορηθείς.
1156 3577 1195 3630 M.
1365 3641 1368 3646 Δ
1718 3587 1728 3622 4

129 3655 198 3729 πήση
223 3655 259 3708 Μ.
998 3653 1043 3707 Ἐν
1056 3651 1249 3724 ’λρχαιρεσίαις]
1264 3651 1424 3724 ’λρχαιρεσίαι
1433 3651 1567 3706 ἐκαλοῦντο
1575 3651 1663 3726 ἡμέραι
1671 3655 1696 3710 ἐν
1708 3652 1747 3718 αἶς

165 3739 193 3789 6.
212 3735 344 3806 Τυραννίς]
359 3733 495 3804 Τυράννονς
508 3732 596 3806 ἐλεγον
609 3736 651 3788 καί
661 3737 717 3800 τούς
729 3737 847 3808 βασιλεῖς.
861 3739 898 3795 Μ.
958 3732 983 3786 σί
999 3731 1117 3803 άρχοντες
1137 3730 1376 3801 ἐπεχοῑροτονοῦντο.
1395 3761 1432 3772 -
1451 3728 1595 3802 Ὦρισμάνας
1612 3733 1679 3796 τινάς
1691 3737 1745 3789 κατ’

170 3813 338 3884 Ὀλιγαρχία]
353 3813 449 3882 Ταύτην
462 3812 523 3874 τινίς
534 3811 719 3886 ἀριστοκρατίαν
733 3817 857 3887 λέγουσιν.
872 3821 912 3876 Μ.
959 3811 1080 3874 ἐνιαυτόν,
1092 3809 1157 3880 παρὰ
1174 3810 1203 3864 τύ
1221 3809 1264 3872 τύε
1276 3808 1355 3880 ύρχᾶς
1367 3809 1392 3864 ίθ
1411 3807 1496 3872 ύθῖοῗε
1510 3810 1648 3882 αἱρεῖσθαι,
1668 3815 1682 3866 ό
1694 3813 1745 3868 ἐστι

166 3893 324 3964 Καρρησίας]
340 3893 354 3945 ό
373 3891 438 3946 ἐστιν
452 3891 596 3963 ἐλευθερίας.
612 3895 642 3950 F.
958 3891 1120 3961 χειροτονεῖν.
1136 3890 1196 3946 ΡΜ.

166 3991 193 4041 9.
214 3971 274 4042 Περὶ
286 3971 330 4041 μὲν
339 3972 392 4042 -]
408 3969 424 4037 ἡ
438 3971 632 4042 προκατασκευή.
649 3973 679 4028 F.
996 3972 1038 4033 ιή.
1061 3966 1105 4020 Ἐν
1117 3965 1153 4040 ᾧ]
1171 3965 1290 4039 ’Υπερόθις
1297 3966 1340 4028 τθς
1347 3967 1521 4038 χειροτονητάς
1530 3986 1602 4038 φησιν
1613 3967 1691 4041 ἐρχθις
1703 3972 1745 4024 καί

169 4049 298 4121 Ἐλπίζω]
317 4049 372 4102 ἐντί
385 4053 429 4104 τού
441 4051 544 4120 νομίζω,
559 4049 591 4105 F.
957 4047 1014 4108 τούς
1027 4046 1155 4108 ἐπιστάτας
1167 4046 1210 4099 καί
1226 4045 1313 4100 τούσδε
1330 4045 1372 4100 καί
1385 4045 1471 4100 τούσδε
1492 4045 1521 4099 ού
1539 4047 1672 4116 διακονεῖν,
1686 4048 1744 4102 ἀλλ’

170 4128 214 4182 Ἐν
228 4127 276 4201 γάρ
289 4130 401 4200 τοῖς-]
416 4127 432 4196 ἥ
446 4129 601 4190 κατάποσις.
616 4129 647 4185 F.
958 4127 1044 4196 άρχειν
1058 4125 1259 4196 δοκιμασθέντας.
1275 4125 1315 4180 Μ.

166 4208 354 4279 Λαμύάνοντες]
368 4205 423 4260 άντί
435 4210 480 4260 τοῖν
493 4207 577 4278 φίλους
588 4209 719 4278 κτώμενοι.
735 4209 766 4265 F.
998 4201 1147 4274 Ἧγεμονίας
1159 4202 1338 4273 δικαστηρίων]
1361 4195 1414 4255 οἰον
1430 4198 1538 4263 ἐξουσίαν
1551 4207 1596 4256 τού
1613 4206 1744 4260 καταδικά-

166 4286 299 4356 Εύθύναις]
313 4284 416 4338 Εύθυναι
426 4285 451 4338 αί
462 4291 511 4340 τῶν
524 4285 694 4357 δικαιωμάτων
707 4284 833 4349 ἐξετάσεις.
846 4288 882 4344 λέ.
958 4285 1009 4344 ζειν
1021 4283 1078 4345 τούς
1091 4280 1224 4341 ύπαιτίους.
1239 4281 1301 4338 FM.
1340 4279 1469 4352 Ἄρχοντες
1482 4281 1581 4336 ἔκαστοι
1594 4281 1695 4356 εἰσῆγόν
1707 4305 1744 4339 τι-

165 4365 221 4419 Τῶν
244 4363 389 4437 ἀρχόντων]
412 4371 460 4419 τῶν
483 4365 617 4436 λογιστῶν.
654 4365 772 4436 Λογισταί
791 4365 817 4419 δέ
835 4367 914 4440 ὄνομα
959 4380 1000 4424 νος
1015 4361 1082 4423 δίκας
1098 4358 1130 4422 εἰς
1148 4357 1177 4412 τύ
1197 4358 1365 4430 δικαστήριον.
1406 4357 1540 4413 Ἐκαλεῖτο
1554 4359 1580 4414 δί
1593 4366 1666 4415 τούτο
1683 4361 1743 4436 ἡγι-

129 4445 220 4518 άρχῆς.
257 4445 320 4498 Δίκα
335 4443 362 4498 δέ
379 4443 422 4497 τδν
447 4443 550 4516 άριθμδν
572 4443 657 4514 ἄνδρες
676 4439 749 4511 ἦσαν,
764 4446 821 4518 παρ’
840 4445 877 4510 οἷς
890 4450 914 4502 οἱ
960 4439 1033 4509 μονία
1055 4437 1221 4508 δικαστηρίου.
1241 4465 1278 4480 -
1300 4438 1330 4490 Τί
1352 4437 1375 4490 δ’
1398 4437 1451 4490 ἔστι
1473 4442 1564 4504 τούτσς
1585 4439 1690 4510 ύπάρχει
1707 4462 1744 4505 τις

128 4523 319 4596 πρεσύεύσαντις
338 4522 354 4590 ή
368 4543 391 4578 τι
408 4525 528 4595 δημόσιον
542 4524 706 4590 διοικήσαντες
723 4521 740 4590 ή
759 4544 814 4579 τινα
834 4525 914 4598 ἀρχήν
960 4517 1088 4586 βασιλεύει
1102 4516 1263 4587 θῑῦμῡθίῖοεε
1275 4515 1428 4587 ῖῑῑκῦπθῑίοεε
1440 4515 1566 4588 &mk-
1604 4514 1744 4584 θύτθῑῖούς

128 4603 244 4674 ἄρξαντες
261 4601 372 4654 ἐδθιοσαν
387 4601 430 4665 τίς
443 4601 551 4664 εύθύνας.
588 4601 693 4655 Εύθυναι
706 4603 733 4656 δί
752 4603 778 4658 αἰ
795 4609 844 4661 τῶν
856 4605 914 4680 δειρ-
957 4595 996 4666 ὓῖῖ
1010 4595 1096 4658 αύτούς
1109 4593 1284 4665 ίόῖδθθθίίῖῑς
1297 4595 1451 4665 δῑδθσῃίθίθί
1465 4594 1604 4667 ῑίθάῖθθθέί
1616 4597 1649 4659 Εἰς
1658 4604 1742 4665 torm,

129 4683 243 4752 κημένων
256 4680 281 4734 ἐν
293 4685 347 4742 ταῖς
358 4679 445 4753 άφχαῖς
458 4679 599 4753 δοκιμασίαν
608 4679 649 4734 καί
660 4679 776 4744 ἐξετάσεις
800 4682 842 4736 καί
852 4681 914 4736 άπο-
957 4674 1011 4728 οἷον
1031 4671 1148 4746 λογιστὴς
1167 4675 1224 4738 ῑῡίέε
1243 4674 1365 4746 ἔρχονταί
1385 4674 1513 4746 κληρῶσαι
1533 4677 1698 4747 &maon
1714 4677 1761 4734 ⁰5-

128 4759 259 4832 λογισμοί.
270 4761 302 4815 Β,
957 4755 1061 4824 προέστη
1080 4751 1161 4806 τεκαὶ
1182 4749 1290 4823 εἰσάγει·
1311 4752 1353 4805 καί
1371 4753 1445 4806 πάλιν
1467 4753 1482 4805 ὁ
1503 4755 1659 4825 θεσμοθέτης.
1697 4759 1741 4813 Διὸ

169 4856 211 4892 ιο.
232 4835 281 4899 Τάς
292 4835 390 4898 εύθύνας
399 4835 642 4908 ὠφληκώς]’ίλσπερ
653 4837 760 4909 λέγομεν
771 4837 869 4901 εύθύνας
878 4839 914 4893 δέ·
957 4831 998 4884 καί
1010 4831 1066 4902 παρ’
1082 4828 1244 4901 Ἆρῑπῡθύθῑῑ
1260 4831 1272 4896 ί
1279 4831 1361 4902 ΚθθΡ·
1377 4831 1445 4901 935)
1459 4831 1573 4899 δααπύε
1585 4853 1669 4904 φησιν·

128 4914 459 5067 ἓωωᾜσάξὰέφίέἓἪΚΜ
473 4916 575 4990 ‘wa’
590 4915 655 4971 οὕτω
666 4917 708 4972 καὶ
720 4916 854 4988 ‘'ww‘’
870 4918 912 4974 ἐὰν
1019 4961 1190 5024 ύθεσμοθέτης.
1208 4963 1261 5013 Πού
1273 4960 1317 5011 ’σθ’
1328 4959 1409 5024 ούτοςς
1422 4962 1495 5025 ἀμίδα
1505 4979 1544 5026 μοι
1554 4963 1624 5016 δότω.
1637 4969 1669 5018 Μ.

168 5092 208 5128 ¹1·
230 5074 357 5145 Κατιδὼν]
372 5073 436 5146 ἐρχθ
447 5079 490 5130 τού
502 5077 608 5149 νομίμου
619 5075 760 5148 κεφαλαίου.
772 5079 804 5134 F.
994 5082 1037 5136 15.
1057 5081 1092 5135 Ού
1105 5084 1245 5155 διακονεῖν]
1259 5082 1314 5138 άντί
1327 5087 1371 5137 τού
1383 5083 1412 5136 ού
1424 5085 1549 5148 διακόνους
1561 5089 1659 5153 τούτους
1672 5091 1742 5147 οἶδεν

163 5153 230 5214 Τούς
246 5151 406 5223 ύπευθύνους]
424 5155 480 5218 τούς
501 5156 575 5227 μήπω
589 5156 667 5226 λόγον
685 5161 734 5209 τῶν
753 5157 911 5230 διῳκημένων
956 5161 970 5214 δ
985 5163 1118 5232 νομοθέτης
1128 5164 1160 5218 F.
1198 5163 1253 5234 Ούχ
1267 5165 1305 5217 ότι
1320 5162 1344 5216 ἐν
1359 5171 1395 5237 τῷ
1408 5166 1478 5238 νόμῳ
1490 5168 1625 5239 γέγραπται
1640 5170 1673 5240 μή
1688 5173 1743 5226 δια.

127 5231 323 5294 ύποδῑόωούῐαε.
336 5234 375 5288 Μ·
957 5243 1050 5304 κυνεῖν,
1064 5239 1130 5292 ἀλλὰ
1144 5245 1188 5295 τού
1200 5243 1277 5315 νόμου
1285 5242 1401 5314 λέγοντος
1413 5245 1498 5299 τούσδε
1511 5248 1552 5300 καί
1560 5250 1645 5302 τούσδε
1655 5251 1741 5321 άρχειν
