4116 6068
130 433 269 510 (no—nu)
602 435 768 496 LYCURGI
786 437 845 496 011.
868 435 1020 496 CONTRA
1041 436 1281 496 LEOCRATEM.

87 589 112 627 ιε
186 563 305 637 τρίαιναν
320 561 396 642 ὀρθήν
411 571 510 620 στᾶσαν
526 565 553 620 ἐν
563 563 662 628 πόλεως
675 564 778 642 βάθροις
997 571 1124 620 tridentem
1136 573 1243 620 ereetum
1256 571 1280 620 in
1292 569 1358 619 urbis
1367 570 1546 620 fundaminibus

188 649 327 726 Εὔμολπος
341 647 399 707 οὐδὲ
409 647 482 728 Θρᾲξ
497 649 635 728 ἀναστέψεε
646 649 710 716 λεὼς
998 659 1129 720 Eumolpus
1138 659 1180 706 aut
1191 659 1321 706 Thracicos
1332 658 1411 718 cingat
1420 659 1523 720 populus

188 735 352 814 στεφάνοισι,
368 734 476 801 Παλλὰς
491 736 512 791 δ’
525 736 640 810 οὐδαμοῦ
655 735 803 811 τιμήσεται.
997 745 1105 806 coronis,
1118 745 1193 794 Pallas
1205 747 1286 792 aulem
1297 757 1344 792 non
1355 744 1492 794 bonorelnr.

188 811 339 899 Χρῆοθ’,ώ
353 823 467 892 πολῖται,
480 829 532 886 τοῖς
544 824 613 897 ἐμοῖς
626 821 798 902 λοχεύμασιν,
1000 831 1113 892 1111111101,
1123 831 1199 890 eires,
1209 832 1268 880 meis
1277 831 1416 892 puerperiis,

189 907 314 980 σώζεσθε,
329 911 422 966 νικᾶτ’·
437 907 494 966 ἀντὶ
509 907 558 988 γδρ
573 911 657 988 ψυχῆς
672 917 733 986 μιᾶς
997 919 1055 967 10111
1067 921 1156 980 estote,
1165 919 1253 968 vincite
1265 939 1270 968 :
1282 921 1340 968 011111
1352 933 1399 968 una
1409 921 1488 968 abiron
1499 921 1612 982 impediet

190 997 236 1053 οὐκ
249 994 300 1052 ἔσθ’
315 993 385 1061 ὅπως
400 999 460 1071 ὑμῖν
475 994 526 1072 ἐγὼ
542 995 570 1052 od
583 995 661 1053 σώσω
675 995 757 1052 πολιν.
997 1005 1126 1066 quominus
1138 1006 1199 1054 bauo
1208 1007 1291 1056 urbem
1302 1019 1345 1067 ego
1355 1006 1422 1056 robls
1435 1009 1546 1069 sospitem
1560 1011 1678 1069 penalem.

189 1067 227 1140 Ὦ
243 1081 350 1160 πατρίς,
365 1080 416 1139 εἴθε
427 1080 522 1145 πάντες
533 1079 558 1138 οδ
571 1079 670 1138 ναίουσί
680 1103 709 1137 σε
998 1095 1019 1140 0
1031 1093 1120 1154 patria,
1131 1093 1225 1142 utinam
1237 1096 1371 1154 omnesqui
1384 1099 1408 1142 le
1421 1093 1528 1144 incolunt

190 1167 259 1225 οὕτω
270 1169 367 1247 φιλοῖεν
379 1171 414 1233 ὣς
429 1166 492 1244 ἐγώ·
509 1165 554 1223 καὶ
568 1165 661 1246 ῥαδίως
998 1181 1031 1227 110
1040 1182 1064 1228 te
1073 1181 1182 1228 amarent
1193 1179 1228 1228 uli
1240 1183 1298 1240 ego!
1314 1180 1422 1228 relrerter

190 1255 304 1330 οἰκοῖμεν
319 1253 350 1312 άν
361 1277 390 1311 σε
401 1297 409 1325 ,
422 1253 511 1312 κούδὲν
526 1252 556 1310 διν
569 1253 680 1330 πάσχοις
696 1251 785 1312 κακόν.
997 1265 1022 1313 te
1031 1264 1200 1321 memoremus,
1214 1269 1238 1315 el
1249 1265 1306 1315 nibil
1318 1268 1436 1328 acciperes
1447 1269 1511 1316 111111.

174 1413 221 1452 101,
243 1396 353 1464 Ταῦτα,
371 1381 394 1450 ὦ
417 1391 520 1470 ἄνδρες,
535 1390 593 1456 τοὺς
606 1390 721 1467 πατέρας
739 1393 812 1464 ἡμῶν
836 1391 908 1448 ἐπεί.
986 1399 1035 1441 101.
1053 1397 1125 1455 lime,
1141 1393 1242 1456 iudices,
1261 1393 1344 1443 domuit
1362 1399 1441 1458 patres
1457 1399 1557 1445 nestros.
1567 1400 1648 1454 Quum
1664 1400 1727 1448 enirn

88 1501 115 1540 25
131 1479 199 1536 δευς,
213 1477 358 1557 Φῦσειγᾶρ
366 1477 612 1556 οὖσῶνῳιλοτέχνων
621 1481 712 1536 πασῶν
722 1480 772 1534 τῶν
779 1481 907 1552 γυναικῶν
953 1483 1039 1528 natura
1055 1479 1103 1528 sint
1122 1484 1230 1529 amantes
1247 1481 1336 1530 sobolis
1353 1495 1436 1532 1111111111
1454 1485 1556 1542 1111111118,
1578 1484 1638 1532 hdllc
1659 1485 1729 1535 linxit

129 1564 230 1635 ταύτην
244 1564 349 1636 ἐποίησε
369 1563 417 1634 τήν
430 1563 542 1644 πατρίδα
563 1565 662 1640 μᾶλλον
682 1567 733 1622 τῶν
747 1563 848 1621 παίδοιν
863 1587 907 1644 opr-
954 1567 1055 1628 patriam
1072 1567 1156 1628 rnajori
1173 1572 1412 1630 amoreprosecutnm
1424 1583 1497 1634 quam
1510 1570 1612 1631 liberos,
1622 1571 1728 1620 indicans

129 1651 237 1723 λοῦσαν,
252 1649 441 1727 ἐνδεικνύμενος
450 1650 489 1708 ότι
502 1649 573 1728 εἴπερ
586 1654 612 1708 nl
628 1652 747 1728 γυναῖκες
762 1655 837 1708 τοῦτο
848 1651 906 1708 τολ-
953 1666 993 1714 per
1003 1653 1063 1713 boe,
1075 1653 1160 1714 quodsi
1172 1654 1283 1704 mulieres
1293 1655 1338 1703 boc
1350 1655 1454 1706 audeant
1476 1657 1568 1716 iacere,
1582 1657 1645 1706 viros
1654 1671 1726 1720 opor·

128 1737 245 1812 μήσουσε
257 1739 350 1808 ποιεῖν,
362 1739 420 1803 τούς
433 1760 462 1814 γε
478 1736 571 1816 ἄνδρας
587 1735 783 1816 ἀνυπίρύλητόν
798 1759 855 1792 τινα
868 1737 909 1794 δεῖ
952 1741 1003 1788 tere
1025 1739 1207 1802 inexsuperabili
1231 1741 1335 1802 quadam
1356 1743 1523 1792 benevolentia
1551 1757 1607 1806 erga
1625 1745 1726 1806 patriam

128 1824 178 1893 τὴν
189 1823 290 1881 εὔνοιαν
303 1822 367 1902 ὑπὲρ
376 1827 421 1894 τῆς
434 1823 556 1901 πατρίδος
571 1821 649 1902 ἔχειν,
663 1823 727 1898 μηδὲ
743 1822 844 1903 φεύγειν
860 1823 905 1879 αὖ·
952 1825 1112 1874 inflammdids
1120 1839 1179 1888 ὧδε,
1190 1839 1268 1890 licque
1277 1827 1388 1890 fugiendo
1395 1829 1469 1891 11100111
1477 1828 1641 1892 derelinquere
1651 1843 1729 1892 lleqlle

128 1911 179 1980 τήν
194 1910 416 1986 ἐγκαταλιπόντας
433 1909 498 1986 μηδὲ
510 1910 692 1988 καταισχύνειν
714 1911 776 1988 πρὸς
791 1909 907 1976 ἅπαντας
952 1911 1094 1962 dedecorare
1107 1913 1171 1976 apud
1186 1927 1270 1964 omnes
1279 1917 1390 1976 Graecos,
1404 1914 1502 1978 perinde
1513 1917 1586 1978 alque
1599 1917 1655 1966 lecit
1671 1920 1727 1967 Leo·

128 1996 189 2063 τοὺς
202 1995 338 2065 Ἓλληνας
351 1993 439 2072 ὥσπερ
452 1995 618 2075 Λεωκράτης.
952 2002 1038 2048 crates.

171 2103 218 2140 101.
243 2083 375 2158 Βούλομαι
395 2081 418 2139 δ’
438 2085 497 2156 ὑμῖν
516 2081 560 2140 καὶ
574 2081 617 2140 τδν
630 2081 753 2159 Ὅμηρον
769 2082 905 2161 παρασχέ-
987 2095 1040 2136 101.
1058 2087 1121 2136 Volo
1139 2091 1220 2137 aulem
1232 2089 1300 2138 robis
1319 2093 1450 2140 Homerum
1469 2105 1566 2153 quoque
1578 2107 1633 2142 eum
1655 2094 1726 2143 laude

88 2192 115 2230 ιο
130 2174 193 2226 σθαι
212 2171 333 2225 ἐπαινῶν.
349 2166 429 2227 Οῦτω
442 2166 491 2245 γάρ
511 2167 641 2226 ῦπίλαόον
662 2171 733 2244 ὑμῶν
754 2171 777 2224 oi
798 2169 907 2246 πατέρες
952 2173 1145 2236 poetaeallegero.
1155 2175 1220 2224 Adeo
1230 2177 1293 2224 euim
1303 2179 1418 2238 putarunt
1427 2181 1506 2238 patres
1518 2181 1591 2228 nostri
1601 2180 1727 2229 boneslum

129 2255 271 2312 σπουδαῖον
283 2245 348 2312 εἶναι
360 2253 482 2328 ποιητήν,
496 2253 563 2312 ὥστε
582 2255 660 2331 νόμον
674 2255 759 2313 ἔθεντο
775 2257 833 2312 καθ’
847 2255 906 2312 ἑκά·
952 2275 1002 2310 esse
1011 2264 1119 2322 poelmn,
1132 2264 1159 2310 ut
1169 2263 1245 2324 legem
1255 2263 1395 2322 sanxerint,
1404 2277 1446 2324 per
1459 2263 1723 2328 singulaquinqnenna·

130 2363 197 2410 στην
209 2341 397 2418 πενταετηρίδα
410 2344 460 2398 τῶν
471 2341 661 2410 Παναθηναίων
671 2340 749 2416 μάνου
759 2343 810 2397 τῶν
821 2339 907 2396 άλλων
953 2347 985 2395 lia
1004 2348 1216 2396 Panatlrenroorurn
1235 2349 1294 2398 lenta
1307 2349 1380 2399 solius
1397 2350 1469 2412 bujus
1486 2365 1535 2413 pirae
1548 2353 1601 2401 aliis
1617 2354 1728 2404 omuibus

129 2429 247 2496 ποιητῶν
259 2428 433 2506 ῥαψῳδεῖσθαι
443 2425 476 2484 τδι
485 2426 675 2498 ἔπη,1πίδειξεν
685 2425 833 2502 ποιούμενα
844 2425 907 2504 πρὸς
952 2437 1029 2494 poclm
1046 2434 1152 2482 carmina
1168 2447 1218 2484 esse
1236 2435 1370 2496 recitanda,
1391 2438 1481 2486 Graecis
1502 2439 1534 2487 ita
1555 2444 1727 2500 argumentum

130 2511 190 2578 τοίις
201 2510 337 2584 Ἕλληνας
348 2511 387 2571 ότι
396 2512 430 2571 τδι
441 2513 569 2572 κάλλιστα
582 2518 633 2572 τῶν
645 2515 726 2592 ἔργων
739 2518 905 2592 προῃροῦντο.
952 2521 1084 2582 praebendos
1092 2533 1118 2570 se
1133 2533 1213 2570 rerum
1230 2522 1411 2583 praeclarissime
1419 2527 1538 2584 gestarum
1555 2527 1727 2588 expositionem

133 2599 267 2664 Εἰκότως·
280 2602 304 2657 οἱ
319 2599 366 2675 μὲν
378 2600 428 2679 γδρ
441 2601 515 2676 νόμοι
526 2601 568 2658 δεδι
581 2601 627 2670 τήν
642 2599 781 2675 συντομίαν
792 2603 821 2657 ού
834 2599 906 2656 δεδά-
952 2605 1036 2655 ceteris
1042 2607 1166 2656 anteferre.
1182 2607 1257 2668 idque
1269 2607 1354 2657 merito
1365 2622 1371 2656 :
1384 2609 1446 2671 leges
1457 2611 1521 2659 enirn
1539 2611 1570 2660 ob
1582 2613 1726 2663 brevitatem

134 2707 240 2744 σκοοσεν
255 2687 312 2742 ἀλλ’
326 2687 506 2746 ἐπιτάττουσιν
524 2686 541 2744 θ
555 2689 596 2746 δεῖ
608 2690 699 2756 ποιεῖν,
717 2689 741 2744 οἱ
757 2685 784 2744 δὲ
800 2686 908 2756 ποιηταί
951 2706 1018 2740 suam
1031 2705 1080 2742 non
1091 2693 1178 2743 docent
1195 2693 1236 2743 sed
1251 2695 1368 2756 imperant
1383 2709 1438 2758 quae
1450 2697 1499 2746 lieri
1512 2701 1636 2760 oporteat;
1650 2704 1728 2762 poete

133 2771 291 2848 μιμούμενοι
304 2771 348 2830 τὸν
363 2772 521 2852 ἀνθρώπινον
535 2773 598 2852 βίον,
612 2773 646 2830 nd
657 2775 785 2831 κάλλιστα
801 2776 852 2830 τῶν
865 2769 907 2850 ἔρ·
952 2783 1033 2828 aulem
1042 2780 1161 2830 imitantes
1168 2781 1299 2830 lrumnunm
1307 2782 1391 2844 vitam,
1400 2785 1592 2844 preclarissimus
1600 2799 1636 2834 res
1645 2785 1727 2847 eligcn·

83 2876 186 2936 152γων
213 2857 393 2935 ἐκλεξάμενοι,
421 2857 487 2934 μετδ
507 2859 584 2935 λόγου
605 2859 649 2915 καί
670 2857 822 2924 ἀποδείξεως
850 2857 908 2923 τοῦς
953 2868 1167 2927 les,eumratione
1175 2869 1199 2916 et
1207 2867 1409 2918 demonstratione
1417 2871 1558 2920 mortalibus
1574 2873 1727 2934 persuadent,

132 2944 286 3024 ἀνθρώπους
297 2945 489 3022 συμπείθουσιν,
506 2943 563 3024 (ros)
577 2943 685 3024 Ἕκτωρ
697 2944 747 3024 γὰρ
757 2953 809 3010 τοῖς
818 2942 908 3023 Τρωσὶ
954 2953 1019 3014 llos)
1038 2955 1127 3002 Hector
1142 2967 1262 3016 namque,
1274 2953 1383 3016 Trojnuis
1393 2954 1508 3004 mandans
1519 2957 1546 3004 ut
1555 2969 1598 3018 pro
1609 2959 1684 3019 patria
1692 2957 1728 3006 di·

131 3029 374 3111 παρακελευόμενος
386 3029 449 3109 ὑπὲρ
463 3035 509 3102 τῆς
523 3031 646 3110 πατρίδος
659 3031 721 3088 τάδε
735 3029 846 3109 εἴρηκεν·
953 3039 1055 3102 micent,
1064 3039 1202 3101 bmcdixit,

173 3165 252 3225 Ἀλλδ
263 3165 372 3246 μάχεσθ’
385 3167 428 3224 ἐπὶ
439 3165 515 3236 νηυσὶ
527 3165 676 3246 διαμπερές·
690 3165 718 3232 ὃς
730 3167 757 3224 δέ
768 3189 812 3226 κεν
822 3165 908 3243 θμίων
985 3180 1076 3226 Verum
1086 3180 1190 3240 pugnate
1198 3178 1229 3228 ad
1238 3191 1312 3228 nares
1322 3178 1431 3228 conserti.
1441 3181 1489 3238 Qui
1500 3181 1581 3230 autem
1590 3184 1697 3232 vestrum

175 3253 302 3332 βλήμενος
318 3252 348 3322 ἠὲ
362 3251 449 3318 τυπεὶς
463 3253 570 3312 θάνατον
584 3253 628 3311 καὶ
642 3254 740 3328 πότμον
755 3253 868 3332 ίπίσπη,
984 3265 1166 3316 rumorumve
1175 3267 1727 3332 percussusmcrtametiatumnssccrrtrrsllreril,

105 3363 119 3400 s
174 3342 304 3400 τιθνάτω·
317 3340 346 3398 οὗ
359 3343 382 3398 oi
397 3338 478 3406 ᾰεοιὲς
487 3339 639 3420 ἀμυνομένῳ
653 3338 712 3419 περί
721 3339 822 3420 πάτρης
985 3353 1173 3402 morimunden
1185 3353 1355 3402 eiiudeoorum
1368 3354 1482 3416 pugnanti
1494 3367 1536 3415 pro
1545 3355 1622 3417 patria

178 3427 318 3503 τεθνάμεν·
330 3425 388 3484 ἀλλ’
401 3425 495 3505 ἄλοχός
505 3449 532 3484 τε
544 3427 592 3497 σόη
601 3428 646 3484 καὶ
662 3427 741 3497 νήπια
757 3426 849 3498 τέκνα,
984 3439 1059 3501 mori,
1069 3439 1111 3489 sed
1122 3453 1184 3488 uxor
1194 3441 1260 3490 salsa
1268 3441 1293 3490 et
1304 3440 1371 3490 liberi
1385 3441 1410 3490 in
1423 3443 1559 3502 ροοῑοευιπ,

173 3515 219 3572 καὶ
234 3517 328 3590 κλῆρος
339 3513 384 3572 καὶ
395 3503 462 3578 οἶκος
476 3512 620 3592 ἀκήρατος,
632 3513 655 3571 εἴ
665 3537 708 3571 κεν
721 3511 819 3592 Ἀχαιοὶ
984 3529 1008 3575 el
1017 3527 1136 3576 domuset
1150 3526 1320 3588 patrimonium
1334 3527 1466 3588 integrum,
1476 3528 1496 3576 sl
1508 3529 1590 3578 ,1011111
1607 3555 1609 3560 .

173 3602 297 3680 οίχωνται
311 3599 356 3659 σῦν
370 3599 444 3672 νηυσί
459 3599 535 3680 ρίλην
550 3602 575 3666 l<
588 3601 701 3680 πατρίδα
714 3603 802 3677 γαῖαν.
985 3613 1072 3662 abeant
1083 3625 1140 3662 curn
1149 3613 1252 3662 navibus
1260 3612 1372 3663 dilectam
1386 3613 1409 3662 in
1419 3613 1521 3675 patriam
1535 3617 1633 3666 terram.

175 3769 222 3808 101.
233 3745 339 3807 Τούτων
351 3751 402 3806 τῶν
410 3749 479 3804 ἐπῶν
489 3745 632 3816 άκούοντες,
642 3735 664 3802 ώ
674 3745 771 3823 άνθρες,
782 3747 805 3802 ol
815 3743 909 3824 πρόγο-
988 3754 1040 3800 lod.
1059 3753 1117 3800 lleec
1133 3749 1240 3798 carmina
1257 3749 1395 3810 audientes,
1410 3749 1519 3812 judices,
1534 3753 1636 3814 maiores
1654 3757 1728 3808 vestrl

93 3856 119 3892 ro
133 3859 173 3892 νοε
193 3837 265 3911 ὑμῶν
279 3833 325 3891 καῖ
347 3834 381 3890 τὰ
396 3839 502 3892 τοιαῦτα
516 3837 567 3891 τῶν
583 3832 663 3910 ἔργων
683 3834 817 3903 ζηλοῦντες
831 3831 910 3895 οὕτως
955 3837 1058 3898 taliaque
1077 3849 1150 3899 opera
1167 3835 1308 3884 aemulantes
1325 3837 1448 3898 tantopere
1469 3837 1614 3887 studuerunt
1629 3841 1727 3902 virtoti,

133 3923 211 4000 ἔσχον
235 3919 300 4000 πρὸς
318 3919 421 4000 ἀρετήν,
445 3919 511 3978 ὥστε
531 3923 558 3978 οὗ
575 3919 652 3994 μόνον
675 3917 739 3999 ὑπὲρ
757 3922 802 3988 τῆς
824 3921 909 3975 αθτῶν
953 3926 982 3972 01
997 3924 1134 3972 nnnsolum
1154 3935 1197 3984 pro
1215 3921 1313 3984 suaipsi
1328 3922 1421 3984 patria,
1434 3925 1602 3973 verumetiam
1617 3927 1728 3976 universa

133 4007 258 4086 πατρίδος
267 4004 390 4064 ἀλλὰκαὶ
403 4006 489 4076 πάσης
502 4005 733 4076 τῆςἙλλάδοςώς
748 4007 833 4072 κοινῆς
847 4003 906 4074 ήθε·
954 4009 1045 4058 (lenacia
1063 4009 1257 4070 sauromatum,
1271 4008 1392 4058 voluerint
1407 4009 1476 4058 mori.
1511 4010 1547 4059 nd
1563 4012 1727 4064 blaralbonem

135 4097 180 4151 λον
188 4091 373 4162 ἀποθνήσκειν.
386 4094 420 4153 0t
431 4097 492 4168 γοῦν
502 4093 528 4150 ἐν
543 4093 686 4169 Μαραθῶνι
698 4088 908 4168 παραταξάμενοι
954 4096 1034 4156 itaque
1050 4098 1195 4156 opponentes
1215 4107 1265 4144 sese
1282 4093 1389 4143 barbaris
1409 4095 1484 4143 totius
1508 4096 1569 4144 ssim
1591 4099 1726 4148 exercitum

134 4179 186 4244 τοῖς
201 4176 344 4256 βαρόάροες
356 4177 400 4234 τὸν
415 4177 440 4244 ἐξ
455 4175 559 4245 ἁπάσης
574 4180 618 4247 τῆς
631 4177 717 4242 Ἀσίας
727 4175 818 4234 στόλον
829 4174 908 4254 ίκρά-
955 4183 1076 4240 vicerunt,
1091 4181 1191 4242 propriis
1203 4180 1314 4242 periculis
1325 4193 1478 4228 communem
1490 4183 1641 4231 secrrritatem
1653 4187 1727 4234 omni·

136 4287 230 4338 τησαν,
247 4264 300 4330 τοῖς
316 4265 387 4328 ἰδίοις
401 4261 525 4327 κινδύνοις
544 4262 631 4333 κοινήν
652 4263 739 4320 ἄδειαν
760 4261 843 4318 ἅπασι
856 4263 908 4327 τοῖς
953 4267 998 4316 bus
1008 4267 1099 4315 orons
1111 4267 1293 4328 comparantes,
1305 4277 1353 4313 non
1362 4264 1393 4312 ob
1403 4265 1505 4314 nominis
1516 4265 1552 4315 sui
1564 4267 1726 4322 celebritatem

133 4348 251 4421 Ἕλλησι
267 4348 411 4425 κτώμενοι,
427 4351 473 4407 ούκ
493 4349 536 4406 ἐπὶ
551 4355 582 4428 τῇ
596 4347 655 4425 δόξῃ
664 4347 732 4425 μέγα
746 4353 905 4430 φρονοῦντες,
952 4367 1003 4402 sese
1012 4353 1160 4410 attollentes,
1173 4351 1214 4400 sed
1227 4349 1292 4414 quod
1302 4363 1340 4400 res
1348 4349 1423 4413 gloria
1432 4364 1475 4400 sua
1485 4351 1568 4414 dignas
1577 4363 1724 4420 peragerent,

133 4435 192 4494 ἀλλ’
206 4435 251 4494 ἐπὶ
266 4437 303 4514 τῷ
316 4433 412 4505 ταύτης
426 4435 485 4502 ἄξια
503 4435 633 4514 πράττειν,
648 4439 699 4493 τῶν
714 4433 761 4508 μὲν
773 4433 906 4505 Ἑλλήνων
953 4447 1091 4492 Graecorum
1105 4438 1202 4502 quidem
1217 4437 1341 4500 presides,
1356 4438 1511 4487 barbarorum
1527 4443 1607 4490 autern
1617 4441 1727 4496 domirros

92 4540 117 4580 rs
133 4522 298 4600 προστάτας,
312 4525 363 4579 τῶν
379 4521 405 4579 δὲ
421 4519 561 4600 βαρόάρων
573 4521 701 4588 δεσπότας
714 4520 819 4588 ἑαυτοὺς
831 4527 905 4580 καθε·
951 4527 1186 4578 asseconstituentes
1199 4541 1205 4573 z
1219 4525 1341 4575 nonenim
1352 4525 1426 4574 verbo
1438 4526 1521 4576 1111011
1532 4527 1672 4592 studebant,
1684 4533 1726 4582 sod

132 4608 249 4676 στάντες·
258 4609 288 4666 οὗ
300 4606 351 4686 γὰρ
362 4607 430 4687 λόγῳ
436 4607 482 4677 τήν
497 4607 589 4684 ἀρετήν
600 4608 762 4678 ἐπετήδευον,
773 4608 831 4665 ἀλλ’
840 4607 907 4687 ἔργῳ
951 4629 1024 4679 opere
1040 4615 1133 4664 cunctis
1149 4613 1351 4664 demonstrabant.
1368 4613 1432 4674 (1011)
1447 4615 1546 4664 Proinde
1557 4615 1617 4665 adeo
1629 4619 1726 4672 luerunt

130 4705 212 4754 πᾶσιν
222 4695 409 4754 ἐπεδείκνυντο.
425 4697 482 4772 (ron)
492 4697 637 4775 Τοιγαροῦν
649 4695 730 4761 οὕτως
740 4687 806 4766 ἦσαν
819 4695 907 4774 ἄνδρες
952 4704 997 4752 viri
1007 4701 1124 4752 honestati
1135 4701 1209 4750 dediti
1221 4703 1246 4750 et
1259 4699 1352 4763 publice
1367 4703 1390 4748 et
1406 4701 1517 4762 privatim
1528 4703 1611 4751 urbem
1622 4707 1673 4754 tum
1687 4709 1725 4756 ln·
1818 4749 1823 4758 .

130 4784 271 4840 σπουδαῖοι
286 4780 331 4838 καὶ
343 4784 415 4858 κοινήΙ
429 4782 474 4839 καὶ
486 4782 539 4860 ἰδίῳ
555 4785 578 4840 ol
589 4781 647 4840 τότε
658 4781 705 4853 τὴν
720 4782 794 4840 πόλιν
808 4785 906 4841 οίκοῦν-
952 4791 1066 4850 colentes,
1077 4791 1103 4836 ul
1114 4787 1247 4837 lorllssimls
1258 4786 1441 4836 lacedemoniis
1452 4787 1726 4854 01101111011011110111101

129 4891 191 4942 τες,
205 4867 276 4926 ὥστε
299 4868 351 4932 τοῖς
370 4867 556 4945 ἀνδρειοτάτοις
575 4867 789 4944 Λακεδαιμονίοις
811 4871 908 4936 ἐντοῖς
952 4877 1042 4926 bellurn
1052 4875 1188 4937 gerentibus
1200 4873 1327 4923 adversum
1340 4875 1598 4925 blesseniosoracirlum
1610 4877 1726 4932 (11000111-

129 4955 281 5034 ἶμπροσθεν
292 4953 393 5033 χρόνοις
404 4957 547 5032 πολτμοῦσι
560 4956 624 5034 πρὸς
634 4955 795 5026 Μεσσηνίους
809 4959 907 5015 ἀνεῖλεν
951 4963 1027 5023 derit,
1041 4975 1090 5024 quo
1099 4961 1194 5022 jusserit
1205 4963 1233 5010 ut
1243 4974 1257 5010 a
1269 4961 1338 5010 nobis
1345 4961 1429 5010 ducem
1443 4963 1591 5024 acciperent,
1601 4965 1725 5020 victoriam

129 5041 217 5106 δθέος
237 5039 299 5119 παρ’
316 5043 392 5116 ἡμῶν
407 5041 524 5116 ἡγεμόνα
546 5041 635 5099 λαθεῖν
652 5043 697 5100 καί
716 5042 829 5112 νικήσειν
847 5041 906 5110 τοὺς
951 5049 984 5099 110
1002 5051 1032 5099 de
1050 5049 1158 5098 hostibus
1178 5047 1285 5097 relaturi.
1319 5047 1407 5111 Atqui,
1428 5048 1448 5097 sl
1467 5047 1495 5098 ils
1512 5051 1552 5112 qui
1569 5051 1600 5100 ab
1624 5055 1726 5106 llercule

129 5125 272 5194 ἐναντίους.
287 5127 381 5188 Καίτοι
396 5129 419 5186 εἰ
430 5131 481 5187 τῶν
493 5127 537 5207 ἀφ’
551 5127 710 5208 Ἡρακλέους
720 5128 906 5208 γιγενημίνων,
951 5134 1043 5187 oriundi
1056 5133 1118 5198 apud
1130 5138 1258 5197 Spartanos
1273 5135 1360 5198 1031001
1372 5147 1465 5198 semper
1477 5138 1560 5188 tenent
1572 5138 1724 5202 (1100110100,

1607 5241 1629 5277 ε.
