4150 6094
831 448 1084 511 FRAGMENTA.
1714 453 1768 508 aet

155 605 260 660 μενοι...
274 579 397 662 Ἔγραψε
413 580 441 639 δί
454 581 499 640 καί
511 581 607 662 τέχνας
620 579 757 662 ρητορικδς
766 583 811 640 καὶ
824 583 942 660 δημηγο-
965 581 973 618 ¹
989 595 1020 640 ut
1030 585 1154 659 primum
1167 585 1312 640 orationes
1323 624 1332 658 ,
1344 594 1482 657 quaesunt
1495 580 1559 662 πρὸς
1571 581 1703 662 Αἰσχίνην
1712 587 1776 663 βλά-

154 673 229 750 ρίας,
249 669 369 748 ἰγκῶμιά
392 692 421 728 τε
440 668 486 728 καὶ
501 667 667 750 ἐπιταφίοις,
686 667 733 728 καί
754 669 893 737 ἐπιστολάς
906 669 941 745 ζ’,
988 670 1036 744 6ης
1049 683 1078 730 et
1094 671 1163 732 Κατ’
1177 669 1306 749 Αἰσχίνου
1322 671 1383 750 περί
1402 673 1449 742 τῆς
1473 670 1625 748 δημεύσεως
1638 675 1691 731 τῶν
1709 673 1776 753 Ἀρι-

154 759 219 834 μίαν
234 758 282 837 μίν
296 755 496 838 πραγματυιείν,
514 755 562 823 τὰς
582 755 610 816 δὲ
627 754 722 825 λοιπάς
739 756 881 836 ίρωτικάς,
904 747 942 816 ῶν
988 758 1129 839 στεφάνως
1142 758 1289 838 χρημάτων
1299 759 1336 815 ad
1350 761 1421 816 alios
1444 760 1573 820 homines
1594 765 1778 837 cognomines

154 851 183 906 αἱ
201 847 279 907 πέντε
297 845 363 924 πρὸς
377 845 513 924 μειράκια.
988 851 1134 923 pertinere
1146 849 1269 922 judicet,
1284 847 1389 904 deiude
1400 849 1516 922 Lysiam
1531 851 1689 906 orationem
1702 869 1776 906 con·
1800 903 1802 908 ,

194 939 348 1012 Dionysius
357 945 379 997 t.
394 938 429 1004 V,
442 955 472 1011 p.
488 933 558 1010 453,
573 955 605 991 ει
623 931 790 1000 εΠλείστσυς
805 931 832 992 δί
841 932 944 1014 γράψας
990 949 1035 993 tra
1048 937 1211 996 AEschinem
1223 937 1369 1012 scripsisse
1381 934 1442 1016 περί
1457 935 1632 1017 συκοφαντίας
1646 941 1777 1014 Diogene

154 1021 251 1103 λύγους
268 1025 305 1090 εἰς
323 1021 482 1102 δικαστήριά
493 1043 523 1080 τε
535 1021 580 1080 καί
596 1019 693 1100 βουλάς
705 1020 751 1080 καί
769 1019 834 1098 πρὸς
846 1021 944 1093 ἰκκλη-
991 1037 1111 1082 auctore
1126 1045 1143 1083 a
1161 1025 1228 1102 §64
1247 1036 1370 1096 atattsat,
1386 1027 1436 1082 sed
1454 1045 1517 1089 eam
1540 1027 1777 1084 declamationem

155 1111 216 1178 σίας
229 1108 363 1181 steina,
381 1109 447 1188 πρὸς
467 1108 494 1169 δί
508 1109 608 1176 τούτοις
624 1108 833 1188 πανηγυρικούς,
852 1109 943 1188 ἰρωτι-
989 1115 1072 1172 fuisse
1089 1115 1208 1172 similem
1222 1112 1299 1189 ejus,
1319 1132 1377 1188 qua
1390 1115 1488 1189 Lysias
1509 1115 1658 1172 Socratem
1675 1115 1776 1171 desen·

155 1198 235 1275 κούς,
259 1199 457 1274 immolentis,
479 1200 532 1256 τῶν
556 1195 604 1274 μίν
624 1196 771 1276 ίμπροσδεν
797 1196 943 1276 γενομένων
991 1204 1064 1260 disse
1076 1203 1193 1278 dicitur,
1206 1203 1330 1276 denique
1344 1220 1421 1272 eam,
1434 1203 1482 1258 cui
1495 1203 1646 1258 Athenaeus
1657 1205 1777 1278 inscrip-

157 1287 277 1368 ρητόρων
291 1285 309 1357 ἢ
324 1287 394 1346 κατδ
414 1287 458 1345 τδν
472 1285 655 1366 αύτὸνχρύνον
675 1285 852 1363 ἀκμασάντων
869 1285 941 1364 ἠφά-
990 1303 1051 1348 tum
1077 1291 1162 1346 luisse
1183 1289 1260 1346 dicat
1281 1287 1353 1366 Πρὸς
1379 1286 1508 1368 Αἰσχίνην
1533 1287 1577 1346 τὸν
1604 1289 1777 1366 Σωκρατικὸν

155 1399 211 1432 νισε
222 1377 268 1442 τὰς
283 1375 370 1444 δόξας.
989 1374 1088 1454 χρέως,
1115 1378 1237 1434 rhetoris
1251 1377 1418 1434 recentioris
1442 1377 1512 1433 odio
1536 1379 1776 1453 philosophorum

197 1466 240 1521 ld.
255 1466 296 1520 ib.
310 1483 340 1540 p.
354 1463 452 1539 4590
472 1486 478 1518 :
495 1463 594 1530 Λυσίας
604 1461 631 1520 δί
645 1467 760 1521 τοιοῦτον
775 1462 848 1520 οὐδὲν
860 1461 943 1532 ἤσκη-
990 1466 1068 1521 ducti
1084 1485 1156 1540 opus
1170 1468 1260 1522 veteri
1278 1467 1386 1522 oratori
1406 1468 1586 1542 suppositum
1601 1485 1673 1538 esse,
1688 1471 1778 1542 Aspa-

156 1575 202 1609 σεν
217 1553 245 1608 tv
263 1555 324 1626 γοῦν
346 1558 401 1617 τοῖς
421 1550 525 1630 σπουδῇ
546 1547 718 1632 γραφομένοις
737 1551 879 1616 δικανικοῖς
899 1548 944 1608 καί
992 1554 1039 1608 siae
1053 1555 1228 1610 mentionem
1239 1553 1276 1610 ad
1289 1553 1524 1611 declamationem
1535 1557 1611 1610 illam
1623 1557 1778 1630 genuinam

155 1637 391 1713 συμύουλευτικοῖς
405 1637 490 1716 λόγοις
503 1641 627 1715 ποιῆσαι,
644 1635 714 1708 πλὴν
727 1635 751 1695 εἴ
765 1660 791 1695 τι
809 1635 901 1716 μικρὸν
916 1639 943 1694 ἰν
989 1643 1134 1716 pertinere
1146 1641 1252 1712 videri,
1264 1641 1381 1714 reliquae
1392 1659 1493 1712 voces,
1505 1661 1575 1716 quas
1585 1645 1777 1716 Harpocratio

156 1735 212 1792 τοῖς
222 1733 427 1804 πανηγυρικοῖς·
439 1725 500 1803 περί
510 1723 561 1803 γδρ
573 1724 604 1796 δὴ
619 1727 670 1784 τῶν
681 1726 854 1784 ἐπιστολικῶν
864 1725 944 1782 αὑτοῦ
990 1728 1105 1800 afferat,
1120 1741 1216 1786 utrum
1233 1731 1357 1787 orationi
1376 1731 1527 1804 suppositae
1542 1731 1703 1786 tribuendae
1722 1733 1778 1787 sint
1848 1721 1850 1726 ¹

156 1814 204 1873 καὶ
218 1817 355 1894 ἑταιρικῶν
366 1814 474 1872 καὶτῶν
488 1813 586 1886 ἄλλων,
601 1811 645 1880 et<
658 1813 726 1890 path
742 1813 849 1878 παιδιᾶς
859 1812 940 1892 ἔγροι-
991 1831 1028 1869 an
1043 1815 1245 1873 declamationi
1261 1813 1388 1874 dubitari
1407 1834 1502 1891 posse.
1525 1818 1712 1874 Welclserum
1730 1835 1777 1874 sc-

155 1908 214 1984 ψει,
224 1902 297 1963 οὐδὲν
308 1901 400 1980 δέομαι
411 1902 506 1980 λέγειν.
990 1905 1088 1979 quitur
1106 1905 1288 1962 Hoelscherus
1308 1905 1372 1975 (De
1396 1910 1453 1960 vita
1484 1917 1513 1959 et
1533 1909 1646 1979 scriptis
1669 1907 1776 1978 Lysiae.

198 1994 243 2051 ld.
259 1995 299 2054 ib.
314 2013 346 2068 p.
362 2001 432 2068 491,
446 1999 462 2060 t,
483 2011 490 2046 ε
507 1989 634 2050 Μάλιστα
647 1989 669 2048 δ’
685 1989 717 2047 άν
731 2012 769 2056 τις
786 1990 866 2047 αὐτοῦ
882 1993 944 2047 δαν·
993 1995 1117 2048 Berolini
1134 1993 1207 2064 1837
1218 1996 1237 2066 ).
1253 1996 1347 2068 Atque
1358 1994 1515 2064 orationes,
1526 2007 1590 2066 'quae
1601 2003 1666 2048 sunt
1677 1991 1779 2070 βλάδης

156 2077 252 2155 μάστιε
266 2077 313 2150 την
325 2081 352 2138 ἰν
364 2086 420 2146 τοῖς
433 2077 582 2158 προοιμίοις
599 2079 679 2136 αὐτοῦ
691 2075 815 2156 δύναμιν,
832 2079 945 2154 ἐνθυμη·
990 2091 1019 2137 et
1038 2078 1100 2158 περὶ
1124 2078 1290 2155 δημεύσεως,
1311 2080 1379 2153 jure
1400 2090 1498 2136 contra
1521 2081 1607 2135 alium
1639 2079 1686 2134 rel
1708 2081 1779 2136 alios

156 2167 211 2233 θεὶς
236 2167 276 2225 ὅτι
296 2166 437 2225 διακοσίων
456 2165 504 2223 οὐκ
526 2165 652 2232 ἐλάττους
670 2163 819 2232 δικανικούς
842 2163 946 2244 γράψας
989 2168 1120 2225 homines
1138 2169 1248 2224 habitas
1267 2185 1327 2224 esse
1341 2179 1446 2225 censet.
1488 2165 1544 2223 Sed
1562 2165 1642 2240 quod
1663 2168 1778 2222 oratio·

156 2255 249 2332 λόγους
261 2256 288 2313 δν
299 2253 383 2315 οὐδενί
397 2253 512 2334 πέφηνεν
525 2253 583 2315 ούτε
596 2254 729 2322 ἀπιθάνοις
744 2252 945 2332 προοιμιαζόμε·
990 2275 1074 2326 uem,
1088 2275 1151 2331 quae
1163 2265 1203 2312 est
1222 2253 1320 2334 χρέως,
1334 2257 1510 2330 suppositam
1526 2271 1582 2310 esse
1596 2256 1712 2330 statuit,
1728 2274 1774 2310 ar-

155 2365 201 2409 νος
213 2339 272 2402 ούτε
284 2341 461 2422 ἀπηρτημένῃ
471 2345 523 2402 τῶν
538 2343 705 2420 πραγμάτων
721 2345 791 2422 ἀρχῇ
801 2339 944 2422 χρώμενος.
990 2355 1138 2419 gammam,
1160 2361 1222 2418 quae
1239 2345 1373 2418 protulit,
1387 2361 1490 2418 parum
1510 2340 1664 2398 sufiiciunt.
1685 2344 1718 2398 ln
1736 2361 1779 2399 re·

198 2435 233 2488 ln
246 2434 337 2491 schol.
358 2433 396 2490 ad
409 2433 534 2492 AEschin.
551 2436 594 2489 De
609 2433 671 2492 tals.
686 2434 770 2508 legat.
788 2431 807 2508 S
825 2431 877 2505 ιδ,
890 2431 944 2487 τῶν
991 2433 1044 2488 bus
1057 2433 1173 2507 singulis
1189 2433 1261 2487 nihil
1277 2443 1332 2502 est,
1358 2430 1438 2506 quod
1450 2431 1639 2502 suspicionem
1654 2441 1777 2488 moveat.

157 2517 224 2578 δίκα
234 2517 352 2599 ῥητόρων
365 2517 514 2599 ύσκιίριφσς
525 2523 565 2577 ita
572 2521 659 2577 habet
674 2539 681 2574 ι
698 2515 842 2595 Δείναρχος
851 2513 944 2592 λόγους
992 2521 1152 2577 AEschinem
1165 2523 1276 2578 veroin
1289 2531 1411 2596 egestate
1424 2521 1551 2575 maxima
1566 2519 1653 2574 vitam
1671 2517 1779 2594 degisse

162 2609 186 2666 ν’
202 2606 250 2683 (ον’
266 2610 335 2668 cod.
358 2610 475 2670 Coislin.
486 2611 508 2684 l,
525 2605 625 2671 Αυσίας
638 2604 730 2682 λόγως
749 2605 783 2682 ζ’,
799 2607 947 2682 Λυκοῦργος
993 2621 1104 2667 constat
1118 2629 1125 2666 ε
1142 2629 1177 2666 ex
1191 2629 1225 2666 ea
1236 2610 1316 2667 t'acile
1328 2600 1513 2664 incommoda
1525 2617 1605 2662 tanta
1618 2608 1689 2662 oriri
1700 2619 1780 2682 pote·

158 2694 251 2774 λόγους
263 2692 303 2770 η’,
314 2693 468 2767 Ἀνδοκίδης
477 2693 569 2771 λόγους
587 2693 643 2768 μδ.
656 2697 690 2750 ln
701 2697 745 2752 his
759 2697 946 2769 quemadmo·
991 2709 1055 2755 rant
1068 2739 1076 2768 ,
1090 2711 1123 2754 ut
1138 2701 1275 2756 malitiosa
1297 2698 1412 2754 solertia
1429 2705 1567 2753 exornata
1578 2713 1642 2752 eam
1657 2698 1779 2770 speciem

159 2784 231 2840 dum
247 2785 409 2841 orationum
425 2785 537 2840 numeri
551 2787 683 2858 Lycttrgo
698 2793 727 2840 et
743 2783 887 2841 Andocidi
898 2785 946 2841 ad·
992 2787 1160 2856 induerent,
1177 2805 1262 2860 quam
1281 2786 1312 2841 in
1326 2788 1379 2842 hac
1393 2786 1523 2842 oratione
1543 2785 1687 2842 miramur.
1703 2785 1779 2840 Cau·

159 2873 260 2948 scripti
273 2875 314 2930 ita
323 2873 529 2948 transponendi
546 2883 574 2928 et
587 2871 759 2929 emendandi
769 2891 829 2930 esse
842 2874 947 2930 viden·-
993 2877 1110 2950 puniam
1125 2893 1258 2932 exercere
1270 2875 1314 2931 rel
1324 2874 1540 2950 unguentariam
1553 2871 1647 2928 facere
1661 2873 1780 2928 Athenis

161 2971 209 3017 tur
222 2972 255 3017 ut
271 2963 406 3036 legatur:
425 2961 575 3038 Λυκοῦργος
586 2958 678 3038 λόγους
688 2959 720 3017 ιδ
723 3007 731 3031 ,
742 2958 891 3032 Ἀνδοκίδης
901 2959 946 3018 λά-
992 2963 1048 3018 vile
1067 2962 1185 3034 quidem
1205 2970 1266 3017 erat
1286 2977 1380 3034 neque
1399 2977 1470 3016 vero
1493 2959 1639 3016 infamiam
1651 2959 1778 3030 serebat,

159 3046 568 3124 qoacq',similiterinantecc.
589 3049 707 3106 fortasse
720 3049 872 3124 legendnm
881 3061 945 3106 est:
993 3062 1025 3108 ut
1044 3050 1080 3106 ab
1101 3050 1233 3105 AEschius
1258 3049 1383 3105 alienum
1409 3046 1535 3120 judicari
1562 3065 1676 3104 necesse
1696 3059 1778 3118 esset,

161 3133 306 3215 Δείναρχος
318 3135 412 3212 λόγους
431 3134 466 3212 ξ’,
482 3133 581 3200 Αυσίας
594 3133 687 3212 λόγους
706 3133 730 3193 υ’
741 3135 787 3194 vel
801 3135 847 3197 υι’.
870 3139 948 3194 Cete-
994 3137 1074 3210 eujus
1088 3147 1198 3210 patrem
1215 3135 1352 3193 sartorem
1375 3135 1459 3191 fuisse
1479 3137 1592 3190 scimus.
1621 3135 1705 3192 Adde
1718 3155 1781 3209 quae

161 3243 225 3280 rum
241 3222 365 3304 σκάριφος
381 3226 429 3282 ille
442 3235 533 3282 exstat
546 3225 630 3280 etiam
645 3226 677 3280 in
698 3223 798 3282 codice
817 3223 947 3282 Parisino
993 3225 1030 3282 de
1044 3237 1207 3298 temporum
1219 3223 1431 3281 necessitatibus
1450 3224 1605 3280 Euxitheus
1619 3223 1689 3280 dicit
1701 3223 1781 3298 apnd

163 3333 237 3389 ²99¹
261 3312 303 3390 (ν.
320 3315 521 3370 Boissonadius
540 3314 577 3370 ad
589 3315 699 3388 Eunap.
716 3323 737 3368 t.
754 3315 793 3384 1.,
807 3333 839 3388 p.
859 3314 946 3391 134),
995 3314 1217 3371 Demosthenem
1247 3331 1292 3370 or.
1323 3311 1358 3384 57
1385 3311 1415 3388 S.
1452 3310 1500 3378 tt.
1529 3313 1683 3385 Quomodo
1712 3331 1781 3368 vero

161 3413 190 3458 et
204 3401 310 3458 inood.
324 3403 501 3458 Barocciano
516 3399 825 3478 125(v.Cramerusin
839 3401 947 3460 Anecd.
996 3402 1132 3459 causidici
1156 3403 1244 3457 vitam
1277 3412 1306 3457 et
1340 3419 1435 3457 mores
1455 3419 1572 3458 reorum
1598 3403 1781 3458 tractaverint

161 3493 255 3550 Oxou.
271 3501 292 3547 t.
306 3491 358 3564 IV,
373 3509 404 3566 p.
418 3489 501 3569 256),
516 3490 567 3545 ubi
577 3508 632 3565 pro
645 3487 747 3554 Αυσίας
759 3487 851 3565 λόγους
864 3487 889 3564 l,'
907 3502 950 3546 est
994 3502 1022 3547 et
1037 3493 1097 3547 aliis
1122 3490 1258 3564 exemplis
1279 3497 1390 3546 constat
1408 3490 1555 3564 permultis
1570 3500 1599 3545 et
1618 3507 1702 3545 causa
1723 3490 1780 3545 hu-

161 3575 254 3654 λόγοος
267 3576 306 3648 ςίς
325 3596 379 3634 nec
400 3597 460 3634 non
483 3575 562 3652 apud
586 3579 709 3635 lilanuel.
729 3577 948 3651 Moschopulum
992 3579 1052 3652 jus,
1070 3579 1177 3651 dequa
1195 3579 1383 3652 exponimus,
1405 3578 1548 3633 simillima
1571 3578 1781 3648 Timothei,in

161 3683 191 3738 p.
207 3665 257 3736 60,
272 3665 324 3722 ubi
344 3667 391 3722 s'r.
408 3665 444 3725 N.
460 3667 582 3737 Titzius,
598 3684 656 3721 non
671 3666 815 3722 intellecto
835 3669 947 3723 numeri
995 3685 1080 3741 quem
1095 3678 1196 3722 auctor
1220 3665 1358 3721 orationis
1382 3675 1500 3739 quaeest
1521 3665 1595 3722 inter
1616 3666 1781 3723 demosthe-

161 3753 250 3828 siglo,
263 3753 366 3812 dedit:
385 3751 485 3819 Αυσίας
495 3750 588 3830 λόγους
606 3762 635 3822 ἱ..
994 3756 1073 3810 σείσειε
1090 3761 1127 3828 49
1149 3753 1277 3809 convicia
1295 3752 1475 3808 acerbissima
1487 3752 1578 3825 jactat
1590 3753 1623 3829 (S
1638 3752 1675 3810 65
1696 3773 1748 3830 sqq
1760 3751 1779 3831 l.

328 3891 335 3906 .
563 3891 570 3910 ,
849 3896 851 3900 ,
994 3843 1071 3898 Nihil
1093 3843 1100 3896 i
1122 3841 1180 3896 itur
1201 3857 1360 3896 causaesse
1402 3847 1452 3895 uto
1491 3851 1524 3894 ut
1543 3840 1703 3898 orationem
1740 3861 1781 3896 uae

183 3890 208 3948 1·
233 3889 336 3948 [11202
357 3890 641 4038 AlleNssFggx
665 3889 920 3954 ΣΩΚΡᾹΤΙΚΟΝ
995 3941 1036 3986 est
1050 3860 1121 4007 saepig
1130 3925 1214 4006 χρέως
1236 3859 1412 4001 suppositalh
1431 3883 1490 3983 esde
1511 3927 1671 3988 credamus.
1687 3860 1782 4000 Αίίμεσ

551 4021 563 4036 ⁴
621 4022 629 4039 ⁰
995 4018 1117 4073 adhanc
1133 4019 1223 4092 ipsam
1240 4017 1325 4071 etiam
1341 4033 1395 4085 ea,
1420 4035 1483 4089 quae
1497 4017 1641 4090 Diogenes
1662 4033 1679 4071 a
1698 4015 1724 4090 S.
1743 4015 1781 4070 63

206 4125 217 4150 τ
234 4101 267 4158 F.
283 4101 336 4158 Th.
350 4101 494 4157 Welelteri
508 4111 597 4156 exstat
609 4101 645 4156 de
657 4101 711 4156 hac
728 4103 858 4158 oratione
872 4121 950 4158 com·
996 4107 1035 4160 ait
1058 4125 1065 4160 t
1086 4102 1131 4161 καί
1149 4101 1250 4168 Αυσίας
1270 4099 1298 4158 δί
1313 4099 1373 4158 κατ’
1393 4101 1473 4161 αὐτοῦ
1491 4100 1607 4180 γέγραφε
1624 4099 1700 4177 λόγον
1721 4100 1782 4180 περὶ

164 4189 433 4244 ntentatioinlllusei
447 4188 566 4244 rhenani
577 4189 693 4246 aF.'lh.
706 4190 861 4247 ttetctero
874 4202 903 4247 et
914 4194 948 4250 Α.
996 4190 1168 4269 συκοφαντίας
1189 4188 1336 4268 ἐπιγράψας
1356 4191 1464 4262 ret'ero;
1501 4208 1569 4246 nam
1583 4193 1676 4265 prima
1694 4191 1784 4248 verba

166 4279 199 4334 F.
216 4275 313 4332 Naelio
323 4276 390 4332 editi
406 4277 464 4335 vol.
478 4275 515 4346 ll,
530 4296 562 4350 p.
577 4275 747 4350 391-410,
762 4296 847 4351 quam
860 4280 951 4352 repeti
996 4279 1093 4356 νομίζω
1113 4277 1136 4336 δ’
1154 4279 1202 4337 οὐκ
1219 4277 1251 4335 δν
1270 4275 1366 4356 ῥηιδίως
1380 4275 1460 4335 αὐτὸν
1481 4276 1573 4356 ἑτέραν
1592 4274 1691 4350 ταύτης
1704 4299 1783 4336 συκο-

161 4365 466 4440 jussitOpuscnlorum
477 4366 534 4420 vol.
550 4368 605 4440 lp.
621 4365 779 4433 ηιυ-Ιςδο
794 4381 802 4424 :
818 4368 950 4424 Unaecht·
997 4365 1211 4448 φαντωδεστέραν
1231 4363 1342 4446 ἐξευρεῖν
1361 4366 1445 4423 lacile
1463 4369 1681 4443 grammaticum
1698 4367 1783 4423 indu·

165 4455 227 4508 aare
246 4455 298 4508 der
317 4455 392 4509 llede
415 4456 465 4508 des
484 4455 582 4520 Lrsias
605 4473 696 4528 φερειν
717 4455 771 4509 den
793 4455 954 4511 Sokratiler
999 4475 1063 4513 cere
1080 4464 1226 4532 poterant,
1241 4466 1274 4512 ut
1291 4453 1353 4534 napi
1365 4453 1540 4534 συκοφαντίας
1554 4457 1637 4512 titttlo
1653 4455 1781 4512 adderet.

165 4541 322 4599 AEsehines.
340 4540 431 4613 liujus
450 4543 678 4597 commentarioli
691 4559 802 4596 summa
821 4543 881 4598 haec
899 4553 952 4616 est,
998 4544 1027 4600 Si
1051 4563 1120 4600 vero
1141 4545 1237 4618 plures
1259 4541 1377 4600 luissent
1398 4545 1488 4617 Lysiae
1512 4546 1656 4600 orationes
1682 4555 1784 4601 contra

167 4737 218 4781 tem
228 4731 358 4780 oratoriam
370 4732 396 4781 et
409 4731 551 4790 eouoioms,
563 4730 622 4780 item
634 4729 760 4790 encomia,
776 4731 897 4781 orationes
917 4731 953 4782 iu·
1002 4733 1118 4792 cialibus,
1132 4733 1185 4783 ium
1197 4731 1378 4793 deliberativis,
1395 4745 1457 4795 quas
1467 4733 1532 4782 cerie
1546 4733 1659 4782 accurate
1673 4731 1785 4800 scripsit,

167 4802 271 4862 nebrss,
289 4801 401 4864 epistolas
416 4803 529 4862 septem,
550 4813 624 4850 uuam
643 4801 836 4862 pragmaticam,
852 4801 955 4865 reliquas
1000 4802 1127 4862 adtribuit,
1142 4802 1189 4852 nisi
1202 4801 1303 4852 tortasse
1317 4802 1425 4852 nonnihil
1439 4803 1463 4851 in
1474 4802 1632 4866 panegyricis.
1645 4805 1680 4854 Do
1693 4805 1783 4865 epieto,

167 4872 313 4931 natatoriam
326 4885 429 4934 quarum
440 4871 546 4933 quinque
557 4873 615 4920 suut
627 4869 659 4918 ad
676 4869 875 4923 adolescentulos.
1000 4874 1028 4924 iis
1039 4875 1103 4923 euim
1120 4878 1145 4922 et
1155 4873 1278 4922 amatoriis
1293 4875 1318 4922 et
1331 4873 1385 4922 aliis
1405 4874 1543 4923 orationum
1565 4873 1708 4936 generibus,
1725 4887 1786 4939 ηυης

201 4941 285 4991 linitis
297 4947 379 4992 autem
392 4941 489 5002 scriptis
505 4941 655 4990 orationibus
662 4941 818 5002 iudicialibus
827 4946 853 4992 et
862 4943 953 4994 delibo·
1000 4941 1065 4991 uuila
1081 4940 1190 4990 adnibito
1200 4953 1259 4990 curs
1269 4941 1421 5004 conscripsit,
1431 4955 1480 4991 uon
1494 4944 1532 4992 est
1543 4955 1603 5004 opus
1616 4943 1707 4994 dicere.

168 5013 255 5063 satiris
270 5014 298 5060 et
311 5011 493 5061 concionalibus
507 5010 657 5074 iusiguibus,
671 5025 717 5063 uec
730 5025 778 5062 non
791 5016 954 5077 panegyricis,
1031 5011 1077 5062 Sed
1089 5012 1113 5060 iu
1124 5011 1228 5060 exordiis
1242 5011 1375 5072 presertim
1383 5011 1463 5074 Lysim
1472 5012 1574 5063 facultas
1584 5013 1693 5078 patescit,
1707 5025 1784 5075 quum

166 5083 302 5142 amatoriis,
317 5082 463 5144 epistolicis,
476 5085 602 5143 omnium,
613 5084 654 5144 qui
668 5083 734 5145 prins
751 5083 883 5134 tionteraut
893 5121 901 5145 ,
912 5091 955 5135 aut
999 5087 1113 5146 appareat
1126 5081 1149 5130 io
1157 5081 1313 5142 iudicialibus
1325 5095 1382 5132 oum
1394 5083 1559 5140 orabonibus,
1574 5097 1636 5146 quas
1646 5097 1694 5134 uon
1706 5083 1785 5142 mintp

167 5162 222 5207 tntu
236 5155 308 5202 etiarn
322 5154 449 5214 iterabant,
459 5157 584 5204 oratorum
600 5155 700 5215 gloriam
712 5153 861 5203 obscurarit.
1000 5154 1109 5204 ducentis
1118 5155 1221 5217 scripsit,
1233 5167 1357 5218 uunquam
1368 5169 1416 5206 non
1426 5157 1587 5209 verbimilitet
1597 5157 1729 5216 inchoasse,
1740 5167 1785 5215 nup

201 5225 285 5288 Lysias
297 5230 377 5274 autem
389 5225 449 5274 uiitil
460 5223 596 5285 hujusmodi
611 5225 809 5285 lucrationibus,
826 5228 878 5275 tum
887 5225 954 5286 iudi·
1000 5225 1126 5276 alionuma
1139 5239 1163 5276 re
1175 5225 1300 5276 exordium
1313 5226 1457 5280 adtribuisse.
