4032 6094
570 419 648 480 κιιι.
671 418 762 478 ιιιενι
783 418 858 478 ruz
881 398 1211 478 ιῑκνιιινετιειια.
1631 431 1688 480 ιιι

128 551 192 616 ³⁵2,
207 555 247 604 16.
263 549 505 621 Συνδιαλλάττωσιν]
520 549 677 622 φιλιώσωσιν.
688 554 718 606 Ρ.
949 549 1013 614 354,
1036 565 1077 620 17.
1098 549 1182 602 Καίτοι
1194 553 1270 602 ταῦτα
1284 549 1305 602 εί
1320 550 1362 620 μέν
1377 549 1496 622 ἀκοῦσαι]
1511 552 1580 613 Λύσις
1595 551 1693 622 ἰσχυρα-

128 629 192 694 352,
211 647 252 697 17·
266 629 327 690 Τοδς
342 626 416 690 Ἀλεῖς
431 630 489 699 πρὸς
503 629 559 690 τούς
571 629 738 700 Φαρσαλίους]
756 627 866 688 πολίτας.
911 627 971 692 τάτη
992 625 1147 691 ἀντιθέσεως,
1163 625 1227 692 οἷον,
1250 625 1306 678 ἀλλ’
1321 628 1466 690 ἀκούσαντες
1479 629 1502 681 οί
1519 609 1693 700 Θηάαῖοιίἐφυ-

85 709 117 760 Β.
134 707 202 774 Ἤδη
222 707 332 778 ἔγνωμεν
349 707 439 768 ἐντοῖς
457 707 615 770 Φιλιππικοῖς
636 709 674 761 ότι
687 708 712 760 αί
725 708 767 760 δύο
784 707 867 768 πόλεις
910 701 1014 764 λάξαντο
1035 705 1076 756 καί
1094 705 1125 755 δι’
1140 704 1198 757 αύτδ
1221 705 1249 756 ού
1273 707 1448 776 διεφθάρησαν·
1471 704 1527 759 εἶτα
1544 707 1597 759 λύει
1619 707 1693 774 αότήν

83 784 162 839 αὗται
171 790 213 852 τῆς
225 785 358 847 Θετταλίας
370 785 511 848 ἐστασίαζον
523 786 581 857 πρδς
600 786 684 848 έαυτάς
691 825 699 852 ,
715 786 786 858 ἡμὲν
798 786 866 856 Φάρ-
910 781 1057 852 ὃιλημμάπμ
1078 783 1198 852 σχήματι.
1242 782 1354 854 Ἔμελλε
1376 785 1437 838 κατὰ
1458 785 1487 838 τδ
1506 785 1594 853 ἀληθές
1616 793 1692 841 ταῦτα

82 866 164 927 σαλος
177 865 235 935 φίλη
260 859 321 917 οῦσα
344 869 387 918 τοῦ
404 865 544 932 Φιλίππου,
569 865 623 918 5δά
644 865 714 927 Ἀλος
737 871 784 918 τῶν
802 863 866 931 Αθη-
910 863 987 912 ποιεῖν
1003 859 1016 912 ὁ
1030 859 1168 924 Φίλιππος,
1184 861 1200 927 ἢ
1215 859 1253 913 οῦ.
1292 862 1320 914 ἰῐί
1335 862 1378 934 μὲν
1392 863 1440 934 γάρ
1452 865 1495 916 υύκ
1512 865 1602 935 έμελλε
1618 871 1690 933 ποιῆ-

81 945 174 997 valum,
188 945 366 997 ACDGRTV‚
909 956 962 1002 σαι,
985 937 1051 990 ἀλλά
1064 938 1093 990 σύ
1111 937 1217 1005 ἠπάτας,
1234 939 1332 1002 εἰκότως
1353 941 1476 1012 ἐφλυάρεις
1496 947 1571 996 ταῦτα
1593 944 1692 998 ἀπατῶν

122 1022 184 1084 353,
199 1022 225 1074 3.
238 1021 298 1091 Αέγε
307 1020 389 1082 αύτοῦς
403 1020 446 1088 τἠν
461 1019 607 1092 ἐπιστολὴν]
617 1021 652 1073 Τδ
666 1021 865 1092 θαυμαστότατον
908 1015 988 1087 ἡμεῖς,
1004 1016 1072 1078 εἰδὼς
1084 1017 1123 1070 ότι
1136 1017 1164 1069 ού
1178 1019 1321 1088 γενήσεται·
1340 1019 1361 1072 εἰ
1375 1019 1459 1073 δέ’διά
1474 1021 1501 1073 τδ
1520 1023 1690 1092 προαισθέσθαι

80 1101 160 1152 τοῦτό
172 1099 236 1153 ἐστιν
258 1100 296 1152 δτι
309 1095 370 1171 ᾗπερ
386 1101 415 1151 ἂν
435 1098 550 1170 Αἰσχίνης
567 1099 689 1170 ἐχρήσατο
703 1099 761 1169 πρὸς
773 1098 865 1152 ἀπσλο-
909 1096 1057 1160 κεκώλυται,
1073 1096 1113 1146 διά
1127 1097 1150 1149 τί
1162 1094 1195 1166 μὴ
1211 1095 1327 1162 ἐσιώπαςς
1341 1097 1362 1151 εἰ
1375 1099 1417 1168 μέν
1432 1099 1478 1169 γάρ
1495 1099 1623 1170 ἐγίνωσκες
1635 1102 1673 1153 ότι
1681 1141 1688 1164 ,

80 1178 142 1247 γίαν
155 1177 286 1248 ἐπιστολῇ,
300 1176 389 1244 ταύτην
407 1176 479 1230 ίλαύε
501 1177 559 1246 πρδς
577 1176 726 1247 κατηγορίαν
739 1178 864 1247 Δημοσθέ-
910 1172 950 1226 ἐάν
964 1173 1004 1225 καλ
1017 1173 1151 1226 ἀκούσωσιν
1166 1175 1189 1226 οί
1202 1175 1321 1240 θηδαίοι,
1337 1177 1364 1228 ού
1378 1177 1522 1242 δυνήσονται
1533 1178 1689 1247 φυλάξεσθαι,

80 1275 135 1322 νης·
149 1256 248 1322 σύνηθες
264 1255 312 1326 γὰρ
323 1255 388 1326 αυτῷ
399 1255 429 1307 τε
444 1253 531 1324 ἰσχυρὰ
543 1261 591 1308 τῶν
602 1255 729 1308 ἀντιδίκων
742 1254 864 1326 διαίοχυν
908 1251 940 1312 ὡς
949 1253 1017 1312 ὄντες
1036 1251 1157 1316 ἀσθενεῖς,
1171 1252 1195 1304 τί
1206 1247 1249 1304 οὖν
1263 1251 1295 1322 μὴ
1308 1254 1485 1323 ὃιεφθάρησσνι
1499 1253 1520 1306 εί
1529 1255 1555 1306 δὲ
1564 1253 1692 1325 ἐγίνωσκες
1756 1277 1759 1282 ·

79 1337 224 1402 δεινότητος
235 1335 308 1388 αύτοῦ
320 1335 448 1388 ποιεῖσθαι.
461 1335 542 1388 TCV.
908 1330 945 1382 ὅτι
962 1329 1056 1400 ἰσχυροί
1069 1329 1131 1394 εἰσι,
1152 1331 1193 1382 καὶ
1214 1329 1255 1383 ἐάν
1276 1331 1444 1402 προακούσωσι
1465 1333 1646 1403 φυλάττωνται,
1667 1334 1693 1386 τί

119 1414 183 1478 353,
200 1433 226 1482 9.
246 1413 305 1483 Περὶ
327 1412 353 1465 δέ
372 1413 479 1466 Φωκέων
492 1414 502 1483 ]
516 1411 586 1465 Μετά
601 1411 645 1478 τήν
664 1410 802 1482 ἀνάγνωσιν
822 1415 864 1478 τῆς
908 1405 1046 1478 ἐφλυάρειςς
1063 1410 1240 1462 ACDGRTV.

80 1487 229 1557 ἐπιστολῆς,
244 1493 325 1560 ὥσπερ
337 1489 546 1560 ἐπιάεόαιούμενος
557 1487 601 1554 τὴν
614 1489 638 1551 ἐξ
649 1489 722 1554 αθκῆς
735 1489 862 1558 ὠφέλειαν,
942 1481 1037 1558 Οὗτος]
1051 1486 1198 1556 όΑἰσχίνης
1214 1489 1244 1539 Ρ.

79 1570 159 1623 πάλιν
169 1569 253 1639 ἐπάγει
265 1593 276 1614 ι
288 1569 343 1638 περί
351 1568 377 1621 δέ
385 1569 493 1622 Φωκέων
503 1608 510 1632 ,
521 1567 675 1636 ἢθηῦαίων,
687 1569 703 1634 ἢ
718 1573 766 1622 τῶν
779 1567 863 1620 ἄλλων
943 1565 1010 1628 354,
1024 1581 1068 1633 αφ.
1087 1563 1245 1634 Ἐσπαθάτο]
1260 1562 1315 1616 ἀντὶ
1326 1567 1368 1616 τοῦ
1379 1566 1515 1618 συνετίθετο
1528 1571 1691 1636 μεταφορικῶς

83 1645 149 1701 ιῶν
165 1644 235 1708 οῦτος
248 1645 384 1716 ἀπήγγειλε
401 1647 460 1716 πρδς
474 1647 551 1718 ύμαῖς,
572 1645 627 1700 ούδέ
643 1649 731 1716 γρῦ.»
771 1641 846 1707 θύτας
853 1685 861 1710 ,
907 1641 1009 1708 ἀπδτῆς
1024 1648 1071 1695 τῶν
1085 1642 1196 1712 θραντιῖιν
1216 1643 1316 1707 σπάθης.
1337 1644 1415 1694 ΒίἰΥ.
1457 1642 1600 1712 Ὗφαίνετο,
1619 1663 1690 1696 κατε-

79 1727 127 1780 οδκ
138 1727 187 1797 ἀρα
199 1725 337 1788 Φίλιππος,
351 1724 494 1792 ἐξηπάτηκε.
531 1725 609 1778 Τοῦτο
625 1727 672 1795 γάρ
686 1723 750 1776 ἐστιν
765 1725 776 1776 θ
790 1743 862 1794 προο·
907 1723 1049 1785 σκευάζετο,
1063 1721 1078 1787 ἢ
1093 1720 1290 1790 ἐπεδαψιλεύετο,
1307 1719 1354 1773 άπδ
1369 1725 1412 1773 τοῦ
1428 1723 1522 1774 σπαθᾶν
1536 1723 1576 1774 καὶ
1594 1721 1690 1787 πολλὴν

80 1808 166 1876 ρᾶται.
202 1805 279 1866 Αύσας
292 1803 318 1856 δέ
333 1802 400 1875 ἐντῷ
418 1802 548 1874 μεταῖυτδ
569 1803 706 1867 λυποῦντα,
722 1802 862 1868 καλσυστή-
907 1802 995 1869 κρόκην
1011 1798 1142 1870 ἐμδάλλειν
1157 1801 1188 1870 τῇ
1202 1797 1301 1864 ἐσθῆτι,
1317 1799 1349 1860 ώς
1365 1799 1456 1869 ἔχομεν
1469 1798 1512 1865 τήν
1525 1804 1612 1870 χρῆσιν
1625 1802 1690 1871 παρὰ

78 1903 125 1944 σας
139 1881 184 1948 τὴν
199 1879 329 1948 ἐπιστολήν
350 1881 466 1952 Αἰσχίνου
481 1881 578 1951 μα’λλον
598 1882 613 1947 ἢ
634 1881 759 1934 Φιλίππου
780 1879 861 1943 εἶναι,
907 1882 943 1947 τῷ
960 1876 1121 1946 Ἀριστοφάνει
1134 1874 1159 1928 ἐν
1178 1881 1232 1936 ταῖς
1243 1875 1362 1945 Νεφέλαις
1375 1877 1441 1947 (55)
1461 1899 1471 1926 ι
1495 1874 1617 1947 ὦγύναι,
1630 1878 1686 1930 λίαν

78 1961 157 2015 πάλιν
170 1959 209 2014 ἐπὶ
220 1962 275 2022 τοίις
284 1959 404 2031 Αἰσχίνου
416 1961 505 2030 λόγους
523 1959 656 2026 ἐπανῆκεν,
672 1958 715 2011 ούκ
728 1957 861 2028 ἀναχωρῶν
907 1956 1007 2024 σπαθᾷς.
1024 1977 1033 2004 ι
1052 1955 1229 2009 ACDGRTV.

79 2047 130 2094 τῶν
149 2039 331 2110 ἰσχυροτάτων,
348 2040 462 2110 θεώρημα
474 2038 633 2108 παραδιδούς,
645 2036 800 2107 ἐνδιατρίδειν
811 2039 862 2098 τοῖς
942 2035 1007 2099 355,
1024 2035 1048 2088 3.
1064 2034 1109 2086 ἰίαλ
1121 2034 1194 2103 όθεν]
1211 2033 1331 2104 ἐψεύδετο.
1347 2033 1377 2086 Ρ.

82 2117 237 2188 ἀναγκαίοις.
250 2118 331 2172 TCV.
942 2113 1008 2174 355,
1033 2117 1059 2166 6.
1078 2109 1141 2165 Ὑπδ
1161 2111 1270 2182 τούτων]
1292 2109 1338 2163 ύπδ
1358 2109 1483 2164 Φιλίππου
1506 2109 1547 2162 καί
1563 2109 1689 2180 Αἰσχίνου.

118 2197 181 2258 353,
203 2212 246 2250 11.
274 2194 336 2248 Ούδέ
355 2196 418 2266 γρῦ]
442 2193 528 2264 γράφει
547 2193 673 2260 δηλονότι.
688 2195 719 2247 Ρ.
736 2192 799 2246 Ἀντλ
818 2199 861 2246 τοῦ
906 2190 986 2242 TCV.

79 2273 136 2326 ούδέ
151 2274 224 2335 δλως.
261 2271 364 2342 Εἴρηται
377 2271 403 2324 δέ
417 2269 444 2324 τδ
459 2275 504 2340 γρῦ
517 2269 545 2323 τδ
564 2269 649 2340 μικρδν
662 2269 709 2323 ἀπδ
728 2273 862 2342 μεταφοραῖς
941 2268 1041 2334 355,7
1067 2267 1179 2336 Σιωπάνή
1192 2265 1271 2317 Τοῦτο
1281 2264 1329 2334 γάρ
1342 2263 1439 2316 ἔδειτδν
1450 2263 1573 2316 Φίλιππον
1585 2267 1689 2328 σιωπᾶν,

80 2357 126 2405 τοῦ
136 2351 210 2422 ῥύπου
226 2354 270 2404 τοῦ
282 2351 411 2422 γινομένου
423 2348 449 2402 ἐν
462 2351 514 2410 τοῖς
530 2349 625 2412 ὄνυξιν,
645 2352 688 2402 τοῦ
698 2348 761 2402 οῦτω
772 2349 861 2401 καλου·
906 2345 947 2397 καὶ
968 2344 1000 2416 μὴ
1023 2347 1163 2416 προσθεῖναι
1183 2347 1213 2416 τῇ
1240 2343 1338 2414 εἰρήνη,
1362 2342 1405 2406 τδ,
1432 2339 1496 2406 πλὴν
1515 2342 1623 2394 Φωκέων
1645 2343 1686 2394 καί

80 2432 165 2500 μένου.
182 2430 282 2482 ΑἰίΤΡ.
910 2423 1008 2490 Ἇλέων,
1020 2422 1086 2494 είπερ
1099 2423 1202 2494 ἔμελλεν
1215 2422 1299 2483 αύτούς
1312 2427 1388 2474 σῶσαι
1400 2419 1441 2472 καλ
1451 2417 1484 2492 μὴ
1497 2425 1532 2490 τῷ
1543 2417 1688 2481 ἐκσπόνδους

117 2508 179 2572 353,
194 2507 235 2558 13.
249 2503 341 2572 Ἀλεῖς]
353 2503 423 2565 Ἀλος
431 2503 501 2564 πόλις
509 2503 551 2554 καλ
562 2501 639 2563 Ἀλεῖς
648 2501 672 2554 οί
683 2501 792 2554 πολῖται.
805 2505 857 2559 BF.
908 2502 1003 2574 ἀφεῖναι
1015 2503 1229 2572 καταστρέψασθαι.
1245 2500 1374 2553 CDGRT.

118 2587 179 2640 353.
210 2589 251 2637 16.
279 2580 309 2634 ‘0
330 2584 446 2652 σκοπῖιν]
463 2581 586 2642 Φίλιππος
609 2579 734 2647 δηλονότι.
749 2579 861 2633 Ἐκείνου
942 2582 1003 2647 355,
1017 2581 1059 2635 15.
1069 2582 1183 2652 Τραχέως
1194 2581 1215 2630 δ’
1225 2578 1308 2649 ύμῶν]
1324 2575 1419 2629 ’Ἐδόκει
1430 2576 1478 2646 γάρ
1487 2593 1537 2637 πως
1549 2575 1686 2646 βασκαίνειν

80 2665 218 2736 γράψαντος
235 2661 293 2733 πρδς
308 2659 444 2727 Ἀθηναίους
455 2661 492 2713 ότι
502 2665 585 2713 σκοπῶ
595 2660 620 2712 τί
630 2665 706 2713 ποιῶν
720 2657 781 2729 ἡμίν
795 2661 863 2730 χαρί-
907 2659 1020 2730 εἰνπραξίφι
1039 2664 1081 2726 τῆς
1098 2659 1205 2720 πόλεως,
1227 2659 1259 2709 δι’
1272 2653 1307 2709 ὧν
1327 2655 1382 2708 οἰιδέ
1401 2655 1539 2724 προσδοκᾶν
1562 2653 1686 2723 ἀνέχεται.

81 2764 160 2814 σαιμι,
176 2745 210 2795 Ρ.
905 2740 980 2793 TCP.
1022 2735 1123 2802 Ἐπειδὴ
1143 2739 1224 2807 ὥσπερ
1243 2734 1321 2788 ἐδόκει
1339 2732 1486 2802 ἀπεύχεσθαι
1504 2731 1535 2784 τά
1558 2731 1638 2803 ἀγαθά
1657 2737 1690 2806 τῇ

117 2819 256 2889 Αύσασθαι]
271 2817 312 2870 διά
323 2817 417 2886 λύτρων
431 2814 571 2869 ἀποδοῦναι.
585 2817 615 2870 Ρ.
905 2818 976 2870 πόλει
985 2822 1021 2889 τῷ
1034 2815 1066 2887 μη
1079 2817 1210 2886 προδοκᾶν.
1227 2813 1404 2866 ACDGRTV.

122 2899 276 2970 Ἐγγράψαι]
290 2894 323 2967 μὴ
337 2896 410 2947 λῦσαι
424 2895 480 2956 τούς
493 2893 576 2956 Αλεῖς.
590 2897 622 2948 Ρ.
941 2895 1010 2958 355,
1032 2899 1073 2947 16.
1094 2892 1241 2964 Ἐχάντων]
1258 2891 1290 2953 εἰς
1303 2890 1358 2960 ἐμέ,
1373 2889 1413 2940 διὰ
1430 2887 1459 2942 τδ
1471 2886 1547 2940 εἰπεῖν
1560 2887 1602 2957 ἐμὲ
1615 2907 1689 2958 προσ-

118 2979 180 3044 353,
195 2993 238 3030 22.
254 2975 286 3027 Ὃ
296 2975 376 3028 τοίνυν
388 2973 520 3044 μέγιστον]
533 2969 649 3037 Αποκοπὴ
660 2971 688 3023 τδ
701 2974 796 3042 σχῆμα,
808 2968 862 3022 άντλ
905 2974 990 3026 δοκεῖν.
1028 2972 1074 3024 Καὶ
1094 2974 1158 3033 όπως
1169 2990 1198 3042 γε
1218 2969 1277 3040 ἔφην
1299 2968 1340 3022 καλ
1353 2971 1441 3032 τοῦτο,
1456 2967 1494 3019 δτι
1507 2965 1562 3018 ἀντί
1582 2968 1686 3031 τούτων,

82 3061 126 3112 τοῦ
136 3056 253 3110 ἀκούσατέ
265 3074 321 3125 μου.
342 3054 420 3106 ΑΤΡ.
905 3051 947 3104 καλ
959 3050 990 3103 τά
1007 3051 1091 3103 λοιπά.
1105 3051 1134 3102 Ρ.

118 3134 186 3198 353,
210 3136 255 3195 κύ.
273 3130 426 3201 Ἦνίγκαμίν
450 3127 540 3200 ἥμεῖς]
562 3125 623 3198 μετά
646 3125 799 3198 Ἀντιπάτρου
821 3126 863 3180 καί
940 3129 981 3196 Μή
1002 3133 1043 3184 νῦν
1056 3127 1257 3198 ύπολαμύάνων]
1281 3125 1316 3179 05
1336 3129 1378 3178 νῦν
1397 3123 1500 3195 ὀφείλεις
1519 3125 1632 3190 ἐκστῆναι
1646 3128 1688 3177 τοῦ

83 3210 264 3282 Παρμενίωνος.
282 3210 338 3262 AR.
905 3209 987 3262 δοκεῖν
1011 3208 1212 3274 κεκοινωνηκέναι
1234 3203 1296 3276 ἡμῖν
1318 3207 1362 3272 τῆς
1384 3203 1524 3274 πρεσύείας,
1549 3202 1616 3254 ἀλλά
1634 3205 1688 3256 τότε

121 3289 183 3352 354,
198 3303 240 3340 11.
259 3283 489 3354 ‘Emmawoazl
507 3279 562 3334 ἐντί
580 3283 623 3334 τοῦ
637 3279 744 3347 αἰτῆσαι.
758 3283 858 3337 ΑἰίἯΡ.
906 3287 1033 3358 ἀφίστασο,
1049 3283 1137 3356 καὶμὴ
1152 3285 1304 3356 προσποιήσῃ
1317 3283 1444 3336 κοινωνεῖν
1456 3280 1528 3350 ἡμῖν,
1543 3282 1601 3332 όταν
1614 3283 1690 3332 ταῦτα

119 3367 180 3430 354,
196 3369 238 3428 ¹4·
254 3362 402 3434 Πρθίῑσίαῑί
416 3361 565 3431 ῦρθδῑὸόίαῑ·
583 3361 613 3412 Ρ·
905 3369 1004 3438 γένηται
1024 3367 1066 3418 καί
1085 3365 1156 3436 ἡμεῖς
1179 3364 1308 3436 μέλλωμεν
1333 3361 1510 3431 στεφανοῦσθαι
1536 3357 1576 3410 διά
1601 3361 1687 3411 ταῦτα.

118 3447 180 3510 354,
204 3444 245 3498 15.
262 3442 292 3495 Εἰ
307 3440 340 3514 μὴ
351 3440 503 3496 θεσπιαλκαλ
515 3437 651 3510 Πλαταιαί]
666 3437 744 3490 ἰίάλιν
759 3437 862 3492 ἐνταῦθα
906 3447 1083 3500 AGDGRTV,

83 3527 214 3596 προσέθηκε
236 3525 288 3584 τοῖς
313 3521 354 3575 ἀπ’
376 3521 453 3591 ἀρχῆς
473 3521 531 3590 άχρι
551 3519 634 3580 τελους
658 3519 795 3586 Θηύαίους,
818 3519 862 3572 οῦκ
940 3525 1006 3587 355,
1022 3523 1065 3578 25.
1089 3516 1165 3582 Οὗτος
1180 3517 1281 3591 μένγάρ
1295 3517 1376 3587 ὕδωρ]
1395 3513 1494 3579 Ἐπειδὴ
1511 3513 1590 3584 ἡμέρας
1610 3516 1688 3584 τροφῇ

81 3605 174 3674 ἀθρόως
183 3603 267 3672 ἐκχέας
283 3601 393 3664 ἅπαντα,
405 3597 467 3651 κατά
477 3599 502 3651 δέ
516 3600 585 3669 μέρος
596 3597 635 3650 ἀεί
645 3598 811 3668 προστίθησιν,
819 3597 862 3649 ἵνα
905 3603 946 3654 καὶ
959 3607 1027 3672 ποτῷ
1037 3605 1146 3670 χρῶνται
1160 3597 1184 3650 οἱ
1196 3597 1332 3666 άνθρωποι,
1348 3593 1418 3645 ύδατι
1430 3591 1456 3644 δέ
1474 3590 1505 3642 τὰ
1520 3591 1604 3660 θηρία,
1626 3592 1689 3642 σκώ-

81 3683 123 3735 καλ
145 3681 170 3733 αἱ
184 3681 264 3742 λύσεις
283 3677 414 3731 ἀκόλουθοι
435 3677 476 3729 καί
494 3676 518 3730 οί
542 3677 615 3746 λόγοι
635 3677 718 3746 σαφεῖς
732 3677 859 3746 γένωνται.
905 3697 971 3733 πτων
986 3677 1059 3729 αἰιτδν
1071 3678 1103 3738 είς
1116 3676 1222 3744 θηριώδη
1238 3673 1290 3742 βίον
1305 3671 1319 3723 ό
1332 3665 1487 3740 Φιλοκράτης
1501 3672 1577 3720 ταῦτα
1589 3667 1686 3737 ἐλεγεν.

82 3760 160 3822 Εὒθίις
180 3763 241 3832 γοῦν
263 3757 301 3811 ἐπὶ
317 3755 361 3822 τθν
383 3755 482 3826 μνήμην
503 3753 618 3822 Θηάαίων
644 3753 722 3806 ἐλθὼν
745 3753 818 3807 πάλιν
833 3753 861 3806 εδ
907 3757 971 3827 Ἀγει
985 3755 1011 3809 δὲ
1025 3754 1110 3815 αύτούς
1130 3751 1162 3814 εἰς
1175 3751 1310 3820 ύπόμνησιν
1322 3751 1365 3801 τοῦ
1381 3750 1541 3817 σκώμματος,
1556 3746 1590 3797 ἵν’
1608 3744 1691 3798 ἐπιτα.

82 3845 171 3910 χρῶμα
189 3837 320 3904 ἐζήτησεν,
336 3838 417 3906 ὥσπερ
438 3835 480 3888 καί
497 3833 536 3888 ἐπί
550 3840 598 3887 τῶν
613 3835 744 3903 προτέρων·
757 3832 801 3902 ἐφη
814 3831 862 3902 γάρ
906 3833 976 3906 ράξας
991 3839 1026 3904 τῷ
1039 3831 1131 3903 γελοίῳ
1153 3835 1201 3882 τῶν
1215 3830 1334 3880 δικαστῶν
1350 3825 1392 3887 τάς
1412 3825 1499 3895 κρίσεις
1518 3825 1642 3895 συμμάχῳ
1654 3829 1690 3894 τῷ

81 3917 161 3970 καλτδ
175 3915 294 3983 θηύαίους
308 3914 395 3966 αδτίκα
409 3909 438 3977 δὴ
450 3911 517 3982 μάλα
531 3914 618 3964 δώσειν
630 3911 710 3977 δίκην.
747 3911 799 3962 Ποῦ
811 3911 862 3962 τοί·
905 3913 976 3965 πάθει
988 3911 1047 3981 πρδς
1065 3907 1109 3974 τὴν
1130 3908 1206 3960 πειθὼ
1219 3903 1412 3974 καταχρήσηται,
1451 3898 1582 3971 θαυμαστὴ
1603 3900 1691 3953 δὲκαὶ

84 4015 125 4048 νυν
143 3995 244 4062 ήδίκης
263 3992 369 4059 ἥκουσαν
387 3989 411 4043 οί
428 3989 550 4056 θηάαῖοι,
572 3989 645 4060 φησί,
667 3989 708 4041 καὶ
731 3988 771 4040 διά
790 3993 862 4042 τοῦτο
905 3993 947 4056 τῆς
960 3987 1078 4059 ῦάρεωςῆ
1093 3985 1260 4056 προσποίησις.
1302 3981 1348 4035 Ἐκ
1359 3981 1407 4052 γάρ
1421 3985 1463 4048 τῆς
1474 3983 1518 4032 τοῦ
1536 3979 1624 4049 ἐχθροῦ
1636 3977 1689 4048 κρί-

83 4073 235 4144 ἐφυλάξαντο·
259 4071 299 4124 καί
312 4070 435 4130 Φίλιππος
447 4067 490 4120 ούκ
510 4067 582 4139 ἔσχεν
598 4067 694 4120 ἀνελεῖν
716 4067 758 4128 τάς
770 4067 860 4134 θήάας.
908 4088 966 4127 σεως
984 4070 1028 4119 τοῦ
1040 4066 1092 4134 βίου
1106 4061 1150 4128 τὴν
1165 4061 1306 4132 ἐγκράτειαν
1322 4059 1451 4130 ἐσίμνονε,
1465 4058 1505 4110 καί
1524 4059 1583 4129 πρδς
1600 4056 1632 4110 τά
1647 4061 1690 4122 τῆς

82 4153 115 4206 Εἰ
124 4153 205 4205 τοίνυν
215 4150 279 4221 παρά
292 4149 320 4203 τδ
337 4149 508 4219 προαισθέσθαι
519 4147 667 4210 κεκώλυται,
683 4147 718 4207 τίς
732 4145 746 4197 θ
760 4144 863 4211 ἐκλαλή-
907 4147 1046 4217 μισθαρνίας
1060 4143 1205 4214 ἐγκλήματα
1221 4138 1423 4210 [άπολογεῖται]·
1442 4137 1456 4190 ό
1470 4137 1522 4208 ’γάρ
1535 4137 1599 4207 ύδωρ
1613 4137 1690 4190 πίνων

83 4252 140 4296 σαςς
155 4229 202 4301 ούχ
222 4225 308 4293 ούτοςς
325 4227 377 4297 ἔχει
398 4226 424 4279 δέ
439 4227 468 4279 τδ
482 4231 572 4296 χρῶμα
590 4226 631 4278 καί
644 4223 689 4290 τὴν
707 4225 776 4277 λύσιν
797 4225 863 4286 εὗθλις
905 4230 954 4286 πῶς
968 4221 1068 4294 ἀπρεπὲς
1081 4223 1163 4291 κέρδος
1174 4218 1271 4282 ἐπόθεις
1283 4218 1365 4270 TCV.

82 4311 125 4361 τοῦ
138 4310 285 4379 χρώματος,
301 4305 340 4359 ἐπὶ
359 4305 452 4366 τούτοις
472 4304 613 4365 ἀκολούθως
625 4304 732 4371 ζητήσας
746 4303 775 4356 τδ
790 4321 863 4373 μετα·
942 4303 1003 4367 355,
1019 4305 1062 4355 26.
1083 4297 1204 4369 Σκέψασθε
1222 4294 1251 4361 δὴ
1271 4295 1300 4348 τδ
1313 4293 1444 4364 ψήφισμα]
1455 4291 1536 4344 Ταῦτα
1551 4289 1629 4342 αἰτίαν
1649 4289 1690 4340 καί

82 4387 207 4454 ληπτικόν·
219 4391 268 4448 πῶς
277 4380 320 4437 οἰνν
337 4383 472 4451 ἐσιώπησας
485 4383 643 4452 ἀπατωμένης
656 4383 811 4449 τῆςπόλεωςς
823 4381 864 4434 καί
907 4381 988 4434 πίστιν
1001 4379 1108 4450 περιέχει
1124 4379 1167 4430 τοῦ
1180 4373 1221 4426 διά
1232 4373 1288 4435 τούς
1308 4371 1424 4442 Αἰσχίνου
1442 4370 1531 4440 λόγους
1545 4368 1642 4438 ἰσχῦσαι
1661 4368 1691 4420 τδ

82 4468 139 4536 πρδς
150 4469 222 4519 τοῦτο
231 4464 343 4517 ἀπαντῶν
357 4463 535 4534 ύπομιμνήσκει
545 4466 587 4528 τῆς
603 4461 689 4514 ἑαυτοῦ
700 4462 807 4532 παρόδου
821 4459 862 4511 καί
906 4459 1072 4529 Φιλοκράτους
1082 4455 1207 4527 ψήφισμα·
1224 4452 1245 4506 εί
1258 4451 1305 4524 γάρ
1320 4451 1371 4522 άμα
1382 4469 1407 4503 τε
1420 4448 1487 4503 εἰπεν
1502 4447 1618 4518 Αἰσχίνης
1635 4447 1689 4516 ἅμα

83 4543 117 4600 ών
136 4545 208 4598 ἔπαθε
228 4544 309 4613 λέγειν
327 4543 484 4614 βουλόμενος.
522 4539 579 4594 Εἶτ’
601 4541 728 4611 ἐπειδήπερ
745 4539 789 4593 ούκ
808 4537 864 4608 εἶχε
906 4558 932 4592 τε
953 4537 1109 4606 Φιλοκράτης
1127 4532 1239 4604 ἔγραψεν,
1262 4529 1299 4596 εἰη
1321 4531 1347 4580 ἀν
1363 4528 1392 4581 τδ
1412 4528 1523 4598 ψήφισμα
1541 4525 1690 4596 περιεκτικόν

85 4624 212 4696 μαρτυρίαν
229 4628 277 4674 τῶν
291 4621 391 4692 λόγων,
413 4621 445 4682 ὡς
464 4621 489 4674 ἐν
510 4620 628 4690 ποιήματι
648 4618 775 4686 ἠθοποιίας
796 4619 863 4670 συνέ-
907 4623 955 4670 τῶν
976 4614 1091 4684 Αἰσχίνου
1105 4612 1199 4682 λόγων.
1238 4607 1295 4660 Ὅτι
1317 4601 1416 4679 μένούν
1437 4606 1565 4659 καὶτοῦτο
1585 4609 1634 4656 τῶν
1649 4601 1691 4656 ἀπ’

83 4703 180 4758 πλασεν·
206 4701 260 4772 ἔχει
273 4700 320 4772 γάρ
341 4701 381 4752 καί
400 4699 428 4753 τδ
448 4699 581 4770 μεγαλεῖον
600 4705 647 4751 τῶν
667 4699 750 4768 λόγων
772 4696 799 4748 ἐκ
820 4699 864 4748 τοῦ
908 4694 985 4764 ἀρχῆς
996 4694 1054 4762 ἄχρι
1067 4691 1150 4750 τέλους
1160 4688 1247 4753 δῆλον.
1268 4686 1326 4738 Ὅτι
1339 4685 1365 4738 δέ
1379 4685 1455 4738 λυπεῖ
1464 4683 1505 4736 τδν
1519 4682 1608 4754 ῥήτορα
1617 4682 1689 4752 γνοίη

84 4782 228 4844 Πλάτωνος,
243 4779 284 4832 καλ
296 4779 418 4849 λαμάάνει
438 4779 466 4831 τδ
488 4777 610 4847 χρήσιμον
632 4775 658 4828 ἐκ
673 4782 720 4828 τῶν
739 4776 863 4844 διαλόγων
907 4793 942 4834 τις
956 4773 984 4824 ἂν
999 4767 1139 4839 ἐνθυμηθείς
1158 4767 1196 4818 ότι
1209 4764 1292 4836 ῥᾴδιον
1312 4763 1420 4834 Αἰσχίνη
1439 4765 1608 4832 μεταστατικῷ
1623 4778 1690 4828 χρω-

85 4868 131 4915 τῦιν
144 4859 294 4930 άμοιδαίων,
311 4855 377 4918 εἶδος
391 4857 473 4909 καινόν
488 4855 529 4908 καλ
542 4854 643 4908 πιθανδν
661 4853 777 4923 εἰσάγων.
803 4851 865 4904 05δέ
909 4853 973 4922 μένῳ
990 4848 1022 4910 εἰς
1033 4845 1077 4912 τὴν
1092 4844 1229 4914 ἀπολογίαν
1251 4843 1405 4914 μετενεγκεῖν
1427 4839 1466 4894 ἐπὶ
1478 4839 1520 4891 τδν
1533 4837 1690 4906 Φιλοκράτην

85 4940 131 5011 γάρ
150 4938 313 4992 ἀκατάσκευον
332 4935 452 5006 ἀφῆκενδ
476 4954 498 4987 τι
518 4933 630 5004 εἴρηκεν,
654 4931 711 4984 ἀλλ’
733 4931 757 4984 ἐν
778 4934 810 5002 τῇ
823 4934 866 4997 τῆς
908 4929 936 4983 τδ
951 4927 1078 4999 έγκλημαΙ
1103 4923 1155 4994 ἐρεῖ
1165 4921 1258 4992 γάρίος
1278 4921 1397 4990 όγράψας
1414 4919 1443 4971 τδ
1462 4917 1572 4988 ψήφισμα
1587 4915 1629 4968 καί
1648 4915 1690 4968 τὀν

85 5019 193 5078 πλάσεως
207 5015 295 5086 είνρέσει
307 5013 351 5079 τὴν
365 5015 444 5068 πίστιν
457 5013 602 5082 παρέσχετο
618 5011 714 5081 μᾶλλον
727 5009 774 5080 γάρ
786 5007 864 5061 ἐνδια·
909 5007 1033 5059 Φίλιππον
1053 5001 1178 5061 ἐπαινέσας
1192 4998 1268 5060 αίτιος
1285 5001 1372 5069 γέγονε
1387 5001 1430 5050 τοῦ
1446 4994 1479 5068 μή
1493 4993 1538 5060 τήν
1556 4993 1628 5048 πόλιν
1645 4993 1691 5064 ψη-

86 5099 196 5168 τιθέμεθα
211 5095 269 5165 πρὸς
284 5093 340 5156 τοίας
359 5092 548 5163 ἐγκατασκεύους
567 5089 656 5161 λόγους
669 5090 684 5156 ἢ
700 5089 754 5151 τούς
774 5087 866 5142 άπλού-
908 5083 1023 5156 φίσασθαί
1033 5101 1056 5134 τι
1067 5079 1175 5150 χρηστδν
1185 5078 1242 5148 ύπέρ
1253 5077 1371 5130 Φωκέων.
1406 5077 1485 5128 Τοῦτο
1496 5068 1539 5126 οῦν
1550 5071 1692 5138 εύλαύηθεὶς

88 5196 166 5248 στερον
180 5175 327 5247 εἰρημένους.
342 5175 421 5227 TCV.
909 5163 1014 5236 όρήτωρ
1028 5160 1148 5226 δεινότητι
1161 5159 1293 5228 κέχρηται,
1310 5161 1405 5228 πρῦτον
1419 5153 1462 5227 μὲν
1480 5151 1621 5212 ἀποδεικνύς
1634 5149 1690 5202 ταύ-
