4116 6068
669 487 1184 638 ΑΙΣΧΙΝΗΣ.

778 826 1060 862 “w-¹·

503 1079 525 1138 1.

350 1231 450 1291 ΚΑΤΑ
472 1232 680 1292 ΤΙΜΑΡΧΟΥ.

130 1447 167 1516 [Π
207 1441 243 1516 ²⁷)
433 1525 596 1571 inuectis.

1326 1073 1349 1130 1.

1122 1226 1278 1288 CONTRA
1298 1227 1541 1287 Tannctltlll.

1278 1399 1379 1412 μ

1223 1519 1448 1568 ARGUMENTL'M.

126 1665 242 1720 Ἀθηναῖοι
254 1665 427 1726 πολεμήσαντες
436 1666 492 1728 πρὸς
501 1667 619 1715 Φίλιππον
628 1665 668 1714 τδν
679 1661 828 1712 Ὀλυνθιακὸν
837 1661 904 1709 πόλε·
948 1663 1022 1714 Quum
1030 1662 1198 1707 Atheniensibus
1203 1663 1340 1718 pnslbeltum
1347 1663 1577 1716 olynthlacumvlsum
1585 1667 1639 1710 esset
1644 1675 1720 1720 pacem

159 1749 212 1794 μον,
225 1734 321 1795 ὕστερον
331 1733 397 1788 δόξαν
408 1734 485 1790 αὺτοῖς
498 1736 588 1796 εἰρήνην
598 1733 738 1790 ἐποιήσαντο
748 1733 804 1794 πρδς
817 1731 902 1780 Φίλιπ-

157 1817 212 1858 πον,
224 1801 265 1847 καί
276 1801 414 1862 συμμαχίαν
431 1802 495 1862 αὐτῷ
512 1803 610 1855 καὶτοῖς
629 1799 732 1861 ἐγγόνοις
747 1797 903 1861 ψηφισάμενοι

159 1872 265 1932 ἐπεμψαν
284 1871 341 1932 πρός
360 1872 429 1919 αὐτὸν
450 1873 506 1919 δέκα
523 1872 630 1934 πρέσόεις
645 1872 697 1926 τοὺς
713 1868 904 1930 ἀποληψομένους

158 1940 213 2000 παρ’
225 1941 297 1987 αὐτοῦ
315 1940 368 1994 τοὺς
385 1939 479 2001 ὅρκους,
499 1941 522 1988 ἐν
535 1941 568 1995 oi<
584 1939 644 1998 ἦσαν
662 1939 809 2000 Δημοσθένης
827 1937 904 1984 τεκαὶ

161 2007 280 2068 Αἰσχίνης.
301 2007 476 2066 Ἐπανηιιοόσης
486 2009 511 2057 δέ
520 2015 560 2066 τῆς
569 2007 691 2070 πρεοόιίας
700 2007 823 2069 γράφονται
834 2021 903 2066 ποιμα·

160 2077 283 2137 ιτρεοδείας
295 2077 407 2137 Αἰσχίνην
422 2079 567 2138 Δημοσθένης
581 2079 630 2125 τεθ
644 2077 720 2139 ῥήτωρ
736 2077 776 2123 καί
789 2075 905 2136 Τίμαρχος

161 2144 275 2206 Ἀριζήλου
287 2145 411 2205 Σφήττιος,
424 2145 536 2206 διάσημος
547 2146 580 2193 ὣν
589 2145 613 2192 ἐν
627 2151 655 2206 ab
666 2143 773 2205 πολιτείᾳ
782 2143 821 2190 καὶ
833 2143 904 2203 δημη-

163 2218 239 2273 γορῶν
249 2215 288 2261 καί
297 2215 385 2270 πλίονή
395 2215 477 2262 ἑκατὸν
489 2217 628 2276 ψηφίσματα
638 2213 764 2276 γεγραφώς.
781 2211 906 2272 Ἐτιίγχανε

164 2281 189 2329 at
198 2283 281 2329 νεωστὶ
290 2284 407 2342 γεγραφὼς
417 2283 524 2344 ψήφισμα
534 2282 659 2344 βουλεύων,
668 2283 707 2330 τδν
715 2281 837 2342 ἐκφέροντα
846 2279 906 2326 όπλα

163 2349 218 2411 πρὸς
229 2352 346 2398 Φίλιππον
361 2351 452 2410 θανάτῳ
469 2353 613 2412 ζημιοῦσθαι.
645 2350 802 2404 Ἀποτεθείσης
813 2346 853 2396 οῦν
866 2353 906 2404 τῆς

163 2425 263 2482 γραφῆς,
276 2421 328 2481 πρὶν
339 2421 379 2467 τόν
390 2421 470 2480 ἀγῶνα
481 2421 600 2478 εἰσελθεῖν,
617 2420 733 2482 ἐγράψατο
746 2417 857 2479 Αἰσχίνης
866 2417 906 2464 τδν

163 2490 282 2552 Τίμαρχον
294 2491 325 2542 ὡς
336 2489 510 2551 δημηγοροῦντα
522 2489 585 2550 παρὰ
597 2491 650 2543 τοὺς
661 2489 757 2549 νόμους·
773 2487 816 2535 οὺιι
826 2487 906 2540 ἐξεῖναι

163 2561 207 2621 γάρ
217 2559 280 2619 αὐτῷ
290 2558 427 2620 δημηγορεῖν
436 2557 579 2619 ἡταιρηιιότι.
611 2557 684 2606 Ἔνιοι
697 2558 738 2618 μίν
747 2557 787 2605 οὗν
796 2573 864 2617 φασιν
875 2559 907 2610 ὡς

111 2637 123 2670 ε
166 2628 284 2688 ἀπήγξατο
293 2628 307 2673 δ
316 2625 448 2688 Τίμαρχος,
459 2628 499 2682 τήν
511 2625 586 2688 κρίσιν
595 2627 639 2690 οὐχ
650 2627 789 2688 ῦπομείνας,
800 2627 822 2672 οἰ
838 2625 862 2672 δέ
872 2625 906 2672 ότι

166 2691 906 2758 άλοίιςήτιμοίθη,ιίιςΔημοοθένηςέντῷπερίτῆςπαραπρεσδείας,

165 2765 236 2812 Οὕτω
245 2765 270 2812 δέ
280 2763 417 2825 περιθόηεον
426 2765 453 2812 τδ
464 2769 559 2826 πρᾶγμα
567 2765 666 2823 ἐγένετο,
675 2765 737 2811 ὥστε
750 2763 797 2810 ἀπὸ
808 2767 848 2819 τῆς
857 2762 906 2823 κρί-

166 2849 226 2888 σεως
239 2832 323 2888 ταύτης
337 2833 391 2888 τοῦς
401 2833 498 2894 πόρνους
511 2837 538 2880 τὸ
557 2833 637 2880 λοιπὸν
655 2833 752 2881 ἐιιάλουν
765 2830 905 2892 Τιμάρχοιις.

164 2903 230 2950 Τδδί
237 2899 357 2963 προοίμιόν
367 2901 416 2948 ἐστι
424 2902 605 2963 τραγικώτερον
616 2901 640 2948 ἐν
649 2901 712 2960 αὐτῷ
720 2899 743 2946 δέ
751 2899 907 2955 διασυστήσας

97 2975 123 3012 ²⁰
162 2971 246 3018 έαιιτδν
259 2970 358 3032 μέτριον,
368 2971 407 3017 ίνα
415 2971 504 3018 εὔνοιαν
513 2969 684 3028 ἐπισπάσηται,
693 2969 732 3015 καὶ
741 2969 780 3016 τὸν
790 2967 908 3030 Τίμαρχον

165 3039 293 3096 amator,
309 3039 348 3086 καί
365 3041 415 3100 περί
435 3044 475 3096 τῆς
490 3039 605 3092 πολιτείας
623 3039 705 3098 εἰπών,
722 3037 853 3098 μεταδαίνει
869 3037 907 3084 ἐπὶ

165 3108 281 3170 περάλαια
293 3107 321 3155 od
329 3113 370 3164 τῆς
383 3109 514 3163 ὑποθέσεως
523 3107 580 3164 ίδια,
593 3107 651 3156 ἀλλὰ
665 3105 804 3155 κοινότατα
817 3105 909 3154 πάντων

164 3183 212 3225 τῶν
228 3177 366 3238 ἑταιρήσεως
378 3179 524 3239 κρινομένων.
556 3177 624 3225 Ιίδοτι
641 3176 909 3230 &secretissimam

167 3245 269 3308 &padda
279 3245 332 3298 τοὺς
345 3243 429 3306 νόμους
443 3247 520 3294 ίθεντο
531 3249 553 3294 οἰ
569 3247 663 3294 παλαιοί
676 3247 730 3301 τοὺς
744 3246 794 3308 περὶ
812 3251 851 3302 τῆς
862 3249 910 3292 τῶν

95 3330 120 3366 tr·
166 3315 259 3364 παίδων
269 3313 393 3375 εὐκοσμίας
409 3317 448 3363 κοιλ
461 3316 586 3378 μειρακίων
601 3317 698 3364 καὶτῶν
710 3315 908 3372 δλλωνήλικιῶν·

165 3385 189 3432 εἰ
198 3383 270 3445 ὀρθῶς
282 3383 380 3431 ἀπεῖπον
389 3388 438 3438 τοῖς
448 3385 585 3446 ήταιρηιιόσι
606 3387 637 3445 μὴ
649 3385 795 3446 δημηγορεῖν,
807 3385 847 3430 καί
858 3385 907 3440 ἑξῆς

168 3453 267 3514 είιιαρά
279 3453 332 3507 τοὺς
349 3451 433 3514 νόμους
449 3455 575 3517 δημηγορεῖ
589 3454 707 3516 Τίμαρχος
723 3453 867 3515 ἡταιρηκώς·
887 3453 910 3500 ἐν

168 3523 202 3584 ᾧ,
214 3523 236 3568 εί
246 3521 325 3583 ἐνοχος
334 3527 362 3584 τῇ
375 3527 449 3584 γραφή
461 3524 596 3586 διατρήσας·
610 3525 629 3570 εί
644 3524 708 3586 παρόι
724 3522 831 3584 Μισγόλᾳ
846 3521 910 3578 ήταί·

167 3607 225 3654 ρήσε
237 3592 321 3650 μισθοῦ
330 3593 380 3652 περὶ
391 3593 421 3639 τά
431 3597 528 3640 τοιαῦτα
537 3592 584 3640 θντι
594 3593 676 3653 δεινῷ·
687 3593 707 3640 εί
716 3593 778 3653 παρὰ
791 3591 909 3640 Ἀντικλεῖ·

99 3675 124 3713 :ib
169 3663 190 3708 εί
201 3661 227 3708 ἐν
240 3665 276 3720 τῷ
288 3661 429 3722 κυδεοττρίιρ
440 3661 562 3723 διατρίόων
571 3663 611 3710 καί
622 3662 726 3709 κυδεύων
740 3661 853 3722 ἀνελήφθη
864 3661 911 3708 bac

168 3729 331 3790 Πιτταλάκου,
343 3730 458 3791 δημοσίω
473 3732 555 3780 δούλου
567 3737 607 3790 τῆς
620 3731 720 3792 πόλεως,
734 3732 773 3778 καί
783 3730 838 3793 παρ’
848 3732 912 3792 αὐτῷ

169 3799 282 3860 διέτριψεν
291 3801 398 3860 ἑταιρῶν·
410 3801 430 3846 εἰ
440 3801 503 3863 παρά
514 3799 665 3863 Ἡγησάνδρῳ
675 3805 709 3862 τῷ
718 3799 857 3862 Τιμομάχου
870 3815 911 3847 τα-

171 3867 214 3928 pia
222 3867 321 3928 διέτριψε
332 3871 413 3930 χρόνον
423 3870 527 3931 ίταιρῶν.

975 1739 1026 1773 cum
1038 1731 1141 1786 Phiiippo
1157 1729 1240 1776 tacere.
1250 1732 1354 1776 societate
1368 1732 1409 1786 ipsi
1420 1735 1443 1774 et
1455 1733 1549 1786 posteris
1561 1733 1609 1784 ejus
1620 1731 1719 1782 decreta,

974 1797 1052 1842 decern
1065 1798 1093 1842 ad
1103 1809 1154 1842 eum
1163 1799 1256 1852 legatos,
1272 1799 1332 1842 inter
1340 1810 1395 1853 quos
1407 1799 1517 1842 AEschines
1530 1800 1596 1843 etiarn
1606 1803 1629 1842 et
1639 1802 1720 1844 Demo-
1799 1841 1803 1850 ,

974 1865 1064 1909 sthenes
1077 1863 1180 1916 luerunt,
1190 1865 1291 1920 exigendi
1299 1865 1448 1920 jurisjurandi
1459 1867 1528 1920 gratia
1539 1867 1653 1910 miserunt.
1681 1871 1722 1913 lie·

975 1944 1037 1976 versa
1047 1933 1170 1987 legatione,
1185 1934 1344 1977 Demosthenes
1360 1937 1444 1984 orator,
1462 1938 1483 1976 et
1498 1933 1628 1978 Timarchus
1640 1937 1721 1982 anzeli

975 2004 1000 2044 p,
1014 2000 1137 2056 Sphettius,
1150 2001 1216 2044 rirln
1225 2001 1339 2054 republica
1353 2001 1457 2054 illustris,
1472 2003 1495 2044 et
1509 2001 1628 2044 conciones
1641 2001 1722 2048 habere

975 2069 1065 2118 solitos,
1078 2069 1160 2123 quique
1169 2079 1235 2123 snpra
1253 2071 1343 2111 eentum
1355 2067 1443 2110 decreta
1452 2068 1582 2123 scripserat,
1598 2070 1722 2114 AEschinens

975 2149 1092 2192 perperam
1103 2139 1170 2182 obitm
1183 2138 1298 2190 legationis
1309 2149 1372 2181 reum
1386 2137 1478 2180 iaciunt.
1508 2139 1594 2182 lieccns
1603 2144 1676 2180 autern
1687 2151 1721 2183 se-

976 2205 1169 2248 natusconsultum
1184 2204 1347 2259 promulgarat,
1364 2209 1389 2247 ut
1398 2205 1417 2246 is
1426 2205 1463 2259 qut
1477 2203 1505 2246 ad
1520 2203 1646 2260 Philippum
1661 2216 1723 2249 arma

975 2272 1078 2324 retieret,
1097 2272 1170 2327 capite
1190 2271 1332 2326 plecteretur.
1360 2271 1453 2314 Aetione
1471 2281 1540 2326 porro
1558 2271 1585 2314 ad
1604 2275 1722 2328 praetorem

977 2339 1060 2392 relata,
1071 2343 1189 2393 antennam
1198 2339 1220 2381 in
1226 2337 1337 2391 iudicium
1348 2341 1438 2381 ventum
1445 2343 1509 2391 esset,
1520 2339 1630 2382 AEschioes
1638 2339 1723 2383 tirnar·

977 2407 1044 2449 chum
1052 2407 1162 2450 accusarit
1171 2436 1176 2457 ,
1186 2409 1209 2450 ul
1219 2406 1257 2461 qui
1270 2409 1351 2450 contra
1359 2406 1433 2458 legum
1442 2405 1541 2448 edictum
1557 2407 1677 2450 conciones
1686 2407 1723 2451 hn-

977 2475 1039 2518 herct
1047 2489 1053 2516 ι
1062 2486 1133 2528 neqne
1142 2475 1201 2518 enim
1212 2473 1296 2518 laseuc
1304 2477 1323 2518 ci
1333 2474 1413 2518 habere
1422 2475 1548 2524 conciones,
1559 2487 1626 2530 crium
1636 2477 1723 2532 pudici-

977 2535 1029 2578 tiam
1039 2536 1186 2590 prostituerit.
1217 2536 1334 2590 ltaquoalii
1345 2535 1434 2584 dicunt,
1445 2535 1588 2578 Timarchum
1598 2537 1676 2590 laqueo
1683 2538 1724 2580 athi

977 2613 1054 2647 necem
1066 2603 1207 2648 conscivisse.
1218 2614 1263 2646 non
1273 2605 1399 2657 exspectato
1410 2601 1498 2655 iudicio
1508 2617 1515 2644 ι
1526 2603 1576 2655 alii,
1587 2603 1723 2648 condonans-

978 2673 1025 2713 trrm
1044 2673 1110 2724 atquc
1125 2669 1216 2714 intanta
1230 2673 1332 2713 notatum
1347 2679 1403 2718 csse,
1419 2673 1444 2712 nt
1466 2671 1622 2714 Demosthenes
1640 2671 1665 2713 in
1677 2683 1726 2714 ora·

978 2738 1039 2781 tione
1048 2737 1114 2782 Fabae
1126 2737 1247 2791 legationis.
1275 2738 1318 2780 lies
1331 2740 1404 2780 autem
1416 2735 1464 2779 huc
1477 2737 1506 2779 ita
1520 2737 1630 2780 celebrata
1644 2743 1690 2789 est,
1700 2742 1726 2782 ut

978 2805 1062 2850 abhoc
1077 2805 1163 2859 iudicio
1180 2805 1281 2848 homiues
1295 2803 1418 2860 impudicos
1436 2805 1565 2848 Tisnarchos
1582 2806 1725 2860 appellarent.

978 2873 1098 2916 Exordium
1109 2873 1261 2916 vehementius
1269 2876 1315 2920 est,
1326 2873 1350 2914 in
1359 2881 1405 2926 quc
1415 2875 1484 2914 elsua
1497 2872 1603 2914 modestia
1612 2883 1725 2917 commcn-

978 2939 1042 2988 data,
1059 2939 1173 2995 captanda
1186 2938 1347 2982 benevolentiae
1359 2949 1438 2991 causa,
1453 2941 1476 2981 et
1486 2938 1602 2982 Timarcho
1616 2940 1639 2982 tn
1649 2939 1725 2984 odium

979 3005 1089 3056 adducto,
1107 3009 1130 3050 et
1144 3005 1294 3062 disputatione
1303 3005 1331 3050 dc
1341 3003 1453 3060 republica
1471 3005 1586 3056 absoluta,
1604 3007 1682 3050 transit
1695 3007 1724 3051 ad

979 3073 1063 3128 capita,
1076 3083 1123 3115 non
1133 3073 1223 3128 propria
1232 3083 1315 3122 causae,
1324 3071 1363 3116 sed
1372 3072 1498 3115 communia
1509 3072 1533 3114 in
1542 3083 1619 3117 omnes
1627 3085 1678 3124 οοε,
1688 3075 1726 3128 qul

979 3141 1103 3195 prostituta
1110 3139 1222 3194 pudicitia
1229 3143 1370 3182 accusantur.
1388 3141 1446 3182 sont
1454 3143 1528 3183 autem
1538 3139 1634 3184 barsan
1643 3143 1729 3184 veteres

980 3210 1041 3251 recte
1050 3209 1072 3250 et
1086 3208 1189 3250 accurate
1204 3205 1262 3259 leges
1272 3206 1300 3249 tle
1309 3205 1414 3249 modestia
1428 3217 1549 3260 puerorum
1564 3211 1587 3249 et
1601 3205 1727 3251 adoloscen-

981 3277 1028 3318 turn
1050 3277 1217 3327 ceterarumque
1231 3275 1321 3316 etatum
1337 3272 1430 3316 tulerint
1448 3287 1455 3314 ι
1472 3283 1500 3316 an
1515 3271 1648 3317 effeminatis
1667 3279 1729 3318 recte

981 3339 1136 3384 interdixerint
1144 3339 1288 3383 concionibus
1299 3354 1305 3382 ι
1315 3341 1351 3391 et,
1360 3351 1388 3382 an
1397 3341 1539 3392 Timarchus,
1550 3341 1587 3394 qui
1597 3340 1727 3396 pudicitiam

981 3407 1130 3462 prostituerit,
1143 3409 1222 3450 contra
1231 3407 1304 3460 legum
1317 3405 1463 3450 interdictum
1475 3407 1624 3450 concionetur
1635 3408 1674 3451 rin
1685 3419 1730 3462 qno

981 3473 1036 3517 iliud
1047 3473 1114 3517 ctiam
1128 3473 1200 3526 inmt,
1212 3477 1289 3517 utrum
1299 3473 1431 3517 Timarchus
1441 3472 1585 3528 impudicitiae
1601 3475 1687 3518 crimen
1704 3475 1729 3518 in

981 3553 1038 3591 sese,
1049 3545 1074 3586 ut
1083 3545 1206 3594 accusetur,
1215 3541 1328 3586 admiserit
1336 3557 1341 3585 ι
1349 3542 1415 3590 item,
1425 3553 1454 3584 an
1461 3542 1519 3596 apud
1529 3542 1642 3597 ttlsgclam
1651 3543 1676 3587 in
1686 3544 1729 3589 hoc

982 3619 1063 3662 genere
1078 3609 1237 3660 exercitatum,
1246 3612 1354 3663 comtum
1364 3617 1459 3662 corpore
1470 3605 1548 3651 iecerit
1558 3624 1564 3650 ι
1574 3619 1603 3652 an
1612 3609 1672 3665 apud
1685 3613 1731 3652 hn-

982 3674 1057 3716 ticlem
1067 3673 1090 3715 in
1101 3683 1172 3726 ganeo
1182 3683 1285 3723 versans,
1300 3675 1322 3714 et
1331 3671 1379 3715 alea
1389 3671 1481 3723 ludens,
1491 3676 1594 3728 receptus
1602 3673 1651 3717 sita
1662 3677 1730 3718 Pitta-

983 3738 1031 3780 laco
1040 3736 1142 3780 ministro
1151 3736 1242 3791 publico
1253 3750 1259 3777 ι
1270 3739 1293 3778 ct
1302 3735 1360 3791 apud
1370 3736 1449 3788 illum,
1460 3739 1526 3791 atque
1535 3737 1601 3780 etiam
1613 3738 1672 3792 apud
1687 3741 1731 3784 itc-

982 3801 1116 3856 gesandrom
1130 3801 1267 3846 Timomachi
1279 3805 1426 3856 quaestorem,
1436 3811 1479 3857 pro
1489 3805 1564 3846 scorto
1573 3801 1602 3845 ad
1612 3805 1699 3857 tempus
1708 3815 1733 3848 sc

983 3869 1080 3924 gesserit.

139 3937 252 3984 ΑΛΛΩΣ.
268 3937 356 3983 Τοῦτον
368 3937 408 3984 τὸν
425 3936 493 3995 λόγον
507 3939 520 3985 d
536 3937 646 3999 Αἰσχίνης
664 3937 762 3998 γέγραφε
775 3937 913 3998 δοκιμασίαν
958 3939 1068 3980 stituit.
1084 3937 1189 3982 censoria
1196 3941 1230 3981 cst
1238 3936 1286 3981 hac
1294 3935 1401 3980 AEschinis
1410 3937 1434 3980 in
1442 3937 1582 3980 timarchum
1591 3935 1680 3988 oratic,
1691 3935 1732 3982 ho·

98 4020 124 4058 ss
170 4005 231 4052 κατὰ
238 4003 367 4066 Τιμάρχου.
398 4003 445 4054 Ἦν
452 4007 476 4054 δέ
486 4009 499 4054 ό
508 4007 624 4069 Τίμαρχος
634 4011 680 4054 τῶν
688 4007 726 4054 ἐπὶ
735 4008 761 4054 τδ
769 4007 913 4069 βήμαπροσ·

172 4075 267 4134 ιόντων,
285 4076 326 4122 καί
338 4075 407 4122 αὑτὸν
418 4077 458 4124 τόν
471 4075 581 4137 Αἰσχίνην
591 4077 806 4136 σεσυιιοφαντηιιώς.
838 4075 912 4136 Νόμοι

172 4145 197 4192 δι’
207 4146 254 4191 tior
264 4145 373 4205 περὶτῶν
389 4144 491 4205 ῥητόρων
502 4145 602 4206 κείμενοι
611 4180 618 4204 ,
628 4146 733 4198 οὕστινας
748 4145 792 4207 χρὴ
803 4144 915 4205 είργεοθαι

172 4217 214 4260 τοῦ
227 4214 309 4272 λέγειν,
320 4212 369 4260 οίον
378 4213 430 4267 τοὺς
439 4215 469 4261 τὰ
478 4221 576 4276 πατρῷα
584 4213 780 4274 κατεδηδοκότας,
790 4215 844 4269 τοὺς
853 4216 916 4271 tpar-

173 4281 271 4343 ρηιεότας
280 4295 286 4307 ·
296 4283 318 4329 εί
327 4282 351 4330 δί
362 4283 393 4344 μή
403 4283 531 4344 πείθοιντο,
545 4285 626 4339 ἐξεῖναι
637 4284 676 4332 τόν
691 4284 830 4345 βουλόμενον
839 4288 917 4338 αὐτοῖς

102 4366 129 4404 ιο
173 4351 311 4412 δοκιμασίαν
331 4351 482 4412 ἐσαγγεῖλαι,
501 4353 562 4401 ὥστε
576 4353 738 4414 δοκιμάζεσθαι
757 4356 778 4401 εἰ
794 4352 916 4411 ἐπιτήδειοί

173 4422 218 4468 εἰσι
230 4421 311 4480 λέγειν,
343 4421 393 4468 Ario
408 4423 432 4469 δέ
444 4422 548 4482 ἐγιαλιῦν
558 4421 672 4484 Τιμάρχῳ
686 4421 811 4484 Αἰσχίνης,
827 4424 867 4470 καί
882 4421 917 4468 ὅτι

172 4491 284 4550 ήταίρηνιε
298 4489 340 4536 ιιαί
349 4489 386 4537 ότι
398 4490 428 4538 τὰ
440 4493 537 4552 πατρῷα
548 4491 703 4550 κατεδήδοκε,
712 4491 763 4552 περί
779 4491 918 4552 ἑταιρήσεως

173 4559 320 4622 ἐπιγράφεται
331 4559 344 4606 ό
352 4559 429 4620 λόγος,
439 4559 474 4607 ότι
482 4561 509 4608 τδ
516 4561 585 4608 πλέον
593 4565 633 4617 τῆς
642 4559 780 4622 κατηγορίας
789 4559 918 4616 διὰταύτην

174 4625 234 4674 ἐστί.
254 4627 365 4676 Φαίνεται
384 4629 408 4676 δέ
424 4630 549 4686 νενικηκὼς
563 4629 602 4678 τδν
613 4629 705 4690 ἀγῶνα,
718 4630 748 4684 ὥς
762 4645 831 4690 φασιν
842 4631 863 4677 οἰ
875 4646 919 4677 ποι-

104 4709 128 4747 ss
173 4695 245 4744 λαιοί.
267 4699 370 4745 Δοκοῦσι
382 4697 406 4745 δι’
419 4713 458 4759 μοι
469 4701 492 4746 oi
504 4699 568 4757 λόγοι
581 4699 639 4758 μετὰ
649 4699 690 4753 τὰς
707 4698 772 4753 δίκας
783 4697 917 4761 γράφεσθαι.

112 4822 120 4868 1
184 4815 289 4876 Οὐδένα
304 4815 409 4875 πώποτε
429 4821 480 4876 τῶν
504 4821 628 4895 πολιτῶν,
652 4808 833 4895 ὦἈθηναῑοι,
860 4819 918 4878 οὔτε

138 4901 243 4982 γραφήν
255 4902 418 4982 γραψάμενος
433 4903 486 4961 οὔτ’
497 4905 523 4962 ἐν
536 4903 651 4972 εδθιίναις
664 4904 798 4976 λυπήσας,
813 4905 870 4964 ἀλλ’
884 4910 918 4972 ὡς
962 4914 1044 4964 cuium
1062 4914 1156 4974 creavi,
1168 4914 1206 4964 rel
1222 4913 1247 4962 ln
1265 4912 1392 4964 referendis
1404 4911 1534 4962 rationibus
1552 4911 1666 4962 molestus
1687 4914 1737 4976 tui,

139 4989 224 5066 έγωγε
244 4989 341 5064 νομίζοι
364 4988 467 5069 μέτριον
489 4991 601 5066 ἐμαυτόν
619 4991 682 5070 πρὸς
700 4989 798 5048 ἕκαστα
820 4992 916 5050 τούτων
962 4999 1017 5062 sed,
1028 5003 1056 5050 ut
1066 5001 1124 5049 miili
1136 4999 1278 5062 persuadeo,
1290 4998 1412 5049 moderate
1425 5011 1464 5048 me
1476 4998 1500 5046 in
1515 4999 1587 5048 rebus
1600 4999 1736 5060 hujusmodi

138 5073 329 5152 παρεσχηκώς,
348 5077 414 5154 δρῶν
429 5073 455 5134 δέ
473 5075 521 5149 τήν
536 5099 562 5135 τε
582 5075 657 5136 πάλιν
677 5075 779 5156 μεγάλα
802 5079 914 5156 βλαπτο-
962 5087 1021 5148 gessi
1032 5103 1038 5136 ι
1051 5100 1135 5138 rerum
1151 5093 1226 5150 quum
1240 5089 1264 5139 et
1275 5085 1444 5152 rempublicam
1460 5087 1562 5150 graviter
1580 5100 1593 5136 a
1610 5087 1740 5136 Timarcho

985 4005 1067 4048 minem
1076 4010 1187 4049 oratorem
1196 4007 1219 4048 et
1228 4005 1411 4048 calumniatorem
1425 4015 1497 4046 snum.
1524 4007 1581 4046 sunt
1594 4007 1667 4046 sutem
1682 4004 1732 4048 latas

986 4078 1045 4132 leges
1053 4077 1080 4120 de
1090 4077 1229 4129 oratoribus,
1239 4077 1276 4132 qul
1285 4077 1330 4121 sint
1339 4089 1351 4120 a
1362 4076 1509 4120 concionibus
1521 4075 1643 4130 repellendi
1654 4087 1660 4116 ι
1671 4075 1733 4117 reiut

985 4149 1015 4201 ii,
1025 4149 1063 4204 oui
1077 4147 1234 4203 patrimonium
1244 4147 1393 4202 profuderunt
1402 4162 1408 4188 ι
1420 4147 1458 4200 qui
1468 4146 1597 4202 pudicitiam
1613 4145 1733 4200 prostitue-

987 4224 1041 4264 runt
1049 4236 1055 4262 ι
1062 4221 1100 4274 qul
1109 4220 1151 4262 nisi
1160 4220 1186 4262 iis
1194 4219 1278 4272 legibus
1288 4219 1411 4274 paruerint,
1421 4217 1491 4262 ctdris
1500 4217 1565 4260 licere
1572 4216 1659 4270 ludido
1667 4217 1691 4260 in
1699 4227 1734 4260 οο-

987 4299 1037 4331 mm
1046 4297 1119 4330 mores
1127 4285 1250 4341 inordrere.
1260 4289 1336 4330 utmrn
1345 4285 1389 4328 sint
1399 4285 1463 4338 tales,
1476 4287 1501 4328 ut
1511 4283 1537 4327 ad
1548 4284 1654 4340 populum
1668 4283 1735 4329 rerba

987 4352 1161 4410 iacereposslnt.
1177 4357 1330 4407 Qunmautem
1339 4352 1433 4397 duarum
1440 4363 1517 4396 rerum
1526 4352 1638 4396 mmhtnm
1647 4352 1731 4396 limar-

987 4421 1054 4466 chum
1064 4421 1233 4476 criminaretur,
1243 4423 1265 4465 ot
1274 4420 1385 4476 pudicitia
1394 4419 1532 4476 prostituta,
1541 4423 1564 4464 ct
1572 4419 1682 4476 absumpti
1694 4431 1736 4476 μοι·

987 4492 1063 4536 iurum
1079 4491 1220 4548 patrimonii,
1236 4490 1308 4534 oratio
1324 4491 1353 4534 de
1369 4488 1507 4544 impudicitia
1523 4489 1659 4542 inscribitur,
1675 4491 1736 4542 quod

987 4561 1059 4612 mador
1068 4561 1117 4613 clus
1125 4567 1176 4614 pars
1188 4557 1212 4602 in
1227 4569 1255 4603 eo
1264 4557 1357 4602 crimine
1369 4555 1486 4600 tractando
1494 4557 1644 4600 consumitur.
1675 4554 1735 4597 Vicit

987 4631 1061 4671 autern
1079 4638 1167 4672 causam
1186 4627 1257 4678 lunc,
1272 4630 1298 4670 ut
1313 4637 1340 4669 ex
1357 4623 1504 4669 affirmatione
1518 4628 1619 4668 veterum
1635 4625 1732 4668 constat.

987 4697 1103 4741 orationes
1111 4707 1166 4741 vero
1173 4701 1223 4752 post
1231 4699 1290 4741 actas
1299 4705 1373 4740 causas
1382 4695 1437 4738 mihi
1445 4705 1492 4738 esse
1498 4695 1585 4749 scripta
1594 4693 1706 4738 ridentur.

994 4826 1177 4890 Egc‚1'udiccs‚
1189 4827 1249 4878 nulli
1265 4827 1355 4876 civium
1367 4839 1474 4888 unquam
1490 4825 1528 4874 rel
1542 4825 1566 4873 in
1575 4825 1665 4887 judicio
1674 4827 1738 4888 peri-
