4186 6108
895 365 1154 450 sessurum?
1740 409 1797 460 an

201 506 233 562 ln
247 526 292 565 or.
307 507 344 564 de
357 503 466 564 Cironis
476 505 630 581 heridatcs
645 509 682 564 εδ
694 508 837 583 leguntur,
850 509 886 566 ad
896 529 979 584 quem
1024 533 1065 568 ναι
1079 511 1127 582 τήν
1150 510 1197 586 μὲν
1211 509 1291 584 τήθην
1306 513 1402 590 μητρὸς
1415 512 1433 584 ἢ
1453 515 1550 594 πατρὸς
1565 514 1690 598 μητέρα,
1709 518 1757 590 τήν
1771 517 1798 577 δέ

201 595 298 651 locum
311 613 339 652 ιι.
354 592 534 650 Schoemann.
1025 595 1151 666 ἐπιτήθην
1170 600 1215 668 τῆς
1233 602 1278 656 τοῦ
1300 599 1426 678 πατρὸςῆ
1441 605 1487 672 τῆς
1510 604 1607 680 μητρὸς
1628 606 1724 684 μητρὸς
1743 630 1799 682 μη-

488 733 493 736 ,
568 686 614 742 3ο,
1024 681 1095 762 τέρα.
1108 681 1201 750 Ούτως
1218 683 1309 751 Ἰσαῖος
1324 689 1351 743 έν
1366 691 1403 766 τῷ
1416 687 1479 765 πρὸς
1491 689 1632 766 Δωρόθεον.
1644 693 1687 750 Cf.
1704 697 1796 768 Etym.

245 783 454 855 Harpocratio:
476 778 718 857 ’Παρηγγύησεν
733 781 777 838 καλ
791 803 980 862 παρεγγυη-
1024 773 1062 826 Μ·
1080 791 1110 846 Ρ·
1128 772 1203 845 366,
1220 792 1264 828 ¹¹·

201 869 216 924 θ
224 866 324 933 ἐντος.
339 866 433 932 Ἰσαῖος
450 867 475 922 ἐν
489 870 523 944 τῇ
536 867 600 946 πρὸς
613 866 744 944 Διοφάνην
761 872 901 946 ἐπιτροπῆς
914 872 980 927 ἀπο.
1064 883 1076 907 ι
1087 861 1128 914 De
1142 861 1252 916 ratione
1264 861 1421 931 actionum,
1433 882 1495 936 quae
1507 875 1595 920 essent
1605 866 1727 938 primum
1738 868 1799 924 ἐνοι-

200 951 276 1032 λογίςρ
301 950 379 1031 φησί·
400 977 412 1002 ιι
433 950 464 1008 τὸ
480 949 526 1026 μὲν
550 953 633 1032 παρὸν
650 952 888 1032 ήπαρὼνῖδαῃρ),)
909 956 938 1012 τὸ
952 955 979 1013 δή
1024 942 1080 1002 >elau
1091 957 1120 1001 el
1132 951 1251 1022 καρποῦ,
1264 949 1365 1004 delude
1375 949 1611 1026 oholttc‚denlqiie
1624 950 1739 1023 ἐξούλης,
1751 973 1798 1010 ac·

200 1063 213 1089 ι
229 1041 294 1116 παρ’
313 1037 406 1116 ἑτέρων
427 1036 585 1111 μιταλαὸεἶμ
601 1038 796 1118 παρηγγύησεν,
819 1067 831 1094 ῃ
855 1041 913 1100 ἀντὶ
934 1047 980 1101 τοῦ
1024 1036 1195 1090 curallsslll'le
1219 1037 1248 1090 ln
1271 1037 1330 1092 lsael
1352 1039 1479 1094 Offlllolle
1503 1049 1601 1094 Contra
1622 1041 1798 1094 Dorotheum

199 1124 352 1201 παρέδωκεν
376 1123 551 1201 ἐντειλάμενος
568 1124 698 1206 ἑκατέρῳ,
714 1131 752 1206 τῷ
772 1126 819 1203 μὲν
833 1129 923 1187 λαθεῖν
942 1131 980 1209 τῷ
1024 1123 1182 1195 expositum
1200 1122 1280 1180 fuisse
1293 1126 1480 1197 Harpocratio
1492 1137 1608 1181 testatur
1620 1144 1649 1198 p.
1665 1133 1730 1194 ιιι,
1747 1127 1795 1186 26.

201 1207 232 1266 δέ
251 1210 347 1270 δοῦναι.
365 1209 508 1268 ticinello
523 1210 602 1288 φησί·
623 1235 633 1265 ι
649 1212 682 1269 τὰ
697 1211 744 1289 μὲν
760 1215 822 1289 ἐμοῦ
841 1213 981 1274 διαλύσαν-
1023 1211 1065 1264 Cf·
1081 1211 1140 1264 lsael
1156 1211 1209 1284 sig·
1225 1229 1269 1267 or·
1281 1211 1387 1267 XLIII·
1404 1213 1488 1283 Quod
1502 1215 1686 1287 Harpocraiio
1697 1233 1728 1286 p.
1744 1213 1796 1282 75,

202 1321 216 1346 ι
229 1317 283 1366 τος,
296 1294 321 1373 β’
331 1295 447 1354 τάλαντα
457 1294 501 1352 καὶ
512 1295 535 1354 λ’
550 1305 627 1372 μνᾶς,
642 1296 675 1355 τὰ
689 1298 716 1356 δὲ
726 1303 770 1357 τοῦ
783 1305 898 1382 tempto?
911 1324 979 1379 παρ.
1025 1313 1061 1349 20
1078 1297 1162 1352 tradit
1180 1299 1279 1352 Isaeum
1292 1298 1449 1354 luculenter
1462 1303 1622 1373 exposuisse
1636 1301 1672 1356 de
1688 1302 1799 1356 actione

201 1408 214 1433 ι
230 1382 414 1460 εγγυηθέντος,
430 1382 510 1440 ιεἰντλ
522 1389 567 1442 τοῦ
576 1384 784 1460 παραλαύόντος.
1023 1378 1127 1451 ἐξούλης
1141 1383 1191 1456 (ct.
1201 1387 1289 1457 Lysiae
1300 1385 1352 1458 irg.
1366 1384 1439 1461 aru)
1448 1388 1540 1442 autad
1550 1388 1620 1443 hanc
1640 1389 1798 1443 orationem

566 1479 614 1538 31,
1023 1472 1145 1542 pertinet
1158 1471 1255 1526 autad
1268 1473 1425 1526 orationem
1435 1473 1571 1547 Calydoni
1580 1485 1678 1530 contra
1687 1476 1799 1550 Hagno·

240 1573 320 1630 Idem
335 1592 343 1632 ε
360 1571 452 1651 Ἱερθ
465 1572 550 1639 ὁδός·
562 1571 659 1641 Ἰσαῖος
673 1576 746 1657 ἐντῇ
767 1577 830 1655 πρὸς
848 1579 979 1656 Διοφάνην
1024 1556 1118 1610 ΜΨ
1132 1558 1276 1630 scril’t‘m'·
1292 1579 1305 1608 ‘⁴
1321 1558 1468 1616 smmm·

199 1658 340 1738 ἀπολογίᾳ.
367 1657 437 1740 ‘lepis
459 1659 515 1726 ύθός
529 1661 598 1718 έστιν
619 1661 688 1731 Aeol
710 1663 806 1740 μύσται
827 1664 979 1743 πορεύονται
1053 1673 1124 1738 ΧΙΙ,
1146 1673 1233 1734 KAT'
1251 1675 1482 1736 ΕΛΠΑΓΟΡΟΥ
1504 1675 1570 1735 KAI
1591 1678 1769 1736 ΔΗΜΟΦΔ-

199 1744 255 1802 ἀπὸ
267 1751 313 1803 τοῦ
324 1745 413 1810 ἄστεος
422 1747 463 1803 ἐπ’
479 1746 628 1808 Ἐλευσῖνα.
645 1747 752 1808 Destino
765 1741 808 1810 σύν
823 1752 881 1809 θλον
894 1751 978 1810 Πολέ·

201 1855 272 1908 μωνι
292 1831 438 1910 γέγραπται
457 1831 576 1911 περὶτῆς
597 1834 667 1912 ἱερᾶς
684 1836 753 1898 ὁδοῦ.
769 1837 933 1912 Μνημονεύει
956 1839 978 1896 δ’

200 1920 281 1990 αὐτῆς
297 1921 422 1998 Κρατῖνος
436 1920 462 1976 ἐν
473 1917 642 1996 Δραπέτισιν.

279 2049 330 2108 xi.
355 2049 457 2106 ΠΡΟΣ
477 2049 682 2109 ΔΩΡΟΘΕΟΝ
704 2049 893 2114 ΕΞΟΥΛΗΣ.

457 2164 465 2174 ·
565 2143 612 2202 32.

241 2236 341 2292 Suidas
364 2254 370 2290 :
396 2233 519 2312 Ὁμοῦ,
532 2234 656 2314 epple...
673 2237 727 2295 Kal
751 2237 920 2312 Δημοσθένης
941 2263 979 2318 τῳ

200 2325 267 2397 ὁμοῦ
287 2319 346 2378 ἀντὶ
361 2325 405 2378 τοῦ
423 2321 497 2399 ἐγγύς
511 2320 637 2399 κέχρηται
652 2323 678 2379 έν
689 2327 726 2399 τῷ
740 2324 808 2382 κατὰ
823 2323 978 2401 ’Aperopi-

198 2431 281 2474 τονος·
293 2435 305 2462 ι
319 2408 382 2465 εἰσλν
394 2411 458 2484 ὁμοῦ
474 2407 606 2488 δισμύριαι
613 2408 727 2488 χιλιάδες
740 2409 879 2478 Ἀθηναίων
892 2411 975 2485 ήδισμ.

198 2497 295 2562 πάντες
306 2495 433 2568 Ἀθηναῖοι
445 2500 525 2558 Dem.
540 2509 568 2554 et
581 2500 662 2554 Phot.
671 2499 691 2573 l.
707 2495 813 2558 »Ἔνθα
825 2498 876 2575 γὰρ
888 2500 978 2576 βούλε-

198 2607 244 2642 ται
259 2585 365 2653 δηλοῦν,
380 2581 420 2640 ότι
434 2582 508 2660 ἐγγύς
521 2587 572 2641 τῶν
587 2584 728 2662 δισμυρίων
743 2585 817 2660 cleis,
831 2587 886 2645 ἐπεὶ
897 2591 937 2645 ύτι
948 2611 978 2665 γε

198 2673 248 2728 οῦκ
267 2661 334 2741 ἦσαν
354 2670 483 2748 δισμύριοι
499 2669 618 2748 φανερόν.
634 2670 731 2738 Ἰσαῖος
750 2671 777 2729 δὲ
799 2671 828 2729 τὸ
850 2675 914 2748 ὁμοῦ
931 2675 975 2730 ἐπὶ

197 2757 293 2837 χρόνου
308 2756 395 2824 έταξεν
408 2760 434 2814 έν
449 2759 486 2836 τῷ
499 2757 562 2835 πρὸς
578 2757 722 2835 Δωρόθεον·
737 2787 748 2812 ι
763 2765 787 2826 ές
796 2767 918 2820 τοσοῦτον
929 2786 976 2820 πο-

197 2844 289 2922 νηρίας
299 2847 362 2918 ὁμοῦ
375 2843 419 2900 καλ
428 2843 526 2920 τόλμης
536 2843 642 2916 ἐλήλυθε
654 2876 677 2920 ν,
690 2847 734 2904 καλ
743 2849 770 2904 ἐν
782 2851 820 2928 τῷ
829 2849 891 2927 πρὸς
906 2852 978 2909 Καλ-

198 2927 358 3005 >imprimet
370 2929 399 2986 οὐ
412 2927 464 3005 μὴν
480 2929 548 2986 ἀλλὰ
557 2929 648 2988 τούτου
658 2931 744 2990 πάντα
755 2937 819 3010 ὁμοῦ
829 2939 912 2992 ταῦτα
921 2938 977 2994 ἐπι·

197 3011 332 3081 τάξαντος.
342 3038 354 3066 ν
364 3015 463 3081 Δυσέας
473 3014 501 3072 δὲ
512 3016 727 3078 trittenheim
739 3018 827 3088 ἔταξεν
837 3023 863 3078 ἐν
873 3027 905 3100 τῇ
916 3023 978 3102 πρὸς

197 3102 363 3180 Μετάνειραν
378 3103 515 3180 ἐπιστολῇ·
531 3131 542 3155 ι
557 3111 685 3194 γυναικῶν
702 3106 729 3164 it
745 3109 849 3168 πολλῶν
864 3109 908 3166 καλ
928 3112 976 3166 ἀν-

197 3191 267 3266 δρῶν
279 3191 344 3263 ὁμοῦ
358 3191 563 3266 κατακειμένων.
577 3195 619 3252 Cf.
637 3195 757 3253 Photius
770 3201 838 3254 Lex.
852 3217 883 3272 p.
900 3199 974 3274 334,

201 3277 256 3346 163
269 3278 363 3334 Schol.
380 3280 491 3338 Platon.
503 3300 534 3355 p.
550 3281 606 3336 380
619 3283 707 3338 Deli.

564 3377 610 3433 33.

237 3465 316 3522 ldem
331 3487 337 3522 :
355 3453 561 3540 Ἐπιτήθη·ἡ
580 3473 626 3540 τῆς
638 3468 718 3540 τήθης
736 3469 836 3549 μήτηρ,
851 3469 918 3530 ὥστε
937 3475 974 3530 εἰ·

565 3637 603 3682 30.

1348 1761 1461 1821 ΝΟΥΣ.

1062 1881 1075 1906 ι
1089 1853 1226 1928 Conjicio,
1245 1857 1412 1928 inquilinum
1424 1857 1526 1925 ἰσοτελῆ
1539 1857 1616 1912 urbis
1625 1859 1797 1916 Athenarum

1022 1941 1058 1994 ab
1081 1943 1221 2015 Elpagora
1241 1953 1268 1996 et
1287 1943 1468 2016 Demophane
1489 1943 1621 2016 injuriam
1641 1948 1795 2020 accepisse,

1023 2045 1106 2100 quam
1120 2029 1173 2084 hac
1189 2029 1317 2084 oratione
1330 2032 1496 2104 propulsare
1512 2033 1605 2090 veliet.
1618 2033 1739 2088 Maxime
1753 2037 1797 2088 vi-

1022 2112 1106 2168 detur
1119 2113 1155 2168 de
1168 2131 1236 2188 agro
1247 2115 1342 2187 aliquo
1353 2117 1498 2189 publicato
1512 2126 1541 2172 et
1554 2116 1589 2171 ab
1599 2117 1737 2190 inquilino
1748 2120 1797 2173 illo

959 2241 976 2257 ..
1022 2210 1097 2254 emto
1111 2211 1205 2255 actum
1222 2218 1289 2258 esse.
1305 2225 1317 2252 s
1333 2200 1479 2258 Seremus.

1061 2393 1248 2464 Harpocratio
1263 2411 1270 2445 ι
1284 2387 1460 2449 Σύνδικοι.
1472 2389 1566 2454 Ἰσαῖος
1576 2391 1601 2448 ἐν
1615 2391 1653 2468 τῷ
1665 2390 1722 2448 κατ’
1735 2390 1797 2450 Ἐλ-

1022 2475 1136 2553 παγόρον
1147 2477 1193 2534 καὶ
1205 2475 1376 2555 Δημορόνους
1391 2477 1485 2553 φησίν·
1497 2502 1510 2530 ι
1524 2475 1549 2534 οἳ
1563 2475 1630 2552 μετὰ
1643 2475 1676 2535 rh
1688 2481 1718 2536 ἐκ
1732 2479 1796 2536 Πει-

1022 2586 1035 2612 s
1051 2566 1145 2638 ραιιῦς,
1159 2565 1194 2626 ὣς
1212 2565 1263 2640 ἐγὼ
1283 2561 1386 2635 ἀκούω,
1402 2562 1515 2622 σύνδικοι
1528 2555 1607 2636 ήσαν,
1625 2563 1689 2642 πρὸς
1704 2563 1745 2631 οῦς
1763 2566 1797 2624 eh

1023 2673 1034 2700 ι
1047 2649 1210 2726 δημευόμενα
1220 2648 1372 2729 ἀπεφέρετο.
1386 2654 1514 2710 »Eadem
1527 2653 1620 2728 Etym.
1632 2657 1672 2710 M.
1687 2673 1716 2728 p.
1730 2656 1796 2725 734,

1023 2735 1071 2808 57.
1087 2739 1128 2796 Cf.
1144 2741 1233 2813 Lysiae
1244 2739 1298 2814 lrg.
1313 2741 1361 2811 67.

1061 2927 1141 2983 idem
1156 2946 1163 2984 :
1179 2923 1476 3004 ‘Aloupporrultxh
1491 2929 1507 2998 ἡ
1522 2926 1739 3008 πορρυροπωλική
1753 2930 1795 3009 ὑφ’

1021 3015 1096 3088 ἡμῶν
1115 3010 1257 3088 λεγομένη·
1278 3011 1373 3078 Ἰσαῖος
1396 3014 1421 3070 έν
1441 3017 1477 3092 τῷ
1496 3017 1553 3072 κατ’
1573 3011 1736 3094 Ἐλιιοιγόρον
1751 3015 1796 3073 καλ

1021 3099 1202 3178 Δημορύνους.
1220 3102 1263 3158 Cf.
1279 3103 1366 3158 Bell.
1379 3105 1431 3161 An.
1442 3123 1474 3178 p.
1492 3101 1565 3177 379,
1580 3102 1628 3161 25.

1059 3301 1139 3356 Idem
1158 3319 1165 3358 :
1186 3297 1217 3357 'A
1228 3297 1393 3378 ραρήνιος·
1409 3297 1502 3364 Ἰσαῖος
1516 3301 1542 3358 ἐν
1562 3301 1599 3378 τῷ
1617 3299 1677 3358 κατ’
1689 3299 1794 3360 'Eleu-

1020 3382 1097 3529 ἔύρου
1112 3383 1157 3444 καλ
1168 3385 1350 3464 Δημαρύνους.
1362 3383 1453 3462 Δῆμός
1472 3385 1527 3443 ἐστι
1543 3387 1624 3465 φυλῆς
1637 3389 1685 3456 τῆς
1700 3387 1795 3464 Aipei-

1034 3495 1069 3538 ος.

1017 3632 1097 3681 bitatis
1108 3632 1181 3680 simui
1192 3636 1217 3680 et
1232 3632 1337 3681 audacie
1349 3643 1485 3693 progressus
1498 3633 1543 3681 est.
1560 3651 1572 3676 a
1596 3633 1626 3682 et
1646 3634 1670 3681 in
1688 3635 1794 3684 oratione

226 3705 430 3766 Ηαρηγγύησενεθ
447 3709 658 3773 παρεγγυηθέντα,
673 3712 747 3758 isrens
760 3709 784 3756 in
801 3707 973 3758 tuteieedeien·
1017 3702 1134 3750 adversus
1157 3701 1307 3750 Callicratem
1328 3720 1334 3750 ι
1357 3719 1369 3744 ι
1395 3703 1566 3752 Verumtamen
1589 3716 1664 3764 quum
1685 3703 1728 3752 iste
1742 3704 1793 3754 haec

195 3777 263 3824 sione
276 3777 391 3826 adversus
412 3779 559 3840 Diophanem
575 3779 633 3827 dicit
653 3795 659 3828 :
681 3796 694 3820 ιι
716 3782 772 3827 Pars
787 3783 874 3840 presto
894 3778 975 3827 aderat

1020 3775 1099 3823 omnia
1107 3775 1178 3824 nurui
1188 3775 1334 3837 imperasset.
1355 3793 1368 3817 ν
1382 3775 1464 3836 Lysias
1475 3788 1532 3826 vero
1547 3777 1571 3824 in
1584 3778 1689 3838 Epistoia
1700 3777 1729 3825 ad
1741 3781 1793 3826 itte·

196 3850 206 3905 t
214 3847 321 3910 παρῆν),
336 3847 426 3909 partem
436 3862 492 3898 vero
504 3851 534 3898 ab
543 3849 594 3897 aliis
604 3849 709 3910 accipere
724 3847 923 3909 prescriptionem
935 3847 973 3895 de·
1017 3844 1118 3892 tauiram
1134 3845 1193 3906 ὁμοῦ
1207 3845 1285 3906 posuit
1296 3845 1326 3893 ‹ie
1343 3843 1427 3892 εοθοιιι
1442 3846 1494 3894 ioco
1514 3863 1520 3894 ι
1537 3847 1699 3896 ιιΜιιΙισιίθιιι
1711 3849 1792 3897 eutem

195 3916 249 3978 uit,
263 3940 275 3964 n
291 3921 314 3969 id
329 3927 366 3970 est
375 3922 471 3972 tradidit
490 3922 627 3985 precipiens
643 3922 710 3972 atteri
729 3925 755 3969 nt
767 3922 895 3982 acciperet,
907 3919 974 3969 atteri
1017 3913 1099 3964 multis
1112 3919 1137 3962 et
1148 3913 1205 3962 viris
1216 3914 1508 3964 eimutuiseumhentihus.
1520 3933 1533 3958 ν

195 3991 300 4041 uideret
311 4005 372 4042 eam.
387 3997 417 4042 Et
430 3993 515 4042 tternm
528 3994 602 4042 dicit:
614 4012 626 4036 n
643 3996 735 4041 Partem
747 4005 786 4040 me
798 3991 915 4051 solvente,
925 3991 974 4040 duo

196 4061 285 4110 talenta
298 4065 322 4112 et
333 4062 428 4124 triginta
440 4063 527 4124 minas,
539 4065 628 4126 partem
640 4063 723 4111 cotenu
732 4061 870 4122 accipiente.
883 4079 895 4102 ι

583 4145 620 4189 31.

226 4217 298 4264 Sacra
312 4215 365 4275 via,
377 4215 445 4277 cnjus
454 4217 529 4274 lsaeus
543 4215 567 4264 in
584 4215 718 4264 detonsione
730 4218 811 4264 contra
826 4214 973 4276 Diophanem

195 4285 317 4344 meminit,
326 4295 353 4332 ea
362 4290 399 4334 est
408 4299 456 4346 qur
468 4288 553 4346 mystre
565 4286 664 4334 Athenis
677 4285 809 4334 Eleusinem
823 4285 973 4344 proticiscun·

195 4357 243 4400 tur.
256 4352 352 4401 Polemo
365 4352 482 4412 integrum
493 4353 606 4402 volumen
616 4353 646 4401 do
655 4353 693 4401 ria
707 4357 778 4403 sacra
791 4353 893 4414 scripsit.
910 4355 973 4403 hieu-

195 4423 232 4474 tio
241 4425 292 4486 ejus
302 4425 328 4475 ht
339 4425 401 4487 apul
411 4428 535 4478 cratinum
549 4427 573 4476 in
583 4427 706 4489 Fugitiuis.

307 4543 349 4589 xi.
366 4543 524 4594 ADVERSUS
539 4543 733 4593 Dorotheum
749 4542 791 4590 DE
806 4543 848 4590 Vi.

227 4708 397 4760 Demosthenes
408 4723 503 4773 quoque
516 4643 645 4774 tpuilhoee
655 4713 686 4760 ita
698 4725 756 4760 nsus
765 4714 801 4760 est
813 4712 841 4760 ut
857 4710 972 4772 significet

1383 3989 1422 4033 33.

1047 4061 1170 4123 Έιτιτήθη,
1183 4063 1244 4111 arie
1265 4065 1351 4120 maten
1365 4063 1423 4120 τήθη
1441 4063 1504 4112 euim
1520 4065 1602 4118 matris
1615 4067 1652 4112 est
1668 4063 1705 4112 rei
1721 4064 1793 4126 patris

1017 4135 1106 4195 nutem
1131 4134 1227 4190 ὶιτιτήθη
1244 4137 1324 4181 autem
1350 4135 1426 4182 maier
1442 4133 1557 4194 eiusque
1574 4138 1611 4182 est
1627 4139 1701 4182 mater
1720 4136 1792 4196 putris

1018 4201 1054 4251 ret
1067 4203 1158 4252 metris.
1170 4203 1210 4250 sio
1221 4204 1293 4250 iscus
1305 4202 1328 4250 iu
1339 4202 1445 4252 oratioue
1456 4208 1538 4251 eontra
1549 4204 1705 4252 Dorotheum.

1055 4299 1108 4348 llll.
1126 4299 1251 4348 CONTRA
1266 4299 1456 4348 strutionum
1473 4301 1512 4348 ΕΤ
1528 4299 1751 4349 Dettorhshsh.

1048 4444 1151 4492 Σύνθιιιοι
1165 4445 1242 4490 lseeus
1256 4441 1362 4490 oratione
1374 4378 1454 4491 chhlra
1468 4443 1605 4506 Etpaguraru
1619 4448 1643 4491 et
1654 4443 1790 4504 Demopho-

1015 4525 1070 4560 nem
1088 4532 1093 4560 :
1108 4531 1119 4554 ο
1133 4510 1242 4571 syndici,
1255 4509 1338 4568 audio,
1359 4517 1411 4572 post
1426 4512 1528 4561 reditum
1545 4525 1560 4561 e
1577 4515 1672 4572 Pyrreeo
1684 4512 1749 4560 tuere
1760 4512 1790 4560 ad

1015 4595 1076 4642 quos
1089 4593 1166 4628 causae
1179 4579 1209 4628 de
1219 4579 1286 4627 bonis
1296 4578 1385 4628 civium
1398 4581 1523 4642 publicatis
1536 4581 1705 4630 reserebantur.
1718 4598 1731 4622 »

1046 4719 1255 4784 Ἃλουργοιτωλική,
1269 4731 1308 4767 ars
1319 4657 1516 4782 qnarllxneen
1535 4720 1708 4782 purpurante
1723 4719 1791 4770 nobis

192 4777 390 4838 timi’tm‘tdum,
404 4780 428 4827 in
442 4779 548 4829 ῡῐθῑῑθῑῑθ
560 4783 642 4829 ΰθῦῑῐθ
656 4781 838 4842 Ᾰθῑδῐῦεῑῑῡθθῐθ
855 4780 887 4842 (θ
903 4787 927 4829 5¹
942 4780 951 4839 λ
965 4799 970 4828 =
1015 4790 1207 4854 πορηνροπωλική
1220 4787 1292 4836 dicta.
1305 4791 1381 4839 lsoeus
1391 4790 1415 4838 io
1431 4789 1537 4839 oratioue
1551 4792 1638 4851 contra,
1650 4790 1790 4851 iiipagoram

195 4862 209 4886 ι
221 4847 282 4894 suut
301 4849 383 4897 etitem
403 4849 559 4900 Athenienses
579 4852 681 4900 universi
706 4849 878 4913 propemodum
899 4849 972 4898 vicies
1015 4867 1039 4910 ης
1052 4860 1240 4923 Demophenem.

194 4911 269 4963 rniiie.
283 4937 295 4954 ·
310 4915 360 4965 iilic
371 4919 435 4967 enim
446 4926 525 4968 orator
539 4921 671 4981 signiticare
685 4922 749 4979 ruit,
762 4921 915 4971 Athenienses
926 4933 971 4967 nu-

194 4993 261 5031 mero
274 4983 336 5032 tund
348 4987 453 5036 muitum
467 5001 481 5036 a
499 4989 571 5039 vicies
583 4990 647 5039 mitte
658 4991 748 5040 abesse.
767 4993 819 5039 iton
831 4989 895 5038 euim
910 4989 972 5050 ipsos

1044 4989 1183 5052 Ἁραρήνιος,
1195 4989 1366 5052 Araphenius.
1382 4925 1460 5038 λύμας
1471 4989 1494 5038 iu
1506 4989 1614 5040 oratioue
1626 4991 1708 5040 contra
1718 4991 1789 5051 iiipa-

194 5050 268 5100 vicies
280 5054 344 5102 mitte
359 5056 430 5106 tuisee
441 5059 593 5109 manifestum
609 5063 653 5109 est.
672 5064 748 5110 istene
759 5072 817 5110 rere
831 5061 854 5108 in
866 5061 972 5108 oratione
1015 5073 1095 5120 goram
1115 5063 1140 5110 et
1157 5059 1346 5122 Demopirsnem.
1370 5063 1446 5122 Pagus
1466 5061 1502 5110 esi
1523 5060 1662 5123 (Arapheu)
1687 5059 1789 5122 AEfleidis

193 5117 311 5172 adsersus
325 5125 474 5179 Dorotheum
485 5131 545 5180 θαοῡ
559 5131 588 5181 de
603 5132 710 5194 tempore
721 5131 798 5181 dixit:
814 5149 823 5175 ι
837 5133 871 5180 Do
883 5131 971 5192 impru·
1014 5129 1097 5179 trihus.
