4032 6094
558 455 560 460 .
599 405 680 466 xlx.
699 407 790 466 ΠΕΡΙ
811 409 887 468 Tus
911 409 1242 473 ΠΑΡΑΠΡΕΣΒΕΙΑΣ.
1663 433 1721 484 611

118 531 180 602 ήπερ
198 531 222 582 οί
235 531 350 596 Φωκεύς,
364 530 385 584 εἰ
396 533 436 584 καί
451 533 474 586 οί
488 532 586 596 Φωκεῖς
601 535 662 588 κατά
680 537 709 589 τδ
724 536 813 604 άληθές
827 541 899 591 τούτο
979 541 1041 604 348,
1052 542 1095 597 25.
1112 541 1161 594 Τοῦ
1174 544 1246 612 χάριν
1257 540 1302 614 δή]
1316 544 1402 614 Τρίτον
1416 546 1486 616 μέρος
1497 550 1540 614 τῆς
1555 552 1724 616 καταστάσεως

117 610 289 676 πεποιήκασιν.
304 610 400 680 Πρῶτοι
413 611 477 680 γάρ,
490 613 573 681 φησὶν,
586 612 746 684 ἐπεχείρησαν
758 615 782 667 οἱ
794 616 898 684 θηύαῖοι
944 617 1118 688 αἰτιολογικόν·
1131 619 1174 681 τὰς
1183 621 1260 682 αἰτίοις
1269 621 1316 692 γάρ
1329 622 1461 676 άποδίδωσι
1474 629 1522 678 τῶν
1534 629 1724 699 προειρημένων.

119 695 193 744 τοῦτο
204 693 304 754 ποιῆσαι
318 690 359 742 καί
376 712 389 738 ι
405 690 473 743 ούδέν
487 685 561 756 ήττον
576 691 722 760 ήσεθήκαοιν
739 694 762 746 οί
776 695 901 764 βεόουλευ-
943 697 970 748 S.
984 696 1119 766 ίίληρώσας
1132 696 1177 763 τήν
1189 699 1303 768 διήγησιν
1316 699 1440 754 εἰσθάλλει
1450 699 1559 756 έντεύθεν
1573 704 1612 758 ἐπί
1626 707 1653 758 τό
1665 714 1727 776 πρῶ-

121 791 132 817 ι
152 769 221 830 κότες
232 774 281 820 τῶν
292 771 346 830 ταῖς
355 769 427 838 χερσί
441 768 632 840 διαπραξάντων,
651 795 661 822 ι
675 773 708 835 ὡς
719 771 822 844 ἐπιφέρει
839 773 900 844 μετὰ
944 793 985 827 τον
998 775 1129 844 κεφάλαιον
1141 780 1184 830 τοῦ
1194 783 1352 846 στοχασμοῦ,
1364 780 1423 849 θπερ
1435 779 1487 832 ἐστί
1496 781 1524 834 τδ
1532 787 1725 854 παραγραφικόν.

117 848 206 918 μικρὸν
220 847 308 916 λόγον.
325 847 498 902 ACDGRTV.
944 852 1068 922 Ααμύάνει
1079 851 1106 906 δέ
1119 853 1179 907 αύτδ
1194 854 1221 907 ἐκ
1237 859 1280 908 τοῦ
1298 857 1398 925 χρόνου.
1437 856 1514 922 οἷον,
1537 861 1578 912 καὶ
1590 861 1631 913 διὰ
1651 863 1675 914 τί
1693 862 1726 932 μὴ

156 925 216 992 347,
234 924 263 976 15
290 922 470 996 λπελογίζετο]
482 925 645 996 ἐστοχάζετο,
656 925 818 999 έπελάμόανε.
838 928 900 983 Ἀντί
944 933 998 984 τότε
1011 929 1153 998 άντελεγες,
1168 933 1347 988 ACDGRTV.

118 1005 182 1066 τοῦ,
199 1001 246 1056 ύπδ
260 1002 349 1071 λόγους
362 1002 403 1054 καὶ
419 1001 535 1074 ἀριθμούς
548 1005 660 1058 ἐπετίθει.
675 1009 705 1058 P.
980 1010 1046 1078 349,
1059 1026 1085 1062 α.
1102 1011 1277 1081 Παραχρῆμα]
1291 1009 1368 1082 ήγουν
1383 1014 1509 1084 συντόμως
1524 1016 1585 1085 μετὰ
1607 1015 1651 1083 τήν
1671 1039 1727 1089 ¹292·

157 1081 219 1147 347,
245 1085 285 1134 τό.
308 1081 539 1154 Πεπρεσόευμένων]
559 1081 635 1154 ήγουν
660 1082 687 1136 ἐκ
709 1087 752 1150 τῆς
775 1085 900 1156 πρεσθείας
944 1087 1038 1142 σύείαν.
1052 1091 1083 1144 Ρ.

117 1158 205 1212 ἑαυτοῦ
218 1159 251 1220 ῶς
264 1159 417 1229 τεθαρρηκὼς
428 1160 498 1231 αύτῇ.
514 1163 543 1214 Ρ,
980 1167 1041 1235 349,
1060 1183 1104 1220 11.
1127 1163 1207 1238 Ούπερ
1223 1167 1312 1238 εἶπον]
1326 1170 1364 1222 ότι
1383 1169 1426 1222 ούκ
1448 1169 1573 1226 ἐδίδασκον
1592 1180 1668 1228 ταῦτα
1685 1196 1729 1230 πα·

152 1237 227 1288 Δυοΐν
245 1237 261 1302 ἢ
282 1243 354 1306 τριῶν
368 1236 481 1309 ἡμερῶν]
494 1238 529 1290 Tb
545 1239 622 1308 τάχος
633 1243 675 1306 τῆς
689 1238 837 1310 ἐπαγγελίας
851 1239 896 1308 τὴν
945 1244 1322 1316 ραχρῆμα,άλλδιμετάταύτα.
1338 1249 1368 1300 Ρ.
1484 1273 1492 1280 -

116 1327 213 1392 άπάτην
227 1323 353 1392 ἐπηύξησε.
372 1325 452 1382 ch.
980 1323 1042 1391 349.
1065 1323 1107 1376 15.
1124 1324 1335 1396 Προόιόλημένη]
1350 1324 1457 1388 εύλαόῶς
1470 1325 1564 1398 ἐχουσα
1579 1331 1620 1382 καί
1640 1332 1729 1402 φυλατ.

154 1405 214 1457 Καθ’
228 1403 413 1474 αύτάς]μόνας.
426 1405 456 1457 Ρ.
944 1402 1043 1470 τεμένη.
1066 1404 1143 1456 ΒΥΡ.
1169 1403 1221 1474 Πρδ
1237 1409 1286 1457 τῶν
1310 1403 1394 1458 άλλων
1417 1399 1464 1471 ήν,
1487 1405 1622 1478 ἔμπροσθεν
1648 1431 1727 1481 μαχη.

154 1481 375 1551 Εἰσπραττόμενα]
389 1480 528 1550 ζητούμενα
548 1483 578 1536 Ρ.
808 1493 814 1506 ·
945 1480 1015 1549 μόνη.
1032 1483 1062 1534 Ρ.

155 1562 217 1627 347,
238 1560 282 1615 23.
302 1560 427 1611 Διδάσκειν
445 1559 493 1628 γάρ
508 1558 578 1620 αύτδς
588 1557 652 1628 ἔφη]
666 1557 731 1628 Ὅρα
740 1559 805 1622 ὅπως
823 1561 897 1618 πάλιν
979 1557 1081 1630 Καλῶς]
1093 1563 1262 1631 συμφερόντως
1284 1563 1315 1614 Ρ.

118 1639 297 1709 προδιοικεῖται
306 1637 350 1703 τὴν
360 1637 440 1691 λύσιν.
456 1636 486 1689 ‘0
497 1637 545 1708 γὰρ
559 1639 679 1691 διδάσκων
696 1638 725 1690 ού
736 1641 897 1709 φενακίζεται.
978 1634 1023 1690 Διό
1036 1635 1080 1702 τὴν
1095 1635 1230 1709 άλήθειαν]
1244 1641 1288 1692 τού
1301 1638 1418 1708 Αἰσχίνου
1430 1639 1536 1707 δηλαδή.
1552 1645 1583 1696 Ρ.

118 1719 167 1770 ίίαί
179 1720 208 1772 εδ
223 1717 294 1778 αδτός
305 1717 332 1770 δέ
351 1715 395 1782 τήν
413 1715 500 1787 ἐξοχὴν
514 1716 591 1783 δηλοῖ
599 1720 643 1782 τῆς
661 1717 782 1787 είιρέσεως.
799 1719 850 1772 θύει
868 1722 897 1772 ἐν
978 1713 1024 1766 Διό
1037 1713 1082 1780 τήν
1096 1716 1309 1788 αἰσχροκέρδειαν]
1326 1719 1442 1790 νομίσητε
1456 1723 1611 1790 γεγενῆσθαι.
1625 1725 1653 1776 Ρ.

115 1792 165 1849 ούν
177 1797 191 1849 ό
204 1800 312 1857 τοιοῦτος
323 1795 467 1862 άπατηθείη.
481 1796 559 1848 TCV.
983 1790 1142 1866 Ἆποδόσθαι]
1153 1795 1267 1863 πωλῆσαι
1276 1800 1305 1850 Ρ.

154 1877 215 1944 347,
238 1879 280 1931 26.
296 1873 529 1944 Ἓπικεκηρυχέναι]
554 1871 731 1944 Ὁμολογεῖται
748 1873 901 1945 ύποσγέσθαι
980 1871 1042 1940 349,
1063 1873 1107 1926 25.
1131 1874 1257 1944 Βούλομαι
1273 1873 1318 1944 δέ]
1342 1874 1498 1944 Συμπεράνας
1518 1874 1562 1942 τὴν
1580 1880 1727 1934 κατάστασιν

119 1956 214 2006 δοῦναι.
231 1955 262 2005 Ρ.
277 1951 356 2004 Ὅταν
368 1951 438 2013 πόλις
451 1951 499 2023 ἐχῃ
513 1955 571 2022 πρός
579 1971 633 2004 τινα
648 1953 801 2022 δυσμένειαν,
815 1953 901 2023 ἐπιύοᾷ
944 1948 1045 2018 άρχεται
1057 1950 1166 2004 ἐντεῦθεν
1180 1959 1229 2006 τῶν
1250 1951 1292 2006 άπ’
1307 1953 1384 2022 ἀρχῆς
1397 1953 1456 2022 άγρι
1470 1954 1568 2020 τέλους,
1580 1951 1615 2008 ὧν
1630 1956 1680 2010 ἐστι
1699 1961 1728 2012 τὸ

116 2033 160 2083 καί
181 2031 293 2100 κηρύττει
308 2029 393 2100 μισθόν
411 2029 453 2080 καὶ
467 2028 584 2098 χρήματα
605 2035 640 2100 τῷ
663 2029 798 2099 φονεύοντι.
821 2031 898 2085 ch.
943 2028 1082 2098 προοίμιον.
1107 2027 1205 2096 Ἐπειδὴ
1218 2029 1244 2083 δέ
1258 2031 1395 2096 κινηθέντος
1403 2035 1447 2083 τοῦ
1463 2031 1618 2103 ἐγκλήματος
1629 2034 1726 2106 ἐδείχθη

118 2107 269 2162 Ἇλλυέστίν
280 2107 433 2178 ἐπικηρυκεία
443 2107 483 2159 καὶ
494 2106 558 2159 άλλο
570 2106 712 2177 ἐπικήρυξις.
730 2107 900 2178 Ἐπιιιηρυιιεία
945 2107 972 2158 τὸ
985 2108 1099 2177 μέγεθος,
1119 2107 1236 2179 άφίμενος
1254 2108 1392 2179 ἀναγκαίως
1408 2107 1443 2162 ὧν
1457 2111 1607 2182 προήρξατο,
1623 2112 1667 2180 τήν
1683 2115 1727 2168 λυ·

120 2187 191 2259 μένή
207 2187 289 2258 φιλία,
302 2188 483 2258 ἐπικήρυξιςδί·
496 2187 614 2249 πολλάκις
622 2187 692 2250 πόλις
709 2187 801 2257 ἐχουσα
811 2188 900 2259 ἐχθρόν
944 2191 1036 2238 παῦσαν
1053 2187 1128 2240 αύτδν
1146 2187 1266 2242 άντίθεσιν
1288 2187 1430 2242 διαόάλλειν
1454 2196 1575 2261 πειρᾶται.
1614 2195 1684 2248 Ἔστι
1701 2197 1727 2249 δέ

118 2286 174 2320 τινα
188 2266 375 2320 ἐπιόουλεύοντα
389 2265 451 2338 αύτή
463 2265 579 2318 ἐθούλετο
589 2265 662 2318 αύτδν
673 2265 771 2319 άνελεῖν
782 2267 815 2328 ύις
824 2268 899 2337 βαρύν
944 2263 1004 2332 αύτη
1018 2266 1070 2330 τίςς
1086 2265 1160 2332 ήάπδ
1171 2271 1213 2332 τῆς
1228 2267 1345 2338 Αἰσχίνου
1356 2269 1489 2339 δυνάμεως.
1508 2269 1634 2342 Ἀλλ’,ούχ
1644 2273 1727 2337 ἱκανδς

116 2345 193 2417 θαυτῇ
205 2346 245 2398 καί
263 2343 407 2416 ἐπεκήρυττε
424 2345 541 2416 χρήματα
554 2347 608 2398 κατ’
619 2345 692 2398 αὐτοῦ
705 2351 741 2418 τῷ
755 2345 901 2418 βουλομένῳ
945 2342 1076 2412 Αἰσχίνης,
1095 2343 1151 2398 ούδέ
1168 2345 1288 2412 τοσαύτην
1309 2345 1362 2416 ἔχει
1381 2348 1483 2417 δύναμιν
1497 2351 1560 2402 ώστε
1583 2348 1660 2402 εἰκοσι
1683 2353 1727 2404 δύο

117 2425 204 2477 λαβεῖν
217 2425 258 2478 καί
268 2429 382 2495 φονεῦσαι
392 2424 476 2478 αύτόν.
513 2424 637 2486 Πολλάκις
650 2424 675 2478 δέ
688 2425 729 2478 καί
743 2421 783 2478 ἐπὶ
794 2424 899 2478 ἰδιωτῶν
944 2421 1040 2474 πόλεων
1051 2424 1182 2492 προδοῦναι
1195 2424 1346 2494 κατάλογον.
1384 2427 1414 2478 Τί
1424 2427 1515 2492 δήποτε
1528 2427 1554 2482 δέ
1565 2434 1728 2498 στοχαστικῆς

115 2507 190 2555 τοῦτο
205 2502 308 2573 ἐγίνετο.
322 2503 498 2556 ACDGRTV.
944 2501 1017 2568 ούσης
1030 2505 1072 2568 τῆς
1087 2503 1221 2564 ύποθέσεως
1235 2501 1344 2573 ἐλέγχων
1359 2503 1486 2570 ἀπαιτήσει
1499 2504 1528 2556 ού
1537 2507 1669 2575 κέχρηταις
1687 2509 1728 2560 καὶ

154 2582 216 2650 347,
231 2597 276 2650 29.
290 2581 325 2632 Ὦ
344 2581 436 2650 άνδρες
448 2579 573 2650 πρέσθεις]
586 2579 665 2633 Τοῦτο
682 2583 763 2652 ώσπερ
784 2579 900 2646 ήθοποιία
944 2579 1050 2651 λέγομεν
1065 2583 1104 2633 ότι
1125 2583 1226 2652 γνώμης
1248 2581 1300 2636 ἐστὶ
1320 2585 1470 2652 στοχασμός,
1509 2581 1564 2653 Ούχ
1586 2577 1640 2634 οἷόν
1660 2601 1686 2636 τε
1700 2583 1727 2637 δέ

110 2657 198 2721 ἐστίν,
211 2659 244 2720 ώς
258 2657 305 2712 &ab
320 2663 368 2710 τῶν
384 2657 493 2710 Εύύοέων
508 2657 634 2728 λεγόντων
654 2658 712 2728 πρδς
725 2658 767 2712 τδν
782 2659 899 2730 Αἰσχίνην
943 2657 1073 2728 προδήλων
1086 2659 1164 2712 όντων
1187 2665 1235 2712 τῶν
1256 2660 1406 2730 πραγμάτων
1422 2659 1460 2730 ἐφ’
1477 2656 1512 2712 ὧν
1529 2661 1671 2730 πέπρακται,
1686 2661 1728 2716 καί

117 2734 159 2786 καί
173 2735 228 2795 τούς
243 2734 332 2796 άλλους
341 2735 457 2805 πρέσύτις,
473 2734 521 2786 ίίαί
533 2740 583 2795 πῶς
592 2734 721 2802 εύρέθησαν
734 2735 803 2788 αύτοί
814 2737 837 2789 σί
848 2740 902 2808 πρέ-
947 2740 1097 2806 καταφανούς
1108 2737 1260 2807 ύπάρχοντος
1272 2741 1315 2790 τού
1326 2740 1485 2804 πεποιηκότος
1501 2737 1612 2807 ἐλέγχων
1624 2737 1727 2806 ἀπαίτη-

117 2813 183 2873 σύεις
194 2817 220 2865 ἐν
233 2817 263 2884 τῇ
275 2811 381 2882 Εύθοίφς
392 2811 498 2882 λέγομεν
508 2813 545 2865 su
559 2813 590 2863 δι’
602 2811 675 2878 αὐτῆς
685 2812 820 2882 παρῆλθον,
829 2813 902 2868 ἐπαν-
945 2829 982 2862 σιν
997 2813 1119 2882 γενέσθαι.
1135 2813 1257 2866 Ἐνταῦθα
1268 2813 1317 2882 γάρ
1330 2816 1373 2879 τῆς
1386 2813 1523 2884 βουλήσεως
1536 2815 1611 2883 μόνης
1625 2813 1727 2878 ἐξέτασις

118 2893 248 2962 ερχόμενοι
273 2889 313 2944 ἐπὶ
332 2890 375 2952 τὰς
402 2889 514 2956 Ἀθήνας·
539 2889 567 2942 ού
587 2889 635 2961 γύρ
658 2889 778 2957 ἠδύναντο
801 2892 841 2944 διὰ
859 2897 902 2960 τῆς
945 2890 1047 2944 καὶτῶν
1063 2895 1210 2964 τεκμηρίων.
1261 2891 1436 2963 Ἕλέγχουςδέ
1449 2892 1492 2945 ούκ
1511 2892 1671 2964 άπαιτούμεν,
1687 2896 1727 2948 ύτι

117 2971 234 3032 Βοιωτίας
247 2969 389 3023 ἐπανελθεῖν
410 2969 450 3022 διὰ
461 2967 506 3034 τήν
528 2967 619 3040 ἔχθραν
634 2971 664 3037 ἢν
684 2969 756 3040 εἰχον
774 2972 833 3042 πρός
846 2973 902 3034 τούς
946 2968 979 3039 μή
990 2969 1034 3035 τήν
1047 2970 1127 3042 έτέρου
1138 2974 1241 3042 γνώμην
1254 2969 1308 3024 οἶδέ
1317 2990 1352 3033 τις
1364 2970 1385 3024 εἰ
1399 2970 1460 3024 έκὼν
1474 2972 1490 3038 ἢ
1503 2971 1569 3026 άκων
1584 2973 1626 3026 καί
1637 2973 1725 3040 ἐξηπα·

115 3049 245 3116 θηθαίους.
282 3048 363 3101 Ἦσαν
385 3047 411 3100 δέ
431 3047 455 3100 οί
476 3047 578 3108 Εθύοεῖς
602 3046 731 3115 Ἀθηναίων
754 3047 901 3112 άποστάντες
945 3049 1047 3118 τηρένος
1060 3050 1116 3112 τούς
1126 3050 1216 3120 λόγους
1236 3049 1326 3120 εἴρηκε.
1367 3049 1413 3104 Kal
1431 3049 1446 3116 4
1467 3049 1581 3120 βούλησις
1600 3051 1626 3104 δέ
1648 3050 1727 3122 ἠρέμα

115 3125 208 3179 ἐκτῶν
223 3126 329 3196 ύστέρων
343 3125 490 3180 θουκυδίδου
512 3127 584 3196 μέχρι
604 3130 647 3178 τοῦ
667 3130 710 3180 νῦν
733 3129 833 3198 χρόνου,
855 3130 901 3182 AC
946 3122 989 3192 μέν
1011 3123 1145 3190 δηλοῦται,
1173 3125 1319 3195 φυλάττεται
1334 3126 1360 3178 δέ
1381 3123 1502 3192 ήπλείων
1527 3125 1629 3188 ἐξέτασις
1644 3127 1669 3181 ἐν
1693 3135 1728 3200 τῷ

117 3207 249 3260 DGRTV.
944 3203 1066 3272 χρώματι.
1103 3202 1153 3269 Τήν
1165 3203 1191 3256 δέ
1202 3204 1304 3274 δύναμιν
1317 3203 1471 3274 βλάπτουσαν
1486 3203 1528 3256 καί
1538 3203 1727 3274 ύπερόαίνουααν

152 3285 214 3348 348,
229 3285 253 3336 3.
272 3280 446 3354 Ὧμολόγηκε]
467 3282 642 3351 καθυπέσχετο.
659 3285 689 3336 Ρ.
944 3276 1114 3348 τήνποιότητα
1125 3283 1234 3354 κατέμιξε
1246 3287 1276 3354 τῇ
1289 3284 1351 3336 θέσει
1364 3289 1412 3336 τῶν
1425 3281 1466 3336 ἀπ’
1478 3281 1555 3354 ἀρχῆς
1564 3283 1623 3354 όχρι
1633 3284 1726 3348 τέλους,

151 3361 308 3433 Εθδοκιμῶν]
324 3360 400 3432 ήγουν
413 3363 513 3432 δόκιμος
524 3361 594 3422 δόξας
606 3361 687 3414 ἕνεκεν
699 3361 803 3417 τούτων.
815 3365 845 3417 Ρ,
944 3357 1033 3412 πιθανά
1043 3366 1120 3414 ποιῶν
1135 3360 1165 3414 τό
1177 3361 1334 3432 ἐγκλήματα.
1348 3363 1372 3414 Τ
1373 3363 1429 3417 CV.

155 3442 251 3514 Ῥήτωρ
264 3445 376 3514 άριστος]
392 3444 554 3514 πιθανολόγος
568 3443 607 3496 ἐπὶ
620 3446 716 3514 τέχνης.
727 3447 758 3500 Ρ.
979 3438 1105 3510 Βθέόῦμαῑ
1122 3440 1164 3510 δέ]
1184 3441 1213 3492 Τί
1226 3441 1305 3506 δήποτ
1325 3445 1488 3512 ποκαπῑόῆέ
1504 3440 1577 3508 Οὗσθέ
1597 3445 1640 3508 ῖῆς
1652 3444 1726 3510 (²1¹4-

155 3521 224 3594 Ἀνήρ
237 3523 387 3594 θαυμαστός]
402 3521 524 3583 ἐπαινετὸς
535 3521 575 3574 ἐπὶ
587 3523 696 3592 γνώμης,
711 3525 741 3576 Ρ.
944 3533 1003 3578 σεως
1012 3515 1067 3570 οὔτε
1079 3515 1190 3588 ἐλέγχων
1207 3517 1334 3584 άπαιτήσει
1352 3520 1467 3588 κέχρηται
1481 3518 1536 3572 σύτε
1549 3518 1597 3589 μὴν
1613 3521 1728 3588 βουλήσει

153 3601 215 3664 348,
229 3621 254 3668 9.
272 3599 372 3664 Κατέόη
389 3599 456 3668 μάλα
466 3600 574 3668 σεμνῶς]
588 3599 694 3665 Πλήττει
706 3599 847 3666 λεληθότως
857 3601 899 3654 τόν
944 3596 989 3666 πρίι
1003 3600 1045 3663 τῆς
1063 3598 1202 3667 δυνάμεως;
1220 3597 1303 3661 λύσις,
1325 3597 1364 3650 ὅτι
1384 3599 1485 3667 γνώμης
1503 3595 1554 3649 ἐστὶ
1577 3603 1725 3668 στοχασμός.

112 3679 211 3746 δῆμον,
248 3679 286 3729 ότι
308 3677 534 3747 ύπερτυδοκιμοῦσιν
564 3677 588 3729 οί
618 3679 793 3747 φενακίζοντες
818 3679 897 3732 TCV.
944 3675 1060 3727 BFRSY.
1082 3675 1217 3744 Πληρώσας
1233 3675 1262 3728 τδ
1276 3676 1458 3746 παραγραφαδν
1473 3673 1597 3728 εἰσόόλλει
1616 3675 1725 3732 ἐντεῦθεν

114 3755 227 3826 Σεμνῶν,
242 3753 319 3826 ἤγουν
336 3754 534 3825 μεγαλοπρεπῶς.
551 3756 582 3808 Ρ.
944 3749 983 3804 ἐπὶ
1001 3753 1029 3804 τδ
1049 3751 1159 3822 δεύτερον
1181 3752 1312 3821 κεφάλαιον
1335 3754 1379 3804 τού
1402 3755 1565 3822 στοχασμοῦ,
1589 3753 1648 3822 ύπερ
1662 3753 1727 3806 ἐστὶν

154 3837 215 3898 348,
233 3852 275 3888 10.
294 3832 412 3895 Ἀναστές
431 3834 454 3886 δ’
471 3832 539 3904 ἐγὼ]
558 3831 746 3904 Παραγραφικδν
760 3830 814 3884 λύει
832 3854 843 3882 ε
859 3833 900 3886 καί
943 3826 1142 3900 ἧτῶνζέλίγχων
1158 3827 1294 3896 άπαίτησις.
1311 3829 1417 3884 ATCV.

118 3935 131 3961 ι
147 3912 222 3964 διὰτί
234 3912 278 3964 ούκ
294 3911 434 3982 άντέλεγεςς
453 3915 535 3966 ιΑΠ.
980 3909 1041 3979 349,
1064 3913 1107 3964 τό.
1128 3909 1174 3962 Ὃν
1191 3909 1299 3978 τρόπον]
1313 3908 1368 3962 άντί
1384 3912 1442 3973 τού,
1468 3908 1522 3962 καθ’
1543 3909 1571 3960 θν
1593 3909 1726 3981 ύστέρησαν

153 3991 214 4055 348,
232 3991 273 4044 13.
294 3989 408 4054 Ἐθόων,
431 3989 553 4060 ἐξέκρουόν
577 3989 623 4058 με]
638 3985 755 4056 Αἰσχίνου
777 3987 898 4056 βοῶντος,
943 3985 1032 4056 τρόπον
1044 3985 1172 4056 ποτέύμπῖς
1185 3985 1241 4047 τούς
1251 3986 1359 4048 Φωκεῖς.
1373 3988 1402 4040 Ρ.

112 4069 284 4140 Φιλοκράτους
297 4073 485 4141 παροινούντος,
496 4066 739 4138 προκατειλημμένου
753 4071 796 4120 τοῦ
809 4067 898 4138 δήμου,
979 4065 1041 4130 349,
1061 4066 1106 4118 28.
1118 4063 1165 4115 Δεῖ
1174 4063 1200 4116 δέ
1215 4064 1308 4134 μηδένα
1324 4062 1410 4135 ύμῶν]
1425 4061 1509 4116 Ἔστιν
1524 4057 1568 4114 σύν
1577 4067 1620 4129 τῆς
1636 4062 1728 4118 άντιθέ·

115 4153 163 4203 ποῦ
176 4149 331 4220 Δημοσθένης
347 4147 496 4218 όφθήσεταις
512 4147 588 4218 TCV.
611 4143 752 4215 Ἐξέκρουον
773 4143 831 4214 μἰν,
845 4145 900 4200 άντί
943 4140 1029 4207 σιωπὴ
1044 4141 1144 4211 δύναμις
1165 4141 1190 4194 ἐν
1204 4141 1299 4203 τούτοις
1312 4141 1374 4196 κατὰ
1393 4141 1515 4211 ἀναίρεσιν
1530 4140 1672 4212 εἰσηγμένη·
1688 4143 1727 4197 ἰν-

115 4231 176 4292 τού,
200 4227 369 4290 ἰπωνείδιζον·
393 4225 528 4296 ἐχλεύαζον
547 4225 591 4288 δὲ,
616 4223 741 4285 ἐνέπαιζον
761 4225 814 4295 μετ’
832 4224 899 4296 εἰρω-
943 4222 1019 4352 τργῗρθα
1028 4220 1076 4292 γάρ
1087 4225 1131 4289 τῆς
1142 4221 1281 4292 βουλήσεως
1294 4221 1370 4292 μόνης
1382 4220 1398 4286 ή
1411 4220 1513 4282 ἐξέτασις
1526 4219 1624 4272 καὶτῶν
1637 4239 1727 4291 τεκμη-

115 4307 236 4367 vem.
942 4319 956 4370 ρ
988 4319 1011 4352 ν.
1023 4300 1117 4354 BFSY.

152 4385 214 4449 348,
228 4388 270 4448 ι4.
290 4381 376 4455 Ὗμεῖς
388 4384 411 4436 δ’
423 4383 542 4454 ἐγελᾶτε]
557 4381 709 4436 Καθάπτεται
720 4385 768 4432 τῶν
780 4379 897 4445 πολιτῶν,
982 4377 1016 4430 Ἦ
1028 4377 1071 4448 μίν
1085 4376 1198 4446 βούλησις
1218 4377 1290 4448 μέχρι
1312 4381 1355 4430 τού
1378 4377 1476 4448 μετρίου
1499 4375 1678 4446 συμπέπλεκται
1699 4377 1726 4432 ἐκ

113 4465 155 4516 ὅτι
168 4464 220 4524 τοῖς
230 4463 384 4532 φενααίζυυσι
396 4459 441 4526 τὴν
460 4460 534 4515 πόλιν
546 4458 683 4524 ἐπίστευον,
699 4459 741 4512 τὸν
757 4458 783 4512 δέ
800 4459 900 4529 φιλόπο-
943 4457 1038 4510 τούτου.
1077 4454 1138 4510 Εἶθ’
1160 4449 1248 4520 οὗτος,
1268 4454 1334 4526 εἰπερ
1350 4457 1430 4525 ὥσπερ
1445 4451 1528 4517 οὗτος,
1543 4453 1668 4521 ήθουλήθη
1688 4475 1727 4526 μι-

114 4541 156 4592 λιν
169 4539 351 4611 καταγέλαστον
370 4538 476 4593 ἐποίουν.
495 4540 574 4594 ΑΠΤ.
943 4537 1038 4598 σθώσας
1056 4534 1131 4588 αύτδν
1145 4537 1198 4595 τοῖς
1211 4533 1308 4604 ἐχθροῖς
1320 4533 1438 4596 ἐξαπατᾶν
1450 4533 1512 4605 ύμᾶς
1525 4533 1567 4586 καὶ
1581 4535 1726 4603 φενακίζειν,

153 4619 215 4683 348,
237 4623 278 4672 16.
292 4617 331 4684 Νὴ
343 4617 399 4678 τούς
408 4617 476 4678 θεούς
491 4615 554 4677 εἰκός
567 4635 591 4668 τι
602 4615 703 4685 παθεῖν]
715 4613 846 4685 θεραπεύει
856 4614 899 4668 τδν
942 4621 991 4668 τῶν
1005 4614 1065 4668 ἴσων
1077 4613 1154 4674 αἰτιος
1167 4609 1196 4679 ήν
1212 4619 1292 4666 κακῶν
1305 4614 1370 4666 ύσων
1385 4633 1429 4683 περ
1443 4613 1484 4666 καὶ
1501 4608 1580 4672 ούτος.
1632 4609 1683 4676 Τήν
1701 4613 1727 4666 δέ

114 4697 197 4766 δῆμον
212 4695 275 4762 μετὰ
286 4694 331 4762 τήν
344 4696 491 4766 ἐπιτίμησιν.
504 4696 586 4749 TCV.
600 4693 721 4763 Θεραπεία
735 4697 778 4759 τῆς
788 4693 899 4764 ἐπιτιμή-
943 4713 971 4764 γε
990 4694 1093 4763 δύναμιν
1114 4690 1216 4758 ηὔξησεν
1237 4691 1264 4744 ἐκ
1282 4695 1325 4758 τῆς
1339 4695 1484 4758 ποιότητος,
1506 4689 1581 4744 εἰπὼν
1599 4690 1638 4741 ότι
1658 4689 1728 4761 ύμεῖς

116 4795 188 4836 σεως.
198 4777 229 4828 B.
246 4773 419 4847 Καθαήάμενος
436 4779 485 4828 τῶν
507 4773 614 4828 πολιτῶν
637 4771 710 4826 πάλιν
729 4772 815 4834 αύτούς
833 4773 900 4842 θεραι
943 4772 1105 4838 κατεστήσατε
1119 4770 1218 4840 κύριον,
1232 4771 1274 4824 καί
1286 4771 1342 4832 τούς
1353 4771 1450 4841 καιρούς
1459 4769 1561 4839 συνῆψεν
1573 4767 1612 4821 ἐπὶ
1623 4768 1725 4835 τούτοις,

114 4853 191 4908 πεύει.
206 4855 263 4907 AR.
943 4853 1014 4923 μέρος
1024 4853 1068 4916 τῆς
1078 4849 1202 4918 δυνάμεως
1216 4849 1295 4910 ὄντας.
1314 4851 1395 4902 TCV.

152 4932 272 5004 Δεύτερα]
291 4930 422 4986 ἐλάττονα.
436 4933 466 4985 Ρ,
979 4929 1039 4991 350,
1058 4929 1084 4981 3.
1099 4925 1157 4980 Ὅτι
1170 4926 1245 4979 ὅντιν’
1263 4928 1292 4978 όν
1306 4925 1392 4998 ύμεῖς]
1406 4925 1428 4980 εἰ
1442 4924 1484 4979 καί
1496 4927 1539 4978 τού
1552 4923 1669 4996 Αἰσχίνου
1683 4945 1726 4982 τα-

156 5007 355 5082 Ὗποκειρένων]
369 5011 564 5081 παρισταμένων.
578 5011 607 5062 Ρ.
941 5009 1079 5078 πεινότερόν
1095 5025 1122 5059 τε
1136 5004 1178 5058 καί
1188 5004 1263 5070 ήττω.
1274 5007 1355 5059 Τ(Πί.

154 5087 265 5159 Ὄχλος]
277 5087 370 5142 Ταύτόν
381 5087 445 5142 ἐστιν
458 5085 551 5152 εἰπεῖν,
562 5085 694 5156 όχλούντες
708 5081 768 5152 ήσαν
785 5085 825 5138 καί
839 5086 898 5154 φθο·
978 5087 1039 5150 350,
1056 5085 1081 5138 5.
1101 5083 1159 5138 Εἶθ’
1172 5079 1259 5152 ούτος]
1272 5083 1396 5146 Συνέζευξε
1410 5087 1441 5155 τῇ
1458 5085 1560 5153 δυνάμει
1574 5080 1618 5149 τὴν
1633 5082 1725 5153 βούλη·

118 5169 226 5228 νούντες.
241 5167 271 5220 Ρ.
915 5199 921 5222 ι
941 5185 990 5230 σιν,
1003 5163 1126 5236 κραπίνων
1140 5160 1214 5229 αύτήν
1230 5166 1261 5235 τῇ
1275 5165 1398 5236 κοινωνίᾳ.
1409 5165 1490 5224 ch,

1575 5263 1611 5303 5⁹.
