4032 6094
581 451 661 511 κικ.
684 435 775 511 ιιεει
796 449 873 512 νινε
894 437 1228 526 ιιινιιινεενειιε.
1646 465 1704 518 ιιι

137 589 205 652 έια,
225 587 270 648 αῖς.
291 582 352 654 Πρίν
367 581 400 646 είς
412 579 499 654 ἀνδρας
512 579 650 654 ἰγγράύαι]
664 581 714 648 Τήν
726 581 829 654 ύπούέαν
847 581 885 634 αί-
928 585 970 649 τῆς
982 581 1154 653 λαμπρότητος
1162 583 1249 655 καὶτῷ
1262 586 1304 650 τῆς
1317 569 1483 655 ψευδομανίας
1496 571 1610 656 δνόματι.
1651 571 1711 657 Ἐφ’

98 663 181 736 σχράν
193 660 285 728 ποιεῖή
299 659 392 728 ἡλικία.
406 662 487 715 mv,
928 660 965 723 οῖς
973 661 1021 733 γὰρ
1029 660 1095 715 εἶδεν
1104 661 1190 723 αύτούς
1200 664 1390 734 σεμνυνομένους
1398 663 1439 716 καί
1449 663 1704 736 μεγαλαυχουμένους,

138 743 190 807 ίιδ
199 780 208 806 ,
223 759 266 796 10.
284 738 529 812 Ἐμόεῦροντῆσθαι]
544 739 594 792 Τοῦ
606 737 733 810 θεολόγον
745 739 883 809 (Gregorii
931 741 1007 793 ταῦτα
1024 738 1128 809 ἀπέφηνε
1142 741 1220 794 πάντα
1242 738 1315 811 μικρίε
1329 741 1369 792 διά
1389 744 1432 808 τῆς
1451 740 1539 804 οἰκείας
1553 743 1707 814 μεγαλοπρε·

98 821 183 893 Νεκ.)
199 822 297 892 δμοιον.
311 821 341 874 B.
929 820 996 881 τείας
1009 819 1050 872 καί
1065 817 1101 872 ὧν
1115 819 1260 890 παρέσχετο.
1272 821 1356 876 mv.

137 901 204 965 413,
225 903 267 964 είς.
292 897 323 951 Εἰ
341 897 404 970 μήτε
422 897 528 968 λαθεῖν]
542 896 644 958 Κύκλος.
661 899 693 952 B.
730 894 816 950 Ούκίτι
836 893 884 950 ἀπό
963 901 1026 962 ήιή,
1038 899 1082 952 28.
1092 895 1164 958 ’ἰσως
1171 897 1252 950 τοίνυν
1262 894 1498 967 ἀδελφόςῙἘκδολή
1505 902 1553 950 τῶν
1563 898 1706 969 σενηγόρων

97 982 145 1032 τοῦ
155 977 234 1031 ἀλλον
244 979 374 1048 προσώπου
386 980 430 1044 τῆς
442 975 554 1040 πλάσεως
560 973 683 1040 ,ἀλλ’ὡς
698 973 739 1029 ἀπ’
755 973 829 1028 αύτοῦ
839 977 884 1028 τοῦ
929 977 962 1039 έις
977 975 1003 1030 έν
1015 977 1068 1038 τοῖς
1085 975 1218 1048 ίπιλόγοις.
1258 975 1300 1042 Ἐν
1314 976 1341 1030 δέ
1354 978 1408 1038 ταῖς
1417 975 1508 1039 λέξεσιν
1528 975 1706 1048 ἐκακούργησεν

98 1055 210 1129 ῥήτορος.
225 1055 275 1112 ΑΤ.
929 1054 987 1119 ίοως
1000 1055 1074 1109 εἰκὼν
1088 1055 1121 1118 έος
1134 1056 1175 1107 καί
1186 1059 1234 1108 τῶν
1246 1053 1356 1126 ἀδελφῶν
1366 1054 1550 1127 αἰσχυνομένων
1564 1055 1630 1128 αύτῷ
1645 1057 1705 1127 βοη-

136 1134 204 1200 ίςιύ,
228 1133 272 1186 25.
293 1133 386 1186 Τοῦτον
407 1130 456 1202 μίν.
472 1131 555 1184 τοίνυν
576 1129 620 1184 ούκ
643 1128 883 1200 ίκρινενΑίσχίνης]
929 1136 1002 1201 δῆσαι
1011 1134 1051 1187 διδ
1060 1133 1105 1202 τήν
1119 1135 1273 1204 περιφάνειαν
1287 1139 1337 1187 τῶν
1359 1133 1526 1205 ἀδικημάτων.
1568 1132 1666 1203 Ἐπειδὴ
1680 1135 1706 1190 δέ

102 1210 230 1284 Ἀμύνεται
239 1211 282 1266 τὀν
296 1211 418 1282 Φρύνωνα
427 1214 471 1278 τῆς
480 1210 729 1282 καταμαρυιφήσεως,
743 1210 784 1262 καί
798 1208 881 1280 καιρὸν
928 1213 1062 1286 στρατηγός
1073 1207 1107 1275 εἰς
1120 1219 1168 1266 τῶν
1187 1212 1297 1284 ἀδελφῶν
1313 1213 1430 1286 Αἰσχίνου
1443 1215 1530 1286 γέγονε
1543 1215 1584 1268 καλ
1595 1215 1707 1288 λαμπρός

101 1289 157 1360 ἔχει
174 1290 204 1344 τδ
217 1290 303 1362 πικρδν
322 1289 461 1361 τοῦλόγου
481 1288 543 1360 μετὰ
562 1287 608 1354 τὴν
630 1289 798 1359 γεγενημένην
821 1284 883 1340 κατά
928 1295 978 1346 ἐστι
993 1292 1055 1346 κατὰ
1073 1291 1118 1358 τὴν
1135 1292 1219 1360 πόλιν,
1242 1295 1285 1358 fn(
1302 1293 1448 1362 στρατηγίας
1462 1291 1579 1364 ἀφέμενος
1600 1293 1641 1346 καὶ
1663 1290 1714 1347 τὸ,

100 1369 270 1440 Δημοσθένους
283 1368 360 1440 ύθριν.
400 1366 455 1438 Ἐφ’
469 1361 506 1428 οίς
521 1365 569 1438 γὰρ
586 1365 749 1437 παρελθόντες
763 1363 818 1418 ἀντί
838 1367 882 1418 τοῦ
927 1367 1063 1440 ἔμπροσθεν
1077 1371 1189 1442 διασύρας
1210 1371 1273 1440 βίον,
1291 1368 1336 1436 τήν
1351 1369 1457 1433 εύδοξίαν
1480 1373 1510 1437 ῆν
1525 1369 1624 1441 ίχουσιν
1646 1371 1706 1445 Ανχ.

99 1447 293 1519 καταμαρτυρεῖν
319 1445 458 1518 [Αἰσχίνου
476 1444 572 1516 αύτδν]
593 1443 701 1515 ύθρισαν,
726 1442 764 1498 ἰπλ
788 1442 882 1506 τούτοις
927 1465 984 1516 ρηκε
997 1449 1028 1519 τῇ
1040 1452 1089 1500 τῶν
1103 1447 1203 1502 ὀνειδῶν
1221 1454 1270 1502 τῶν
1284 1447 1332 1502 ἀπδ
1354 1451 1398 1502 τοῦ
1412 1449 1496 1518 γένους
1510 1449 1552 1502 καί
1564 1453 1607 1516 τῆς
1627 1449 1706 1517 ἀλλης

100 1525 255 1596 παροξυνθείς
268 1523 366 1596 ίλίγχει
382 1525 425 1578 τδν
446 1524 508 1594 βίον.
547 1521 611 1576 Εἶτα
624 1521 763 1588 συνίστησιν
778 1520 882 1576 δτιούδύ
927 1523 1044 1596 αἰσχύνης
1057 1528 1194 1597 παραθέσει.
1233 1525 1297 1580 Εἶτα
1316 1527 1430 1580 συνάπτει
1450 1526 1493 1579 τδν
1515 1524 1549 1598 μή
1571 1529 1707 1598 στρατηγή-

100 1606 203 1675 σιύφρων
218 1601 344 1674 Αἰσχίνης.
382 1603 539 1675 Προδέδωκε,
552 1601 627 1673 φησί,
642 1598 686 1667 τήν
698 1602 763 1672 ὥραν
775 1605 819 1656 τοῦ
828 1620 883 1655 παι·
926 1621 1004 1657 σαντα
1018 1610 1054 1676 τῷ
1072 1605 1282 1676 στρατηγήσαντι,
1300 1604 1343 1658 ίνα
1357 1603 1401 1670 τήν
1424 1604 1507 1670 κοινὴν
1524 1605 1643 1673 ποιότητα
1656 1613 1705 1660 τῶν

96 1682 143 1744 δὀς
158 1682 274 1754 Φιλίππῳ
289 1681 403 1752 Φρύνων.
441 1681 494 1736 Ποῦ
523 1681 605 1734 τοίνυν
624 1678 639 1732 ό
661 1677 826 1750 σωφρονιστὴς
844 1677 884 1732 Αί·
926 1688 998 1753 τριῶν
1015 1682 1091 1758 λάδη.
1131 1682 1233 1750 Ἐπειδὴ
1253 1684 1301 1756 γὰρ
1316 1683 1428 1738 εύύθκσιν
1442 1684 1466 1738 οί
1488 1686 1626 1748 δικάζοντες
1643 1687 1706 1740 πολ-

97 1759 291 1830 σχίνηςςκαέτοι
301 1779 331 1832 γε
341 1758 380 1814 ίπί
388 1759 457 1814 παιδί
466 1759 583 1831 μειρακίῳ
591 1759 683 1820 δίκαιος
691 1753 721 1825 ἦν
734 1760 882 1829 κατηγορεῖν
925 1759 994 1822 λάκις
1015 1761 1058 1814 καί
1080 1760 1121 1813 διά
1141 1762 1171 1815 τδ
1198 1760 1339 1832 εύπατρίδας
1362 1758 1428 1816 είναι
1458 1761 1500 1814 καί
1522 1761 1563 1814 διά
1584 1763 1614 1816 εδ
1636 1767 1706 1834 γένος

97 1844 241 1914 προδοθέντι
261 1845 389 1916 τυράννῳ,
411 1844 438 1904 θς
458 1841 544 1913 ἀνδρός
561 1840 695 1912 κρεοδύτου
713 1841 881 1913 κατηγόρησεν
926 1840 1129 1911 καταχαρίζεσθαι
1149 1841 1201 1904 τοῖς
1219 1842 1368 1914 κρινομένοις
1380 1840 1422 1903 τὰς
1442 1839 1549 1912 ψήφους,
1569 1840 1705 1912 έξεφούλισε

97 1921 274 1995 ἰκπιφευγότος
298 1919 346 1990 ήδη
368 1927 404 1994 τῷ
426 1921 498 1994 μήκει
524 1923 567 1988 τῆς
587 1918 684 1988 ἡλικίας
704 1919 733 1973 τό
752 1917 878 1993 ίγκλημα.
926 1913 970 1981 τήν
983 1915 1090 1970 παλαιίιν
1110 1916 1188 1988 τύχην
1202 1914 1313 1980 έξιτάσας
1332 1915 1377 1984 τήν
1397 1916 1459 1985 όλην
1479 1915 1557 1970 οἰκίαν
1577 1917 1702 1990 Αἰσχίνου.

97 2001 181 2057 ch,
927 1993 1022 2048 Ἐκδωκε
1035 1995 1062 2048 δέ
1072 1994 1133 2118 ημῖν
1146 1997 1261 2068 θεώρημα
1271 1996 1301 2049 τδ
1318 1995 1348 2050 τά
1362 1997 1465 2088 μέγιστα
1483 1999 1542 2050 πᾶσι
1554 1999 1705 2070 νομιζόμενα

137 2079 197 2146 ζεῦ,
213 2096 257 2152 27.
268 2077 299 2132 Εἰ
311 2079 338 2132 δέ
350 2097 386 2142 τις
394 2081 430 2132 ὢν
444 2075 480 2150 ἀφ’
490 2075 603 2150 ήλιαίας]
615 2075 784 2148 Ἀπολογεῑται
794 2077 882 2148 δοιμο·
924 2064 957 2128 ὡς
971 2064 1044 2137 W&
1058 2084 1089 2118 κα
1108 2065 1190 2136 φαῦλα
1200 2065 1352 2120 ὃῑαθέλλῑῑί·
1402 2065 1492 2132 Επῑῑδθ
1504 2065 1576 2137 τᾶρθ
1587 2068 1705 2140 Φιλοχά-

97 2157 226 2230 νίωςύιτέρ
247 2157 389 2229 Τιμάρχου,
411 2155 513 2210 ίλαττον
533 2155 598 2228 αύτῷ
618 2155 693 2209 κακόν
713 2156 879 2226 μαρτυρήσας,
925 2164 968 2216 ρης
980 2146 1107 2216 ζωγρύνῠε
1120 2141 1224 2212 θίῑνῖύ
1238 2143 1317 2207 Ζῑῦθῑν
1332 2146 1348 2212 ἢ
1362 2143 1481 2212 Ἀπελλῆν
1494 2146 1548 2216 τίῆ
1563 2146 1705 2219 Εύφρένορσ

97 2236 144 2292 καί
161 2235 200 2290 διδ
213 2235 300 2290 τούτου
321 2239 366 2291 τοῦ
386 2236 497 2307 μείζονος
516 2234 577 2304 [καί]
591 2233 765 2305 χαλεπωτέρου
784 2233 881 2305 μᾶλλον
926 2223 1010 2290 ἧτῑνα
1024 2231 1073 2278 τῶν
1087 2223 1262 2289 έίδῡξῦτάτων,
1277 2225 1390 2278 καθελεῖν
1404 2223 1553 2296 βουλόμενος
1566 2224 1640 2281 αἰτοῦ
1658 2225 1704 2294 τήν

98 2310 241 2375 ἀπαλλάξας
258 2310 420 2384 ἰγςλήμαςος,
461 2309 623 2382 ’ἰταμώτερον
643 2308 691 2382 γὰρ
707 2309 780 2363 αύτδν
804 2309 879 2364 εἰπὼν
925 2304 1014 2373 τέχνην
1037 2301 1259 2374 ἀλαῦαστμοθηκέύν
1272 2303 1458 2374 καίτθμπάδῑυν
1471 2305 1563 2375 γραφέα
1583 2306 1702 2373 καθίστη·

97 2389 235 2461 κεχρῆσθαι
248 2393 284 2462 τῷ
298 2387 360 2460 μετὰ
375 2391 451 2442 ταῦτα
466 2387 526 2460 βίῳ,
544 2387 677 2458 συνέδραμε
696 2391 733 2458 τῷ
748 2387 831 2458 θράσει
840 2387 882 2441 καί
925 2383 992 2436 κέναι
1004 2381 1088 2452 φησίν,
1103 2379 1205 2434 ἀκδτοῦ
1215 2381 1372 2452 μείζονοςίπλ
1384 2383 1413 2436 τό
1425 2381 1528 2436 έλαετον
1541 2383 1705 2438 καταδάλλων

97 2467 240 2535 ἀντήλλαξεν
250 2466 323 2522 αύτδν
334 2466 480 2540 ίκατέρωθεν
490 2471 534 2535 τῆς
544 2465 678 2538 αἰσχύνης,
694 2467 738 2518 τόν
755 2485 782 2520 τε
792 2466 879 2538 ἰταμόν
925 2457 954 2511 τύ
970 2457 1117 2530 ἰπῑῦίδευμα
1130 2458 1172 2512 καί
1185 2459 1304 2530 διασύρων
1319 2463 1350 2531 τῇ
1363 2461 1528 2528 ταπεινότητι.
1560 2459 1637 2514 TCV.
1657 2463 1705 2517 Πε-

99 2549 156 2620 βίον
166 2546 239 2602 τίκδιν
253 2545 443 2614 καίτήνίκτῆς
459 2546 598 2617 εύπρεπείος
610 2545 696 2608 δόξαν·
714 2543 882 2618 έντεῦθενγίρ
925 2536 1053 2607 πδθρωῒύῑ
1072 2535 1238 2608 αὖῐῷτίῑῐῆν
1251 2539 1429 2609 πνρῑῑθέσῑωε.
1465 2538 1605 2592 Τάδίτῦιν
1619 2537 1704 2594 ἰπιλό·

102 2627 211 2700 κάκείνῳ
223 2629 295 2698 φῦναι
308 2623 353 2692 τήν
369 2626 464 2698 γένεσιν
481 2629 524 2694 τῆς
537 2623 672 2692 διαθολῆς,
685 2623 729 2677 οδκ
741 2623 768 2678 lx
778 2631 827 2677 τῶν
844 2624 883 2696 ἔρ.
925 2633 978 2684 γων
991 2619 1041 2667 τῶν
1054 2613 1079 2669 έν
1097 2619 1133 2685 τῷ
1155 2613 1232 2686 ἀγῶνι
1246 2613 1479 2687 ἰντεῦθενάρχεται.
1517 2615 1634 2672 Ἴδιονδέ
1655 2625 1705 2672 τῶν

96 2703 215 2778 γωνούδ’
231 2704 316 2759 ἰκεῦιν
329 2704 493 2775 βεύιωμένων.
531 2705 634 2757 Κανόνα
646 2699 697 2773 γὰρ
707 2699 769 2772 ημῖν
783 2703 881 2756 δίδωσιν
926 2691 1049 2764 ίπιλόγων
1063 2693 1204 2761 καὶτοῦτο,
1218 2695 1247 2748 εδ
1261 2696 1317 2758 τοῦς
1330 2699 1477 2768 συνηγόρους
1490 2695 1628 2751 ίαόάλλειν.
1649 2697 1705 2752 ίίοι-

97 2784 115 2836 ὃ
134 2782 222 2856 ῥήτωρ,
241 2784 280 2836 ότι
299 2781 324 2838 έν
342 2785 397 2845 ταῖς
416 2781 474 2853 ύκέρ
490 2787 539 2836 τῶν
553 2780 721 2834 Φαυλοτάτων
739 2778 882 2852 ἀπολογίαις
926 2771 1002 2825 W?
1012 2771 1038 2826 δί
1052 2771 1066 2825 ὅ
1079 2770 1193 2843 stow(
1206 2777 1237 2845 τό
1252 2775 1396 2844 maffia
1410 2778 1445 2846 τῷ
1457 2777 1600 2845 προκεῖσθαι
1613 2781 1650 2848 τῷ
1664 2775 1706 2848 ῥή-

98 2861 199 2933 ἀφεῖναι
217 2861 259 2915 δεῖ
268 2879 292 2914 τι
305 2861 391 2934 μικρόν
404 2860 446 2914 καί
457 2859 570 2922 δέξασθαι
588 2861 619 2912 δι’
632 2852 662 2912 ού
673 2859 702 2912 τδ
716 2861 805 2928 μεῖζον
818 2859 883 2914 ἀταυ-
926 2866 979 2918 ῐθθῑ
1002 2846 1028 2901 ἰ*
1048 2847 1190 2919 &mim
1208 2850 1224 2917 ἢ
1244 2848 1362 2916 mlh*
1384 2849 1531 2922 ἔργέῦύῐίαῑ
1551 2852 1567 2919 ἢ
1589 2853 1704 2908 σύντασιν

96 2941 209 3011 σόμιθα·
221 2938 320 3012 καίγάρ
328 2939 428 3001 πιθανός
445 2937 638 3010 ίσταιόλόγος,
651 2935 718 2990 ούτδ
727 2939 774 2990 πᾶν
789 2937 877 2992 ίκόαλ·
926 2924 998 2991 ἥθῠῡε
1015 2925 1057 2980 καὶ
1075 2927 1129 2997 βίον
1149 2932 1197 2981 τῶν
1213 2929 1387 2998 προκειμένων.
1425 2930 1534 3000 Διαφέρει
1555 2931 1582 2984 δέ
1603 2937 1639 3002 τῷ
1659 2929 1705 2997 τήν

95 3019 198 3086 λόντων
209 3016 291 3088 ήμῶν,
305 3015 363 3070 ἀλλ’
375 3015 430 3072 ἀντί
441 3019 484 3085 τῆς
496 3015 609 3090 πορνείας
618 3015 761 3086 δεχομένων
774 3012 820 3081 τήν
833 3014 882 3070 ἰτα-
928 3003 972 3075 μθ*
982 3005 1128 3076 ΜΡΜΜΝ
1145 3008 1189 3058 τοῦ
1204 3003 1237 3076 μδ
1253 3009 1295 3058 νῦν
1311 3009 1452 3078 ῑρῑνῦμῖνῡυ
1467 3008 1521 3078 βίου
1534 3006 1579 3073 dlv
1600 3007 1705 3070 ἰξύτννῑν

100 3095 299 3171 μόςηςα,Τεν,
927 3083 1004 3154 ἔχειν,
1019 3083 1085 3136 ἀλλά
1099 3087 1147 3136 τῶν
1162 3083 1187 3137 ἰν
1206 3089 1241 3156 τῷ
1256 3085 1327 3156 ἀλλῳ
1339 3087 1424 3158 χρόνῳ
1435 3087 1605 3158 βιύιωμένωντ
1621 3087 1664 3144 τόν
1679 3089 1706 3144 δί

141 3177 207 3240 ήιίι,
233 3189 257 3228 1.
276 3171 341 3244 Φέρε
358 3169 388 3238 δή
408 3170 451 3224 καί
466 3171 521 3243 περί
534 3173 578 3238 τῆς
592 3168 735 3240 έοτιάοεως]
755 3167 882 3223 Ἐντεῦθεν
926 3160 1042 3233 ίπῦίογον
1061 3161 1138 3216 αύτῶν
1159 3167 1208 3216 τῖον
1222 3165 1370 3234 κρινομένων
1391 3163 1489 3232 α’ύξησιν
1508 3167 1639 3237 περιέχειν,
1656 3173 1705 3222 τθίν

99 3255 219 3324 λαμπρῶς
233 3250 309 3324 εἰσῄει
321 3247 353 3313 εἰς
362 3248 407 3316 τήν
421 3247 479 3322 ύπίρ
491 3247 577 3303 έαυτοῦ
588 3251 724 3320 γενομένην
734 3249 880 3320 ἀπολογίαν.
926 3245 1100 3296 συντεινόντων
1109 3223 1168 3312 πρδς
1181 3240 1241 3294 αύτδ
1255 3241 1285 3294 τύ
1299 3244 1439 3316 κρινόμενα.
1467 3243 1513 3298 Ἓν
1524 3241 1568 3298 οῦν
1580 3245 1621 3300 καί
1631 3251 1706 3302 τοῦτο

99 3333 176 3386 ’Ἐστι
186 3331 213 3386 δέ
224 3331 253 3384 τδ
268 3328 311 3404 μέν
328 3328 443 3400 ίγκλημα
456 3328 518 3382 κατά
532 3332 576 3382 τοῦ
593 3327 710 3400 ῥήτορος,
725 3329 764 3382 ότι
775 3329 883 3399 δωροδό-
926 3325 974 3375 τῶν
997 3320 1119 3393 ίπιλόγων
1140 3321 1209 3386 ἐστί,
1228 3322 1257 3374 εδ
1277 3322 1333 3385 τούς
1354 3324 1502 3396 συνηγόρους
1526 3323 1667 3382 ίκόάλλειί·
1690 3328 1707 3382 δ

96 3429 153 3473 κες.
189 3409 220 3464 Αἱ
235 3409 262 3464 δέ
275 3407 406 3470 ἀποδείξεις
424 3407 517 3462 διτταί·
536 3408 580 3480 μία
594 3406 637 3478 μίν
659 3407 697 3461 ότι
710 3405 782 3468 αύτδς
793 3405 882 3478 ίγραύε
926 3403 995 3454 ποιεῖ
1005 3402 1062 3455 νῦν.Ι
1074 3402 1189 3457 BFSYP.
1209 3399 1317 3468 Ἐκδολὴ
1333 3404 1487 3474 συνηγόρων.
1497 3404 1553 3458 ΑΤ.

99 3489 135 3544 τδ
151 3489 261 3561 ψήφισμα
275 3486 330 3558 περί
350 3484 477 3549 ίστιάσεως
496 3489 540 3553 τῆς
563 3485 588 3539 ίν
604 3486 739 3557 πρυτανείῳ
760 3485 814 3555 περὶ
834 3491 883 3538 τῶν
961 3481 1029 3547 415,
1044 3480 1125 3551 ή.Σέ]
1139 3479 1198 3534 Ὀτι
1211 3479 1240 3533 τδ
1256 3501 1267 3530 ι
1281 3481 1308 3534 σέ
1323 3484 1365 3552 μέν
1382 3504 1393 3534 ε
1410 3482 1437 3536 ού
1451 3483 1561 3554 ιερδςτδν
1575 3482 1706 3556 Ἀφόύητον

97 3567 235 3637 πρίσδεων,
251 3565 327 3628 ούτως
338 3563 461 3618 ἰκοινιόνει
471 3565 515 3630 τῆς
527 3563 653 3634 πρεσύιίας
667 3564 708 3616 καί
718 3569 767 3616 τῶν
779 3581 883 3634 πραιτο·
926 3557 1080 3626 ἀπήντησεν,
1094 3556 1161 3610 ἀλλά
1179 3558 1238 3628 πρδς
1250 3558 1293 3611 τδν
1316 3558 1477 3631 Φιλοχάρην·
1500 3561 1705 3636 ύπογραμματέας

99 3647 194 3718 μένων,
212 3641 319 3715 έτίραδί
336 3643 374 3695 ότι
387 3641 459 3703 αύτδς
480 3643 584 3696 είστίασε
607 3643 663 3704 τοῦς
682 3641 884 3714 ιεαρδΦιλίππου
926 3633 1169 3705 δέ,τδν·Αφόόητον
1184 3635 1226 3688 καί
1241 3637 1284 3688 τόν
1298 3635 1427 3707 Αἰσχίνην.
1442 3639 1499 3692 AT.

98 3723 227 3796 πρέσόεις,
240 3721 282 3776 καί
305 3721 360 3774 θίαν
375 3719 418 3774 τδν
432 3719 591 3792 ἀρχιτέκτονα
605 3719 688 3783 αύεοῖς
702 3723 785 3791 νεῖμαι
799 3721 884 3791 κροαέ·
961 3713 1009 3775 Τάς
1023 3711 1256 3784 ἀλαθαοτροθήκας]
1269 3714 1421 3784 μυροθήκας,
1437 3715 1480 3778 τὰς
1493 3715 1567 3782 θήκας
1580 3721 1629 3770 τῶν
1643 3715 1717 3770 ἀλα·“

99 3801 184 3868 ταξεν,
204 3799 246 3854 καί
267 3797 399 3872 φοινικίδας
413 3796 576 3870 ύπεστόρεστ,
599 3799 640 3852 καί
659 3797 751 3870 όρικοῖς
772 3799 883 3870 ζεύγεσιν
927 3793 1048 3866 όάστρων,
1064 3793 1091 3846 αί
1106 3791 1152 3847 εἰσι
1162 3792 1281 3860 λήκυθοι,
1295 3789 1330 3847 ιύν
1343 3793 1386 3848 ούκ
1399 3793 1451 3848 ίστι
1459 3793 1577 3848 λαθέσθαι
1588 3794 1628 3848 διδ
1639 3796 1705 3850 λειό-

100 3879 217 3952 ἰξίπεμψε
229 3879 314 3952 μέχρις
327 3875 432 3948 Εδρίπον
447 3877 684 3944 καίτήςλαλκίδος.
711 3877 771 3949 Περί
785 3872 884 3946 μύνοδν
927 3891 998 3941 τητα.
1011 3874 1088 3928 BPY.
1107 3870 1256 3943 Ἀλάθαστρα
1267 3872 1366 3942 λέγεται
1377 3874 1458 3946 μικροί
1468 3875 1530 3945 βίκοι
1542 3875 1706 3947 οίδεχόμινοι

98 3963 148 4026 τῆς
161 3959 288 4021 έστιάοεως
298 3961 348 4012 τῶν
362 3957 562 4030 συμπρεσῦευτῦν
577 3957 642 4012 ίστιν
655 3956 731 4019 ούτως
745 3955 822 4030 εἰπεῖν
836 3955 881 4022 τήν
927 3951 959 4006 τύ
974 3952 1046 4024 μύρα.
1087 3948 1280 4018 Ἐκλήθησανδί
1293 3951 1357 4006 οῦτω
1369 3951 1596 4026 παρύιτδμήίχειν
1610 3955 1703 4016 λαόάς·

99 4040 215 4093 διάνοιαν
229 4035 361 4108 Αἰσχίνου·
386 4033 408 4089 εί
428 4035 471 4108 μίν
493 4035 687 4108 ἐδωροδόκησαν,
702 4035 778 4102 δῆλον
791 4035 829 4088 ότι
844 4035 885 4088 καί
928 4029 990 4097 θήκη
1010 4027 1037 4082 δέ
1054 4027 1083 4081 τό
1095 4027 1273 4100 γλωσσόκομον
1287 4029 1316 4083 εδ
1329 4031 1463 4102 δεχόμενον
1484 4029 1588 4098 αύτούς,
1602 4033 1707 4103 τούς-βί-

99 4115 287 4189 Δημοσθίνηςό
305 4113 445 4182 ίπαινίτης,
463 4113 485 4168 εἰ
505 4113 531 4167 δί
544 4111 577 4185 μή
601 4112 688 4178 αύτδς,
708 4111 764 4166 ούδί
778 4111 882 4166 ἐκεῖνοι·
927 4125 997 4169 κους·
1015 4109 1108 4160 τούτων
1121 4101 1165 4160 οῦν
1180 4106 1253 4160 αύτδν
1267 4107 1335 4179 λέγει
1348 4110 1460 4180 γενέσθαι
1472 4110 1574 4180 γραφέα.
1587 4110 1641 4165 AT.

99 4193 198 4265 περίδέ
213 4199 260 4248 ειῖκ
280 4189 343 4246 κατά
356 4191 493 4256 Φίλιππον,
511 4192 549 4244 ότι
562 4189 584 4244 εἰ
599 4189 723 4251 Φίλιππος
736 4187 818 4241 έδίδου
833 4189 885 4250 τοῖς
964 4185 1049 4256 Ἴσμεν
1063 4184 1144 4248 σετάς
1158 4184 1387 4260 ἀλαόαστρούήκας]
1403 4189 1461 4240 Τῶν
1474 4187 1596 4255 ληκυθίων
1608 4195 1657 4244 τῶν
1671 4187 1707 4260 μή

100 4272 276 4344 θεραπεύουσιν
292 4269 376 4334 αύτδν,
395 4269 502 4331 καὶτοῖς
515 4267 607 4322 ἰκείνου
627 4268 751 4338 πρέσόεσιν
765 4266 814 4322 ίδει
827 4269 884 4320 δοῦ-
929 4263 1039 4336 έχόντων
1058 4264 1150 4330 λαδάς,
1177 4263 1243 4318 ἀλλά
1262 4265 1354 4332 λείων,
1380 4267 1424 4329 τὰς
1449 4267 1531 4329 κίστας
1555 4268 1596 4322 καί
1620 4267 1704 4335 θήκας.

99 4371 156 4406 ναι.
175 4351 238 4424 Πρός
251 4350 294 4422 μέν
305 4344 348 4408 ούν
358 4350 387 4403 τό
400 4353 495 4420 πρῶτον
508 4349 578 4420 μέρος
589 4351 632 4416 τῆς
645 4346 786 4411 ἀντιθέσεως
797 4353 886 4420 χρῶμα
931 4341 1103 4416 Ἐζωγράφουν
1112 4343 1139 4398 δέ
1152 4343 1239 4410 αύτύς,
1250 4343 1294 4398 ἵνα
1301 4345 1358 4406 τούς
1370 4344 1535 4417 ἀγοράζοντας
1547 4346 1704 4410 δελεάζωσιν.

99 4432 213 4486 ἀεάδωκε
232 4430 298 4484 λύων
316 4429 364 4483 ἀπό
375 4433 419 4482 τοῦ
432 4428 534 4498 χρόνου,
550 4425 635 4490 εἰπύιν,
650 4427 697 4497 κρδ
713 4433 757 4480 τοῦ
770 4428 885 4498 φανερούς
930 4424 1017 4478 Ἐοικε
1033 4424 1060 4479 δί
1078 4423 1133 4478 ούδί
1158 4423 1248 4496 σεμνόν
1269 4423 1342 4478 αύτδν
1360 4425 1460 4496 φάσκειν
1485 4427 1624 4497 ζωγράφον,
1647 4425 1705 4478 ἀλλ’

100 4509 192 4570 αύτούς
207 4509 318 4581 γενίσθαι
341 4507 460 4579 προδότας
473 4507 608 4577 γέγραπται
627 4504 693 4582 αῦτιῖι
713 4505 743 4559 τδ
755 4505 883 4584 ψήφισμα·
929 4501 1118 4558 εύτελέστατον·
1142 4497 1204 4570 ήσαν
1224 4501 1273 4574 γδρ
1293 4503 1335 4556 καί
1356 4505 1547 4576 θωμαστότεροι
1566 4506 1701 4576 ζωγράφοι.

100 4587 164 4658 πρός
176 4587 202 4640 δέ
212 4588 242 4642 τό
255 4587 377 4658 δεύτερον,
392 4575 432 4639 δτι
444 4584 536 4648 έξένισα
550 4584 606 4646 τοῦς
624 4585 749 4639 Φιλίππου
762 4585 885 4656 πρέσόεις,
928 4579 1008 4634 TCV.

101 4664 170 4718 κατά
183 4661 320 4736 συνδρομὴν
333 4663 472 4731 ἀπήντηκεν
485 4661 646 4733 ἀντιστατικίζο
657 4664 817 4734 χρησάμενος,
828 4662 886 4734 ύπέρ
965 4658 1032 4725 ήιῦ,
1051 4658 1076 4716 ⁵.
1090 4660 1198 4723 Τούτους
1214 4660 1241 4715 δέ
1259 4659 1478 4733 ύπογραμματέας]
1494 4659 1624 4732 Αφόύητον
1639 4660 1706 4732 λέγοι

102 4744 175 4816 ὑμῶν
187 4743 293 4807 ἰξένισα,
309 4741 489 4814 ίνδεικνύμενος
500 4743 539 4795 δτι
550 4741 592 4794 καί
603 4739 628 4794 ίν
643 4741 717 4794 ἅπασι
729 4740 887 4795 πλεονεκτού-
929 4737 972 4790 καί
991 4737 1034 4790 τόν
1052 4736 1182 4807 Αἰσχίνην.
1217 4736 1289 4792 Εἶτα
1302 4736 1430 4808 ίπειδήεαρ
1452 4737 1518 4792 εἶδεν
1529 4736 1706 4792 ἀντακαίων

104 4840 164 4896 μιν,
177 4822 219 4876 καί
239 4821 264 4876 ίν
278 4823 333 4884 ταῖς
351 4821 407 4893 παρ’
429 4818 512 4882 αύτοίς
534 4820 704 4890 νομιζομέναις
727 4817 888 4890 εύδαιμονίαις
929 4816 995 4888 αύτῷ
1009 4813 1054 4881 τὴν
1070 4821 1119 4869 τῶν
1134 4815 1273 4870 ἀκουόντων
1291 4817 1584 4884 ποιότητα-πλανῆται
1596 4814 1645 4887 γ’ἀρ
1663 4815 1707 4870 καὶ

102 4901 162 4962 τοῦς
177 4901 321 4964 Μακεδόνας
337 4899 481 4974 καταγελῶν
498 4897 520 4952 εἰ
534 4897 559 4952 ἰν
572 4901 624 4960 τοῖς
635 4898 776 4969 σιμποσίοις
792 4897 886 4968 όρίζον.
929 4895 1083 4966 χειροτέχναι
1100 4895 1251 4966 σύμπαντες,
1270 4895 1477 4961 ἢοί’πλείους-,
1493 4894 1612 4967 ἀνῄρηκεν
1631 4893 1706 4950 εἰπύιν

103 4997 148 5032 ται
165 4976 210 5044 τήν
231 4977 396 5050 εύδαιμονίαν.
433 4975 499 5032 Οῦτε
514 4975 540 5030 δέ
553 4980 602 5029 τῶν
615 4975 703 5046 όρικέδν
716 4977 809 5046 ζευγῶν
832 4973 887 5031 ούτε
933 4973 1002 5027 εκαί
1012 4971 1124 5044 ούδεμιάς
1132 4974 1218 5036 κακίας
1228 4977 1314 5039 ταῦτα,
1325 4972 1382 5025 ἀλλ’
1392 4973 1448 5027 οῦδὲ
1456 4974 1602 5045 στρατηγίας
1615 4973 1704 5036 dtu.»

103 5061 157 5114 νῦν
171 5055 196 5110 ἰν
214 5062 250 5130 τῷ
269 5057 362 5130 θεάτρῳ
375 5057 525 5128 στρωμάτων
543 5053 598 5107 ούτε
621 5051 700 5106 ἀλλον
722 5053 820 5116 ούδενδς
836 5055 888 5110 έπε-
932 5052 978 5106 ίίαί
989 5049 1079 5123 ἵναμὴ
1097 5055 1141 5105 τού
1158 5051 1293 5122 ἀξιώματος
1304 5051 1378 5114 αἰδώς
1391 5071 1427 5115 τις
1437 5053 1489 5115 τοῖς
1508 5052 1622 5106 ἀκούουσι
1635 5053 1705 5123 γένη·

104 5133 205 5210 μνήσθη
215 5133 328 5204 φοόηθελς
337 5131 539 5206 όχυρωτίρανδιά
548 5132 640 5185 τούτων
650 5130 832 5202 ἀπεργάσασθαι
842 5131 887 5199 τήν
931 5151 987 5198 ται,
1005 5133 1151 5200 κατέστησεν
1165 5131 1238 5192 αύτδν
1259 5131 1292 5194 εἰς
1306 5132 1335 5185 τδ
1349 5133 1400 5186 δεῖν
1421 5132 1517 5204 μΕλλον
1530 5135 1603 5204 χόριν
1617 5131 1707 5204 όμολω

104 5212 241 5280 ἀντίθεσιν,
255 5210 321 5275 ίδοξε
337 5211 363 5267 δέ
375 5212 441 5266 λύιιν
464 5211 592 5282 σύμπαντα
610 5213 686 5264 ταῦτα
699 5207 830 5264 συλλαθῖυν
849 5215 886 5281 τῷ
930 5213 984 5282 γεῖν
1000 5210 1039 5266 ίπί
1056 5215 1092 5285 τῷ
1111 5210 1239 5284 ἀξιώματι,
1253 5211 1340 5284 δμοιόν
1359 5229 1382 5266 τι
1400 5217 1476 5268 ποιῶν
1490 5215 1542 5277 τοῖς
1555 5212 1580 5268 έν
1592 5217 1627 5286 τιῖι
1645 5208 1706 5268 κατέ
