3934 6350
292 383 349 434 651
832 371 973 430 ΣΧΟΑίΑ
997 369 1060 430 ΕΙΣ
1080 367 1355 436 ΔίίδίΟΣΘΕΝίίίί.

281 525 325 568 πος
340 503 471 576 κατείληρι
485 507 529 572 τῆς
541 501 658 564 Βοιωτίας
671 501 712 555 καί
727 499 880 574 Ὀρχομενὸν
898 501 1065 573 ίξηνδραποδί-
1152 507 1214 574 491,
1233 507 1274 558 18.
1290 503 1334 566 Ὣς
1346 503 1372 558 δὲ
1385 502 1488 574 τάληθές
1500 507 1521 560 τ’
1537 506 1609 578 ἔχει]
1621 508 1704 564 Ἦσαν
1719 511 1819 566 πολλοὶ
1839 533 1905 568 m

281 605 342 638 σατο
353 585 479 656 συγγενεῖς
490 583 570 643 όνιας.
585 581 665 636 TCV.
1113 582 1196 646 δαῖον,
1213 581 1276 654 ούχ,
1291 586 1373 658 ὥσπερ
1383 581 1453 648 ούτός
1466 605 1539 656 φησι,
1556 589 1649 660 μηδίνα
1660 587 1734 643 είναι·
1749 592 1825 660 καλή
1839 595 1904 658 πόλις

316 661 516 735 490,10.Λόγιρ
526 661 587 732 μετὰ
598 667 647 714 τῶν
656 661 739 731 νόμων
750 661 781 714 τδ
791 661 883 734 δίκαια]
892 659 1065 729 ὈτιΘηύαῖοι
1110 659 1182 733 ἐτίμα
1194 663 1249 725 τούς
1263 662 1370 733 ἀγαθούς
1378 704 1386 728 ,
1399 665 1441 718 καί
1452 661 1482 733 ήν
1492 666 1588 739 ἅμιλλα
1598 674 1648 722 τῶν
1659 670 1703 742 μίν
1715 666 1744 724 εδ
1753 675 1900 742 mm,

281 746 325 817 μὲν
338 745 423 808 δπλοις
439 741 568 796 ἀπαιτοῦσι
591 740 634 802 τὰς
647 741 728 806 δίκας,
741 741 813 814 ίγμεῖς
838 741 864 796 δὲ
883 743 954 814 λόγῳ
968 743 1010 796 καί
1030 749 1065 814 τῷ
1109 745 1157 794 τῶν
1171 741 1198 794 δὲ
1210 741 1388 814 ἀμιιδομένων.
1398 747 1481 800 ἸὉλῙ.

279 827 376 898 δικαίῳ.
387 823 468 878 TCV.
1144 825 1207 888 491,
1219 837 1263 874 01.
1280 823 1312 876 Αἱ
1328 822 1410 893 μίντοι
1419 823 1489 893 τιμαλ
1503 821 1544 875 καλ
1557 823 1587 877 τά
1604 826 1670 880 ἀλλα
1684 829 1784 904 πάντα]
1798 830 1857 884 Ἵνα
1871 831 1900 904 μή

315 909 378 976 490,
396 907 437 958 18.
453 903 565 973 Ἄμεινον
581 900 699 973 ἐκείνων]
710 900 809 954 Βέλτιον
824 899 862 954 ἀεί
876 901 975 955 ἐκείνων
987 902 1064 972 πρότν
1108 896 1274 972 ἠμιῖρθαι-τῷ
1287 901 1372 974 χρόνῳ
1387 903 1449 972 μόνη
1468 899 1484 968 ή
1503 903 1562 975 τιμή
1582 905 1657 980 δόξῃ,
1674 907 1743 960 ἀλλὰ
1765 911 1810 963 μὶ
1826 914 1899 965 ,gam

278 1003 349 1050 τετε,
365 983 428 1037 κατὰ
444 983 473 1036 τδ
488 979 552 1034 ίδιον
567 985 616 1034 τῶν
629 980 770 1034 πολιτεαῖιν.
785 981 865 1036 TCV.
1107 978 1138 1030 τό
1156 979 1297 1050 πράγματα.
1336 980 1408 1034 θίλει
1421 981 1448 1034 δύ
1469 981 1544 1036 εἰπεῖν
1557 985 1595 1038 ότι
1613 986 1654 1038 καλ
1673 989 1730 1040 τότε
1751 993 1808 1051 τοῖς
1825 989 1898 1044 ἔθεσιν

315 1069 377 1134 490,
396 1081 439 1118 00.
456 1061 489 1116 Et
504 1061 552 1132 γδρ
566 1061 608 1114 καί
621 1061 683 1114 κατὰ
694 1060 835 1132 λογισμὸν]
847 1061 919 1115 Θόλει
933 1061 1009 1114 εἰπεῖν
1021 1101 1028 1124 ,
1043 1057 1064 1112 εί
1109 1055 1199 1128 ἀτίμων
1214 1060 1270 1120 τούς
1282 1059 1414 1132 εύεργίτας·
1428 1060 1497 1114 ούπω
1510 1061 1536 1116 δύ
1548 1060 1577 1130 ήν
1592 1065 1648 1117 τότε
1659 1056 1675 1128 ί]
1688 1065 1809 1135 ἀτδεια,
1823 1070 1897 1140 ἔτερα

279 1144 342 1198 κατὰ
356 1145 398 1198 τὐν
413 1142 495 1196 κοινδν
511 1141 634 1212 λογισμύν
646 1139 793 1209 ύπερόάλλει
804 1139 835 1192 τδι
848 1147 897 1193 τῶν
912 1141 1063 1212 Λακεδαιμο-
1107 1137 1132 1190 δὲ
1145 1133 1215 1205 ήσαν.
1231 1140 1312 1192 TCV.

279 1223 337 1276 νίων
345 1221 445 1292 (σχεδδν
455 1220 503 1292 γάρ
512 1221 599 1281 πάντες
611 1224 713 1290 τιμῶσιν
723 1217 756 1279 ὡς
767 1216 952 1288 ἀριστοκρατίαν
963 1217 1060 1285 αύτήν),
1143 1221 1205 1286 491,
1214 1217 1257 1270 03.
1272 1217 1330 1272 Ὅτι
1337 1217 1440 1290 φήσαιμ’
1452 1219 1482 1272 όν
1494 1219 1594 1294 ἔγωγε]
1606 1220 1639 1274 Ὃ
1650 1222 1719 1294 λέγει
1733 1229 1852 1280 τοιοῦτόν
1862 1227 1897 1281 δσ-

279 1301 336 1354 ἀλλ’
351 1299 432 1366 ἐπειδὴ
452 1298 542 1369 ἣτύχη
556 1296 618 1368 ἡμῖν
630 1297 706 1350 πλόον
721 1297 858 1366 συναίρεται
869 1297 894 1349 ἐν
906 1289 944 1358 οίς
958 1295 1060 1367 ἔχομεν,
1107 1317 1160 1350 τιν·
1181 1296 1225 1350 ούιι
1244 1291 1288 1364 ήν,
1312 1297 1388 1369 ρησί,
1406 1297 1545 1364 θελῆσαίτι
1560 1301 1602 1354 καί
1622 1300 1655 1374 μή
1669 1303 1760 1360 λαδεῖν
1779 1305 1896 1376 παράτῆς

279 1381 388 1452 δεύτερος
398 1379 424 1432 δὲ
442 1377 456 1432 ό
472 1377 592 1449 λογισμδς
607 1383 650 1442 τῆς
665 1375 789 1446 ιύτυχίας,
803 1375 835 1436 ύυς
849 1375 892 1427 καί
907 1375 931 1428 ἐν
946 1378 999 1437 τοῖς
1014 1376 1062 1426 Φι-
1107 1376 1203 1438 πόλεως
1213 1375 1257 1430 τδν
1272 1377 1409 1449 εύεργίτην.
1423 1379 1510 1434 TCV.

276 1461 402 1520 λιππικοῖς
419 1477 491 1528 φησι,
504 1458 624 1528 χρηστέον
637 1456 712 1528 ταύτῃ
724 1454 832 1526 μᾶλλον.
846 1456 926 1507 ch,
1143 1459 1204 1524 491.
1221 1461 1265 1508 06.
1284 1454 1342 1509 Ὅτι
1355 1457 1491 1528 λυσιμόχιρ
1500 1456 1611 1528 δωρεὰν]
1635 1457 1797 1530 Ἆρειστείδσα
1811 1470 1857 1516 ταῦ
1867 1465 1896 1516 δε

313 1543 375 1607 490,
387 1553 431 1590 01.
445 1535 614 1606 Παρλταύτα]
626 1533 769 1606 τδνόμιμα.
811 1531 910 1599 Ἐπειδὴ
921 1532 947 1586 δί
956 1533 1061 1586 ίίλότων
1107 1533 1176 1587 καίου
1192 1530 1222 1601 ήν
1234 1533 1300 1597 νίδς,
1313 1533 1394 1586 τοδδί
1407 1533 1507 1587 πάππου
1519 1533 1574 1604 εἶχε
1587 1535 1616 1586 τδ
1632 1537 1721 1608 ὄνομα·
1735 1539 1895 1595 mma

278 1617 320 1670 καί
331 1615 405 1668 ἀλλοι
418 1614 480 1676 τινὲς
494 1617 542 1667 τιῖιν
560 1613 671 1666 παλαιῶν
684 1613 840 1684 προκρίνουσι
856 1611 901 1678 τὴν
913 1613 1061 1685 ὀλιγαρχίαν
1107 1611 1173 1684 αύτῷ
1181 1613 1271 1679 ταύτην
1283 1611 1328 1677 τὴν
1342 1611 1435 1684 δωρεὰν
1451 1613 1483 1664 δι’
1498 1613 1602 1667 ἐκεῖνον.
1644 1612 1744 1682 Ἐπειδὴ
1760 1620 1845 1672 τοίνυν
1854 1622 1894 1673 δα

277 1699 326 1746 τῶν
341 1693 539 1763 Δακεδαιμονίων
556 1695 600 1758 τῆς
612 1692 792 1763 δημοκρατίας,
808 1691 848 1744 διδ
868 1696 941 1746 τοῦτο
956 1693 995 1747 ἐπί
1016 1693 1061 1760 τήν
1107 1689 1253 1762 ἐχαρίσαντο
1271 1690 1337 1764 αύτῷ
1350 1691 1418 1758 ήττω
1432 1695 1475 1757 τῆς
1487 1697 1531 1744 τοῦ
1551 1691 1637 1766 ἀνδρὸς
1649 1693 1722 1761 δόξης
1733 1691 1785 1762 ήν,
1809 1699 1893 1768 ίναμὴ

280 1777 358 1847 τύχην
372 1775 485 1846 ἔδραμεν.
498 1775 579 1827 ch,
1105 1767 1194 1840 φανῇή
1209 1769 1279 1832 πόλις
1300 1771 1431 1842 μικρότερα
1449 1776 1499 1823 τῶν
1512 1770 1654 1843 εύεργεσιύύν
1672 1781 1773 1845 τιμῶσα
1791 1777 1834 1829 τδν
1847 1779 1894 1830 αῖον

311 1861 374 1926 490,
390 1859 434 1908 06.
446 1851 509 1906 Ούδὲ
522 1853 553 1905 δι’
565 1849 601 1904 ὧν
612 1851 655 1924 μὲν
666 1851 755 1905 ἐκεῖνον
769 1851 890 1922 μεγιίλοι]
899 1851 971 1905 θόλει
983 1849 1059 1904 εἰπεῖν
1105 1846 1195 1914 αύτού,
1210 1848 1340 1920 ιίαήγαγεν
1359 1849 1428 1902 ούδίν
1440 1843 1468 1902 εὖ
1485 1851 1622 1918 ποιήσαντα
1634 1850 1679 1918 τήν
1689 1853 1778 1918 πόλιν,
1793 1857 1827 1916 ι’νς
1839 1855 1894 1910 uz}

274 1939 312 1990 ίίτι
326 1935 392 1998 εἴτις
406 1934 494 1988 τάτῶν
506 1931 704 2002 Λακεδαιμονίων
716 1929 774 2001 ἀγυι
787 1928 891 1984 ἀνταύθα
904 1931 964 1998 ἔθη,
979 1931 1011 1983 δι’
1024 1927 1060 1984 ὧν
1104 1923 1150 1992 τήν
1165 1927 1274 2000 ἱστορίαν
1290 1927 1398 2000 ἔχομεν,
1419 1925 1486 1994 πλὴν
1498 1929 1538 1981 δτι
1558 1929 1704 2000 λρισιτδυν
1724 1929 1758 1998 ἦν
1776 1935 1837 1997 υἱός·
1857 1939 1894 1988 a}

274 2019 364 2070 ίκεῖνοε
380 2013 424 2081 τήν
444 2011 592 2084 ὀλιγαρχίαν
613 2013 772 2082 συνέχουσιν,
797 2009 953 2064 ἀποκτενεῖτε
976 2011 1057 2069 αύτόν.
1105 2009 1178 2058 τοῦτο
1191 2005 1217 2060 δὲ
1231 2007 1345 2077 ἔκρυψεν,
1358 2007 1402 2059 ίνα
1414 2004 1447 2077 μὴ
1464 2006 1547 2060 πολλά
1558 2011 1620 2061 πάνυ
1632 2009 1824 2082 εύεργετήσαντι
1836 2016 1893 2087 δοιῇ

278 2093 428 2167 Ὑπερόατδν
442 2092 468 2146 δὲ
481 2091 563 2159 τίδησι
578 2091 608 2144 τδ
622 2090 714 2143 κῶλον.
727 2089 810 2144 mv,
1104 2083 1120 2154 ἡ
1134 2085 1204 2148 πόλις
1216 2091 1322 2140 τοσαύτα
1333 2087 1474 2142 δεδωκέναι.
1490 2088 1572 2140 TCV.

309 2178 371 2243 490,
386 2187 434 2242 07.
457 2171 507 2224 ίίάν
530 2167 688 2239 ἀποκτεῖναι]
710 2167 765 2221 ἀντί
783 2171 841 2232 τού,
857 2169 898 2220 καί
917 2167 1060 2222 ἀποκτεῖναι
1141 2169 1204 2236 491,
1220 2183 1264 2235 09.
1278 2166 1325 2217 ίίαί
1333 2166 1425 2218 τούτων
1442 2165 1554 2238 ψήφισμα
1565 2165 1631 2220 ἔστιν
1650 2165 1822 2243 λλκιδιδδου]
1837 2172 1895 2234 ἀξιο-

273 2251 302 2306 ἀν
318 2252 396 2306 θίλειν
412 2251 456 2304 τίεν
472 2249 637 2322 μεταρίροντό
647 2264 671 2301 ἐι
682 2253 730 2320 τῷν
745 2247 799 2302 ίκεί
811 2247 928 2301 ἐνταῦθα·
945 2246 1000 2301 εἶτα
1015 2248 1058 2301 τδν
1104 2241 1191 2296 πίστσυ
1210 2241 1296 2314 ἀνδρδς
1309 2243 1351 2296 καί
1369 2242 1436 2296 ούδὲν
1450 2245 1589 2314 πρδςχάριν
1601 2250 1739 2308 ποιοῦντος.
1779 2248 1837 2302 'lu
1849 2251 1894 2320 33?

273 2329 442 2395 καταλύοντα,
455 2330 487 2382 δι’
501 2325 536 2382 ὧν
550 2327 612 2399 ήμῖν
624 2325 745 2393 αύξεταιή
756 2325 881 2392 πολιτεία,
895 2327 962 2398 λίγω
971 2325 1001 2392 δή
1016 2328 1058 2381 τθν
1106 2319 1140 2391 μὴ
1152 2321 1284 2395 ἀντιπέσῃ,
1296 2323 1320 2375 τί
1334 2319 1389 2387 οδν,
1403 2321 1425 2376 εί
1436 2321 1567 2390 ἀπατηθείς
1578 2323 1592 2376 δ
1605 2325 1682 2395 δῆμος
1695 2324 1798 2396 miae»,
1812 2331 1894 2381 δοῦναι

272 2407 316 2475 τὴν
332 2407 425 2480 δωρεὰν
440 2407 635 2480 ἀφαιρούμενον,
657 2405 689 2458 δι’
708 2399 737 2472 ἧς
757 2403 929 2476 ἁμιλλώμενοι
947 2405 1058 2468 αὔξουσιν
1103 2398 1150 2452 ὗπδ
1160 2419 1225 2462 τινος
1237 2401 1324 2471 μισύδν
1331 2399 1468 2466 λαθύντοςς
1482 2401 1523 2452 διὰ
1532 2406 1604 2455 τοῦτο
1616 2404 1751 2474 προσόθηκε
1763 2407 1809 2459 τδν
1820 2409 1894 2478 ἄνδρα

272 2486 357 2555 αύτήν,
372 2485 400 2540 ού
413 2486 545 2551 κολόζετες
560 2485 640 2539 mv.
1103 2478 1146 2532 τδν
1160 2481 1275 2550 visum*
1286 2479 1361 2552 [καί]
1372 2481 1488 2551 μεγίστω
1498 2479 1668 2552 φρονήματος,
1677 2483 1756 2545 δςσύκ
1765 2487 1797 2537 δν
1806 2485 1892 2558 ἔγραψε

307 2571 369 2636 491,
390 2583 413 2619 1.
428 2563 500 2616 Ἔστι
515 2563 596 2616 τοίνυν
608 2583 643 2626 τις
663 2567 792 2636 πρόχειρος
811 2563 904 2634 λόγος]
921 2561 1059 2626 Ἆντιθόσεις
1103 2563 1229 2624 τοιοῦτον,
1243 2559 1271 2610 ού
1285 2559 1394 2630 πεφυκὼς
1407 2559 1565 2624 κολακεύειν,
1580 2560 1602 2614 εί
1616 2559 1649 2632 μὴ
1665 2563 1759 2634 σφόδρα
1772 2564 1892 2637 ἐθαύμασε

271 2648 315 2699 τοῦ
336 2645 405 2707 ἔθους
422 2644 650 2716 παραδειγματικαί·
674 2641 690 2710 ἢ
715 2643 741 2697 δί
764 2641 831 2705 λύσις
849 2642 911 2696 κατὰ
933 2641 1056 2696 ἔνστασιν.
1103 2639 1134 2692 τά
1146 2639 1187 2692 ύπ’
1199 2639 1272 2692 αύτού
1285 2641 1417 2710 γενόμενα.
1433 2641 1514 2692 TCV.

271 2725 364 2780 BPSY.
385 2723 570 2794 Μεταληπτιιιῷ
589 2723 706 2792 κέχρηται
726 2721 810 2776 πάλιν.
852 2718 883 2772 Ἦ
899 2721 926 2774 δὲ
940 2719 1058 2782 ἀντίθεσις
1138 2722 1199 2788 490,
1214 2719 1240 2772 3.
1255 2718 1305 2772 ίίδν
1320 2719 1343 2770 δ’
1358 2717 1502 2789 εύπορήσει]
1518 2715 1561 2780 Ὦς
1575 2715 1656 2780 εύνσας
1672 2722 1708 2771 ὢν
1720 2719 1842 2788 ἐπηύξατο
1855 2725 1890 2778 εδ.

271 2801 357 2856 ἐκτῶν
373 2803 449 2867 ἐθῶν,
460 2801 540 2856 ούκίτι
548 2800 575 2854 δὲ
583 2807 632 2854 τῶν
644 2802 701 2870 παρ’
710 2799 803 2862 ἄλλοις·
818 2799 888 2852 ίλυσε
898 2799 946 2872 γάρ
955 2801 1055 2868 ταύτην.
1103 2801 1188 2868 πορεῖν
1197 2795 1242 2864 τήν
1255 2797 1338 2851 πόλιν.
1351 2799 1432 2853 mv,
1446 2797 1512 2851 Εἶπε
1526 2798 1553 2851 δλ
1568 2799 1596 2851 εδ
1613 2799 1742 2870 ιύπυρήσει
1757 2805 1814 2856 κατ’
1825 2805 1891 2875 ειίρη-

275 2880 349 2934 Ἀλλίι
356 2922 365 2949 ,
378 2882 450 2952 φησίν
460 2921 468 2946 ,
478 2881 505 2933 ού
521 2880 604 2950 βούλει
615 2881 742 2952 μιμεῖσθαι
754 2881 809 2941 τούς
823 2879 1028 2950 Λακεδαιμονίους
1041 2881 1056 2946 ἢ
1103 2877 1160 2947 μίαν
1173 2876 1227 2930 ἀντί
1240 2879 1283 2930 τοῦ
1295 2877 1396 2948 ἀπορεῖ,
1411 2877 1478 2930 δδιδ
1494 2879 1523 2932 τύ
1534 2877 1680 2951 βλόσρημαι
1700 2879 1839 2950 ίαυλάξετο
1850 2886 1888 2940 u.

270 2959 326 3021 τούς
340 2959 476 3027 θηδαίους,
497 2959 563 3011 ἀλλά
578 2975 607 3028 γε
620 2958 676 3020 τούς
689 2959 833 3029 προγόνους.
871 2956 1057 3024 Λύειδίτήνέκ
1102 2973 1164 3026 γειν.
1179 2959 1209 3010 Ρ.

270 3043 319 3091 τῶν
332 3037 393 3091 ἐθῶν
407 3037 527 3090 ἀντίθεσιν
550 3037 676 3104 ἔνστάσει,
701 3037 799 3107 λέγων,
818 3036 866 3108 ούχ
885 3036 994 3109 ἡγοῦμαι
1013 3037 1055 3090 τδν
1138 3039 1200 3105 490,
1217 3038 1243 3098 4.
1268 3035 1352 3088 ίίαίτσι
1370 3035 1418 3088 τίν’
1439 3034 1483 3088 σύκ
1497 3036 1528 3088 ἀν
1549 3033 1707 3106 οίεσθε]τιῖιν
1722 3038 1888 3109 ἀχόντοιντήν

270 3107 351 3186 λόγόν
363 3119 450 3169 τούτου
469 3115 535 3168 εἶναι
554 3115 646 3168 δίκαιον
668 3115 797 3187 λέγεσθαι,
818 3115 874 3168 οθδὲ
894 3119 1055 3188 συμρίρσντα.
1102 3114 1223 3181 ἀτέλειαν,
1235 3115 1282 3187 υύχ
1296 3117 1366 3180 δλον,
1379 3115 1445 3168 ἀλλά
1454 3117 1483 3170 τδ
1492 3118 1574 3188 τρίτον
1587 3118 1657 3189 μόρος
1667 3117 1774 3184 λαδεῖν,
1788 3115 1818 3186 ής
1829 3124 1889 3176 πολύ

270 3193 337 3248 Εἶτα
358 3195 483 3262 συνίστησι
496 3193 537 3246 διδ
558 3199 607 3246 τῶν
621 3193 689 3261 ἑξῆς,
705 3195 746 3248 καί
768 3201 816 3248 τῶν
835 3195 897 3248 κατὰ
912 3197 1055 3268 Λυσίμαχον
1101 3213 1131 3264 γε
1144 3195 1245 3266 μείζονα
1254 3194 1401 3266 ἐδωροῦντο.
1412 3197 1483 3249 TCV
1485 3233 1493 3250 .

270 3274 308 3326 ότι
317 3271 402 3344 ψευδὴς
412 3273 426 3325 δ
435 3273 519 3342 λόγος.
532 3273 613 3328 TCV.
1136 3278 1199 3342 490,
1217 3275 1243 3328 5.
1258 3275 1374 3346 Τούτων]
1389 3273 1425 3327 ὧν
1435 3273 1530 3340 δηλαδὴ
1544 3271 1631 3327 ἔδοσαν
1644 3275 1792 3349 Λυσιμάχῳ.
1806 3283 1836 3335 Ρ,

305 3357 368 3420 491,
395 3351 420 3404 3.
448 3349 553 3414 Ούδενδς
572 3349 701 3417 ἠξιοῦντο,
723 3351 848 3424 τοιούτου]
864 3349 984 3418 Είσῆκταε
1012 3354 1054 3424 μὲν
1136 3353 1199 3421 490,
1209 3369 1235 3422 9.
1251 3351 1308 3406 Ὀτι
1329 3353 1372 3423 μίν
1392 3353 1490 3418 τοίνυν,
1512 3349 1632 3424 ιδάνδρις
1651 3351 1795 3429 Ἀθηναῖοι]
1814 3363 1886 3425 λύσας

270 3427 377 3500 ἀμελῶς,
395 3431 534 3502 κακούργως
547 3429 574 3484 δὲ
585 3430 644 3484 αύτδ
662 3429 758 3483 ἔλαθεν·
775 3429 804 3483 ού
820 3431 868 3502 γὰρ
882 3431 979 3494 υύδενδς
995 3431 1055 3487 ἀπε·
1100 3435 1135 3501 τῷ
1145 3431 1207 3484 κατα
1217 3431 1327 3486 ἔνστασιν
1337 3433 1406 3486 λύσει
1417 3432 1458 3485 καί
1468 3438 1504 3505 τῷ
1513 3431 1576 3486 κασά
1590 3432 1798 3506 ἀντιπαρόστααςν
1811 3441 1886 3496 λης.

269 3510 411 3581 τύγχανον,
427 3509 492 3562 ἀλλά
504 3515 585 3566 τινῶν,
629 3507 659 3562 'O
673 3509 699 3564 δέ
712 3529 784 3582 φησιν
797 3507 911 3577 ούδενδς,
924 3513 1055 3565 ίναδεινο-
1100 3509 1140 3561 θεν
1155 3507 1296 3581 ἀρξόμενος.
1337 3510 1483 3584 Ἐγύμνωσε
1495 3509 1522 3564 δδ
1535 3511 1638 3566 ἔνταίθα
1650 3511 1834 3579 τήνάντίθισιν
1844 3541 1883 3590 με.

269 3589 359 3662 ποιήσῃ
375 3590 403 3642 τδ
414 3591 524 3660 πρᾶγμα.
537 3591 618 3643 TCV.
1103 3591 1245 3660 νερώτερον.
1260 3591 1341 3644 TCV.

305 3673 367 3738 491,
382 3673 409 3732 4.
430 3665 473 3722 Ἐν
492 3671 545 3731 τοῖς
567 3667 685 3740 Ἑρμαῖς]
700 3667 768 3720 Ξύλα
788 3667 804 3734 ἢ
825 3667 890 3722 λίθοι
906 3671 1055 3740 τετράγωνοι
1135 3673 1196 3738 490,
1214 3687 1255 3724 10.
1272 3668 1378 3740 Ἐτερόιν
1387 3687 1410 3722 τι
1421 3667 1489 3721 τοῦτ’
1499 3669 1528 3719 δν
1542 3667 1599 3740 εἴη]
1614 3667 1668 3740 Ούχ
1679 3671 1718 3724 δτι
1732 3673 1777 3726 ούκ
1788 3674 1881 3745 δύσειν,

270 3743 331 3814 ἦσαν
345 3747 446 3818 ἔχοντες
459 3748 512 3820 ύ]ιν
529 3745 623 3819 Ἑρμοῦ
645 3745 743 3814 ἐπάνω,
759 3749 826 3802 κάτω
840 3747 866 3802 δὲ
880 3747 905 3801 ἔν
921 3755 957 3820 τῷ
968 3750 1054 3803 πλάτει
1098 3744 1156 3797 ἄλλ’
1169 3748 1206 3800 δτι
1219 3747 1273 3800 κατ’
1285 3747 1365 3800 ἀλλον
1386 3748 1485 3818 τρόπον·
1505 3747 1533 3799 σύ
1551 3745 1599 3818 γὰρ
1613 3747 1678 3818 ἔχεις
1695 3749 1776 3813 δεῖξαι
1790 3755 1830 3808 δτι
1843 3755 1882 3809 αλκ

270 3827 301 3878 τὰ
315 3825 501 3900 ἐπιγράμματα.
520 3825 596 3883 TCV.
1098 3827 1188 3896 ἐτίμων
1202 3827 1364 3881 παντάπασιν.
1376 3827 1457 3880 TCV.

304 3905 335 3957 Οί
346 3903 469 3971 Ἕλληνες
482 3903 524 3956 οίό
535 3924 602 3966 τινας
615 3903 757 3974 ἀνδριάντας
766 3905 880 3970 ίποίουν,
895 3906 955 3978 μήτε
969 3909 1054 3978 χεῖρας
1133 3903 1164 3956 E?
1175 3907 1255 3960 τοίνυν
1271 3905 1332 3978 μήτε
1347 3907 1504 3978 Λυσίμαχον]
1522 3903 1650 3960 Έντεύθεν
1662 3907 1754 3980 ἤρξατο
1762 3916 1807 3978 τῆς
1819 3913 1881 3967 dm.

270 3983 332 4054 μήτε
354 3985 429 4045 πόδας
452 3982 570 4053 ἔχοντας,
590 3984 631 4044 οδς
653 3982 755 4037 ἐκάλουν
773 3983 857 4055 ἑρμᾶς.
898 3983 1012 4040 Ἐποίουν
1027 3985 1053 4040 δὲ
1096 3987 1275 4055 παραστάσεως·
1289 3988 1414 4058 ουντρίχει
1425 3985 1473 4056 γδιρ
1484 3983 1559 4056 αύτῷ.
1571 3985 1647 4042 TCV.

269 4063 355 4125 αύτούς
382 4063 517 4126 διακόνους,
538 4061 609 4132 θύρας
635 4059 739 4131 ἔχοντας
762 4061 868 4132 καθάπερ
894 4066 1052 4136 τοιχοπυργί-
1132 4069 1254 4135 490,14.
1275 4065 1304 4119 Τί
1319 4065 1416 4138 μᾶλλον
1438 4059 1475 4128 οίς
1497 4061 1586 4134 ἔδομεν
1608 4066 1669 4137 νῦν]
1684 4065 1714 4118 E?
1734 4069 1776 4122 καί
1791 4073 1880 4142 μηδίνα

269 4159 349 4202 σκους.
388 4139 499 4193 Ἔσωθεν
516 4133 559 4192 οδν
580 4139 658 4192 αύτῶν
678 4137 784 4194 ίτίθεντο
801 4139 934 4212 ἀγάλματα
951 4139 988 4198 ὧν
1002 4143 1052 4198 ἐσέ-
1097 4143 1214 4216 ἔτίμησαν
1228 4145 1252 4198 οί
1263 4147 1382 4217 πρόγονοι
1395 4145 1457 4198 κατό
1470 4163 1510 4208 τι,
1525 4147 1568 4196 νύν
1579 4141 1609 4209 δή
1623 4139 1667 4196 οδν
1684 4144 1777 4220 ἀφαιρῇ
1786 4149 1879 4212 δικαίως

269 4219 342 4273 δοντα
352 4221 413 4273 θεῶν
423 4259 431 4286 ,
443 4218 530 4282 ἔξωθεν
542 4217 568 4271 δὲ
579 4215 704 4272 ἀπιτλειον
717 4219 772 4281 τούς
784 4217 866 4291 ἓρμᾶς.
881 4221 913 4276 ίί.
1096 4225 1137 4286 υδς
1155 4225 1285 4297 ἐτίμησας,
1301 4223 1374 4278 πόλιν
1388 4223 1488 4294 ύσεερον
1502 4220 1686 4294 ἀφαιρούμενος.
1724 4225 1757 4280 Οί
1773 4227 1817 4298 μὲν
1834 4229 1878 4300 γὰρ

303 4299 376 4352 Ταῦθ’
390 4298 448 4370 ύμῖν
459 4295 628 4370 ἀναγνώσεται
637 4297 666 4352 τδ
682 4297 838 4372 ἐπίγραμμα]
854 4297 921 4362 Ἕως
932 4301 1051 4370 τούτωνὴ
1095 4305 1212 4372 πρόγονοι
1229 4305 1257 4357 ού
1271 4303 1391 4357 δεδώκασι
1409 4303 1451 4356 καί
1464 4303 1612 4373 σεγγνιίιμης
1631 4301 1749 4374 ίχσνται,
1772 4307 1841 4378 ύμιῖς
1854 4309 1879 4361 δὲ

268 4378 386 4440 ἀντίθεσις
395 4377 476 4431 TCV.
1095 4382 1177 4444 δόντες
1190 4381 1265 4454 μηδὲν
1280 4381 1443 4448 ἀδικήσαντας
1454 4379 1620 4450 ἀποστερεῖτε.
1656 4379 1713 4434 ’ίνα
1726 4383 1755 4436 δύ
1768 4383 1802 4456 μή
1815 4385 1877 4438 ἀντι·

305 4462 367 4526 491,
379 4458 405 4512 θ.
417 4453 447 4508 Εἰ
459 4454 501 4526 μθν
514 4453 562 4526 γάρ
576 4451 685 4518 ἀναξίους
699 4453 764 4509 εἷναί
777 4475 812 4519 τις
824 4456 910 4530 ρήσει]
925 4455 993 4526 ίίίησλ
1003 4459 1051 4532 γὰρ
1095 4461 1172 4534 πίση,
1195 4459 1252 4513 ἀλλ’
1267 4460 1415 4532 ἀφαιροῦμαι
1429 4457 1519 4522 αύτδν,
1531 4459 1605 4522 κακδς
1621 4459 1669 4531 γδρ
1683 4461 1755 4531 ὤφθη
1770 4463 1826 4533 περί
1839 4465 1877 4517 τδν

268 4539 306 4592 δτι
318 4535 372 4590 ούδλ
384 4535 407 4588 οί
421 4537 539 4607 πρόγονοι
549 4535 646 4606 ἐτίμων.
658 4537 738 4590 TCV.
1095 4539 1232 4610 εύεργίτην·
1249 4539 1289 4592 διδ
1301 4543 1375 4593 τούτο
1386 4539 1534 4610 προαρπάζει
1551 4537 1592 4590 καλ
1604 4537 1672 4610 λέγει
1685 4561 1696 4588 ι
1714 4541 1793 4611 μηδὲν,
1807 4541 1877 4614 ξμς.

304 4621 366 4684 491,
386 4617 426 4670 15.
447 4613 508 4669 Ούδέ
526 4613 613 4686 όλίγου
631 4615 687 4686 δεῖ]
701 4615 796 4670 πολλοῦ
810 4635 838 4687 γε
852 4616 893 4668 καί
910 4618 957 4671 δεῖ·
973 4619 1048 4682 πάνυ,
1096 4616 1230 4681 ιλούντες.
1248 4641 1259 4668 ν
1276 4617 1356 4671 TCV.

267 4697 355 4767 φησίν,
370 4693 502 4766 ἀρίσιηκεν
524 4695 606 4748 TCV.
1129 4699 1191 4766 490,
1207 4713 1251 4751 00.
1265 4697 1349 4749 ίίαίτοι
1358 4697 1387 4748 τό
1401 4693 1426 4764 γ’
1436 4691 1539 4762 αἰσχρόν
1553 4691 1662 4765 ὁμοίως]
1678 4694 1709 4748 Εί
1721 4699 1765 4750 καὶ
1779 4697 1877 4770 μιμήσε-

303 4780 365 4844 491,
388 4777 429 4826 16.
448 4771 507 4826 Ἐπί
518 4771 551 4844 μὴ
565 4773 718 4843 προσήκοντα
733 4773 879 4854 πράγματα]
894 4771 932 4828 ίπλ
943 4771 976 4846 μή
991 4776 1050 4828 όντα
1093 4775 1136 4828 σθε
1149 4775 1205 4838 τούς
1217 4777 1366 4849 προγόνους,
1383 4772 1534 4844 ίμαριήσετε
1550 4772 1634 4825 πόλιν·
1651 4779 1695 4827 κού
1713 4775 1763 4848 γδρ
1775 4777 1876 4848 αίσχριῦ

268 4851 356 4918 ἀληθῆ.
369 4851 450 4904 TCV.
1093 4853 1137 4907 ούκ
1159 4853 1316 4927 ἀπήλλαχθε.
1368 4855 1419 4906 ίίάν
1437 4848 1498 4905 ὦσιν
1519 4849 1609 4905 ίκεῗνοι
1627 4854 1650 4906 σί
1672 4857 1873 4928 τεριπύπάρξαντις,

303 4935 365 4998 491,
389 4948 428 5000 ¹7·
450 4930 582 5002 Δυσχερεῖς
599 4927 694 5002 ἀνάγκη
709 4931 852 5004 μαίνεσθαι]
876 4933 931 4994 τούς
948 4933 1047 5004 λόγους.
1092 4935 1159 5003 ὅμως
1179 4941 1300 5006 συγχωρῶ
1314 4933 1444 5006 ἑπομένους
1455 4930 1519 5002 ύμᾶς
1531 4933 1584 4994 τοίς
1597 4937 1727 5004 προγόνοις
1741 4937 1839 4989 τοιοῦτό
1852 4954 1874 4988 τι

271 5008 334 5061 ’λντλ
349 5012 392 5062 τοῦ
406 5009 543 5080 δυσφήμους
563 5007 604 5062 καί
621 5009 716 5070 κακούς.
755 5009 809 5080 Ούχ
826 5009 942 5081 εύρίσκων
956 5011 1003 5083 γὰρ
1017 5018 1048 5083 τῇ
1091 5017 1200 5080 ποιῆσαι·
1217 5014 1238 5068 εί
1257 5015 1283 5068 δὲ
1297 5015 1411 5068 ούδίπυτε
1431 5014 1504 5064 τοῦτο
1525 5011 1626 5080 γέγονε,
1649 5019 1761 5068 τοιαύταν
1783 5015 1871 5086 ίργον,

268 5085 370 5156 ἀληθεία
390 5087 511 5156 μάχεσθαι
529 5088 674 5160 καταφεύγει
695 5087 735 5140 καί
758 5086 790 5150 είς
804 5087 847 5156 ἔθη
868 5089 922 5142 τινά
940 5091 980 5143 καί
995 5091 1049 5152 τούς
1091 5089 1232 5162 ἀχαριστίας
1253 5096 1396 5164 γνώρισμα,
1422 5087 1457 5162 μή
1482 5091 1590 5156 πρῶτον,
1613 5091 1687 5160 φησί,
1707 5093 1871 5160 καταδιξητι.

267 5165 400 5235 προγόνους
409 5165 450 5224 οθς
461 5165 588 5220 διαύόλλει
600 5167 755 5237 ψευδόμενος.
770 5168 849 5219 TCV.
1090 5171 1170 5224 TCV.
