4114 6088
403 388 461 440 628
936 379 1077 438 ΣΧΟΛΙΑ
1099 380 1163 438 ΕΙΣ
1183 381 1456 441 ΔΗΜΟΣΘΕΝΗΝ.
1564 417 1568 428 ·

401 513 455 560 τῶν
464 509 508 560 δύο
521 507 612 560 τούτων
625 507 737 572 όδολῶν,
754 509 810 568 πίοις
827 507 869 578 μέν
884 507 908 560 έν
928 512 958 579 τῇ
970 507 1036 580 ἀρχῇ
1050 512 1122 561 τοῦτο
1134 509 1175 562 λέ·
1218 508 1291 576 σκευὴ
1306 513 1349 563 τοῦ
1364 511 1495 581 προοιμίου
1507 509 1568 562 κατὰ
1582 509 1749 578 έποσιιύπησιν·
1770 511 1794 564 ού
1806 511 1843 583 γθρ
1855 513 1924 584 έρρίθη.
1979 499 1980 502 ¹

401 605 454 656 γειν
468 593 574 658 φανερῶς
587 587 766 652 άναύάλλεται,
779 591 851 639 τοῦτο
863 587 889 638 δέ
901 586 983 648 αύτοῖς
1001 588 1114 640 ύπονοεῖν
1128 607 1175 641 πα-
1218 587 1299 644 ΤίΝ,

402 667 468 734 ρέχει
480 666 520 717 διὰ
541 671 584 718 τοῦ
597 665 672 719 εἰπεῖν
687 667 724 718 δτι
739 667 878 736 προκριτέον
892 665 942 719 ἐστί
954 666 983 717 τδ
997 669 1115 736 συμφέρον
1127 673 1175 720 τῶν
1255 665 1381 730 θίετῆλθεν
1393 664 1429 734 ἔφ’
1442 665 1523 736 ἑτέραν
1537 663 1645 730 ἔννοιαν,
1655 662 1697 728 τὴν
1709 668 1795 735 πρύτην
1804 665 1856 736 άφεὶς
1866 667 1926 718 διττά·

401 746 547 814 χρημάτων.
584 745 631 797 Καί
649 745 693 797 ούκ
715 743 783 799 εἶπεν
802 745 883 805 ἅπλῶς
896 746 1041 814 χρημάτων,
1055 744 1120 797 άλλίι
1134 745 1176 798 καί
1218 763 1313 796 σκευον.
1351 741 1432 794 Λίτιον
1443 742 1468 794 δέ
1480 745 1565 796 τούτου
1575 744 1603 796 th
1618 747 1659 809 τῆς
1669 745 1792 814 προτάσεως
1802 745 1884 806 ἔνδοξον·
1894 745 1928 815 ίηιι

400 821 514 887 πολλῶν,
528 823 610 889 δηλῶν
626 824 664 875 ότι
679 822 699 876 εί
708 822 807 876 πολλῶν
822 823 957 892 χρημάτων
972 821 1087 892 μέλλουσι
1101 841 1175 874 κατα·
1218 821 1266 890 γὰρ
1277 819 1307 886 δὴ
1322 819 1386 890 παρά
1399 825 1442 886 τῆς
1454 825 1536 887 κοινῆς
1556 821 1645 883 έννοίας
1664 822 1841 892 ὁμολογούμενον
1851 826 1880 876 ίτι
1892 845 1928 894 ιρι»

400 903 497 969 φρονεῖν
513 900 553 952 διθι
566 900 595 954 τδ
606 903 741 971 συμφέρον,
757 903 826 972 πόσῳ
837 919 867 970 γε
888 900 984 971 μᾶλλον
1003 900 1047 952 ούκ
1059 901 1088 952 δν
1101 900 1174 966 όκνη-
1217 907 1318 970 τιμῶσιν
1337 901 1458 970 άνθρωποι
1476 900 1505 953 τδ
1517 903 1634 971 συμφέρον
1650 901 1781 971 χρημάτων.
1822 901 1928 962 Ἔνδοξοιδί

400 995 467 1031 σιιαν
487 979 607 1049 ύπεφιδεῖν
630 980 674 1031 δύο
695 979 791 1032 δόολῶν
817 980 897 1032 ἕνεκεν
919 983 963 1030 τοῦ
981 979 1172 1041 λυσιτελοῦντος.
1218 977 1263 1030 εἰσι
1271 980 1412 1048 προτάσεις,
1424 975 1459 1030 ὧν
1470 979 1497 1030 ού
1510 981 1630 1050 περιμένει
1641 978 1683 1044 τὴν
1695 977 1801 1039 ἀπόδειξιν
1813 979 1825 1031 ό
1836 978 1926 1050 άιφοαιης·

404 1055 492 1113 ’ἰστέον
514 1059 540 1111 δέ
562 1060 600 1112 δτι
622 1059 652 1111 τά
672 1059 789 1130 χρήματα
806 1062 882 1110 ταῦτα
901 1058 932 1109 τὰ
945 1059 1051 1128 δημόσια
1073 1057 1175 1129 θεωρικά
1217 1057 1257 1110 καί
1273 1057 1394 1128 λαμῦάνει
1408 1057 1496 1124 ταύτην
1514 1057 1643 1129 όρητωρῆ
1656 1057 1700 1112 δπδ
1713 1061 1753 1124 τῆς
1766 1058 1826 1124 δόξης
1836 1063 1874 1109 τῶν
1888 1057 1926 1108 Ἐλ-

400 1134 512 1204 έποίησεν
526 1137 549 1199 έξ
565 1136 801 1208 άρχῆςόίίερικλῆς
811 1136 842 1188 δι’
859 1137 938 1190 αἰτίαν
953 1137 1075 1203 τοιαύτην·
1093 1136 1173 1203 ἐπειδὴ
1217 1135 1345 1202 ληνων,ἢ
1365 1135 1411 1190 άπδ
1425 1139 1468 1202 τῆς
1481 1139 1563 1202 κοινῆς
1578 1135 1675 1198 έννοίας·
1699 1135 1746 1188 ίστι
1766 1135 1789 1189 δέ
1806 1137 1840 1188 ύτε
1856 1134 1929 1188 καίάπδ

400 1215 500 1268 πολλῶν
522 1219 649 1288 θεωμένων
668 1217 710 1270 καί
723 1217 902 1278 στασιαζόντων
918 1215 958 1268 διὰ
975 1215 1017 1268 τδν
1032 1218 1116 1279 τόπον,
1133 1219 1174 1268 καὶ
1217 1217 1264 1264 τῶν
1280 1213 1372 1282 νόμων.
1387 1213 1514 1268 RY'I'CV.
1530 1214 1616 1266 λαθὼν
1630 1209 1671 1266 οδν
1683 1215 1722 1266 καί
1739 1215 1814 1276 νῦνύις
1829 1213 1928 1284 ὁμολογού-

399 1293 471 1355 Εένων
492 1296 533 1347 καί
544 1297 667 1360 πολιτῶν,
682 1295 723 1348 καλ
736 1295 823 1348 λοιπδν
840 1301 888 1348 τῶν
900 1296 1023 1349 πλουσίων
1037 1295 1173 1366 δγοραζδν-
1217 1309 1290 1359 μενον
1305 1291 1334 1342 τί)
1348 1297 1396 1342 τῶν
1411 1293 1546 1361 χρημάτων
1560 1292 1640 1362 ἕτερον
1661 1289 1739 1362 έπάγιι
1756 1293 1839 1362 νόημα,
1849 1291 1929 1360 ‘tm‘
1979 1289 1980 1346 ί

399 1391 447 1424 των
466 1374 521 1435 τούς
534 1376 635 1439 τόπους,
658 1375 806 1444 βουλόμενος
826 1372 908 1444 ἀρέσαι
921 1381 956 1446 τῷ
973 1374 1045 1446 δήμῳ
1061 1375 1174 1437 καὶτοῖς
1216 1369 1344 1438 προθύμως
1366 1368 1455 1422 έθέλειν
1481 1369 1585 1423 άκούειν.
1631 1369 1771 1440 θαρροῦντος
1791 1369 1814 1422 δέ
1829 1369 1889 1437 έαυτῖρ
1903 1369 1929 1419 καί
1979 1361 1980 1422 ί

397 1451 514 1516 πένησιν,
535 1451 576 1503 ἵνα
599 1452 676 1521 ἔχωσι
695 1451 817 1504 καλαθτοί
836 1453 910 1504 πόθιν
931 1453 1047 1506 ὠνεῖσθαι
1068 1455 1171 1518 τόπους,
1215 1449 1399 1508 πεπιστευκότος
1416 1445 1587 1518 ἡπρόκλησις.
1627 1447 1669 1501 Ἐν
1683 1445 1703 1519 ᾧ
1717 1448 1759 1519 γάρ
1775 1450 1854 1507 πάντως
1865 1445 1929 1496 διούειι
1979 1429 1980 1484 ί

398 1528 486 1600 ἔγραψε
500 1529 530 1582 τά
544 1533 738 1602 προσοδευόμενα
748 1532 863 1601 χρήματα
870 1537 900 1602 τῇ
912 1532 982 1584 πόλει
992 1533 1104 1602 γενέσθαι
1114 1536 1173 1585 πᾶσι
1216 1526 1300 1587 αὗτοίιτ
1316 1528 1391 1580 πείθει
1409 1533 1457 1579 τῶν
1480 1527 1707 1598 σνμύονλευόντων,
1722 1527 1745 1580 έν
1765 1526 1832 1595 τούτῳ
1847 1525 1928 1576 δείκνυσιν

398 1607 500 1676 θεωρικά
517 1612 568 1670 τοῖς
587 1610 706 1670 πολίταις.
733 1608 797 1661 Εἶτα
811 1608 1008 1678 ἐπιχειρήσαντος
1025 1609 1173 1663 ’λπολλοδιύ-
1215 1605 1253 1656 ὅτι
1268 1607 1340 1675 μόνος
1350 1607 1421 1668 σύτδς
1431 1606 1514 1677 εθρηκε
1526 1607 1555 1658 τδ
1567 1609 1691 1678 συμφέρον,
1727 1599 1928 1668 Εἰτακαίτίηνιίιίιι

395 1702 439 1752 ρου
458 1685 522 1746 τινδς
539 1687 613 1739 πάλιν
634 1686 694 1740 αιίτίι
718 1690 817 1753 ποιῆσαι
839 1687 1012 1756 στρατιωτικά,
1025 1687 1172 1758 βουλόμενος
1214 1683 1368 1750 προσέθηκεν·
1381 1683 1465 1754 οθγδρ
1475 1681 1631 1754 αθτάρκηςῆν
1642 1679 1926 1755 Λημοσθέθθςωμθθθίῖέθί

396 1762 544 1827 Εύόουλοςθ
562 1767 765 1836 πολιτευόμενος,
787 1767 936 1836 δημαγωγός
949 1769 1000 1829 ὢν,
1016 1767 1118 1820 πλείονα
1133 1766 1171 1819 εύ-
1217 1780 1227 1808 ⁰¹
1241 1759 1268 1811 Οὗ
1279 1759 1327 1830 γὰρ
1343 1761 1508 1832 μόθον-ἥκῃ
1517 1781 1560 1824 ῖῑς·
1576 1785 1587 1812 ¹
1601 1762 1716 1833 ἔσκεμμαι
1727 1762 1765 1833 μέν
1777 1761 1906 1830 τδσυμφέρον·
1915 1757 1929 1808 ιί

396 1858 463 1894 νοιαν
476 1842 649 1898 ἐπισπάσασθαι
660 1849 702 1896 τοῦ
714 1845 793 1914 δήμου
806 1844 864 1912 πρὸς
878 1843 978 1909 έαυτδν,
994 1845 1082 1914 ἔγραψε
1095 1845 1170 1916 νόμον
1213 1839 1239 1892 δέ
1253 1841 1294 1892 καί
1302 1842 1357 1902 vobs
1366 1839 1398 1912 μθ
1407 1841 1568 1912 πὲθῦμέθῠθς
1579 1841 1654 1895 Εέπεῗν
1662 1843 1745 1904 τῑῧέῦῑ»
1754 1840 1779 1892 0]
1787 1837 1926 1908 Μθῦῑῦίωέέί·

395 1919 437 1972 τδν
458 1921 588 1974 κελεύοντα
605 1923 702 1993 θανάτῳ
722 1924 868 1992 ζημιοῦσθαι
888 1921 912 1974 εί
930 1941 965 1984 τις
979 1923 1111 1993 ἐπιχειροίη
1128 1942 1170 1994 με·
1215 1917 1260 1970 Καί
1268 1920 1300 1970 δι’
1309 1916 1344 1972 ὧν
1354 1919 1528 1989 προκαλεῖσθαι
1541 1922 1627 1989 δοκεῖ,
1640 1921 1678 1972 διὰ
1690 1921 1773 1972 τούτων
1784 1919 1883 1987 άπυερίπιι
1893 1915 1928 1973 τοίς
1979 1927 1980 1984 ί

394 2003 504 2052 ταποιεῖν
527 2001 558 2053 τδ
572 1999 675 2071 θεωρικὰ
693 2001 862 2070 στρατιωτικά.
909 2000 952 2052 Διό
970 2001 1051 2060 ὁσάκις
1073 1999 1097 2054 έν
1120 2003 1171 2062 τοῖς
1213 1996 1929 2070 δλλους.Δῆλονγίιρότιπαραγωρησουσινοίμίησκεψάρενοιοζι
1979 2029 1980 2064 3

394 2078 553 2141 Φιλιππικοῖς
571 2081 691 2150 μέμνηται
704 2079 782 2132 αύτῶν
796 2079 810 2131 ό
825 2079 996 2150 Δημοσθένης,
1012 2078 1170 2149 συμὸουλεόει
1212 2078 1389 2146 πεφροντικότι.
1405 2076 1451 2128 Καί
1465 2077 1516 2148 ἅμα
1527 2077 1557 2130 τά
1572 2079 1628 2148 περί
1640 2077 1682 2144 τὴν
1693 2077 1759 2132 πόλιν
1770 2079 1866 2130 δείκνυσιν
1877 2073 1928 2125 όιιέι

394 2159 471 2228 μόνον
484 2161 547 2212 ὥστε
562 2160 633 2214 αύτδν
644 2161 760 2226 λυθῆναι,
773 2159 801 2212 ού
813 2161 895 2230 μέντοι
905 2161 946 2212 καί
955 2159 1080 2231 ἐγγράφως
1092 2159 1169 2230 λέγει,
1212 2157 1306 2211 πολλοῦ
1314 2158 1342 2211 τό
1354 2158 1435 2210 κοινδν
1445 2159 1460 2226 ἢ
1469 2159 1496 2212 τό
1505 2161 1625 2230 συμφέρον
1638 2161 1742 2228 ἐζήτησε,
1754 2160 1794 2212 ίίαί
1803 2159 1837 2210 διά
1846 2155 1928 2210 τούτοισί

393 2238 452 2307 ὅπερ
467 2233 496 2304 ην
517 2237 674 2294 ἐπικίνδυνον.
713 2239 798 2310 Ὅμως
811 2237 855 2291 ούκ
870 2238 965 2292 έπεισεν
981 2238 1065 2300 αύτούς
1085 2238 1168 2304 λῦσαι,
1212 2237 1334 2307 χρήσιμον
1344 2237 1416 2290 αύτδν
1427 2237 1503 2291 εἰπεῖν
1515 2238 1557 2290 καί
1566 2237 1709 2300 ἀκούσαντες
1717 2237 1813 2290 λάόοιτε.
1828 2231 1929 2298 ίίονοιυηί

394 2312 417 2365 εἰ
439 2312 472 2384 μὴ
493 2315 593 2384 ύστιρον
615 2317 684 2370 αύτοί
700 2316 895 2389 ἀναγκαζόμενοι
921 2324 957 2389 τῷ
977 2317 1078 2388 πολέμῳ
1097 2320 1170 2370 τοῦτο
1214 2315 1332 2386 ἅρπαγμα
1349 2315 1390 2368 καί
1410 2316 1493 2386 κέρδος
1512 2315 1541 2368 τδ
1557 2319 1602 2382 τῆς
1614 2315 1697 2369 ἑαυτοῦ
1714 2317 1804 2386 γνώμης
1815 2313 1895 2365 ποιεῖται
1905 2313 1928 2374 τῷ

391 2392 560 2458 πεποιηκασιν.
577 2396 638 2450 Yv.
1212 2395 1293 2466 δήμῳ.
1330 2393 1376 2446 Καὶ
1388 2393 1436 2465 γάρ
1449 2394 1478 2446 τδ
1493 2393 1581 2447 λαθεῖν
1602 2397 1672 2465 κέρδη
1688 2394 1727 2446 καί
1736 2391 1837 2462 ὠφελείας
1848 2388 1895 2440 έστὶν
1908 2383 1929 2434 οἰ-

428 2491 455 2540 9,
470 2485 496 2526 υ.
516 2470 593 2543 Ὑμεῖς
604 2473 700 2527 έλέσθαι
714 2474 823 2545 νομίζω]
840 2473 963 2544 Ἐμφασιν
979 2473 1031 2542 ἔχει
1044 2470 1140 2537 πολλὴν
1152 2472 1168 2540 ἡ
1211 2475 1348 2526 κειότατον.
1363 2471 1412 2538 Τὴν
1426 2472 1468 2543 μέν
1480 2467 1523 2525 σύν
1536 2473 1623 2526 έαυτοῦ
1635 2469 1766 2543 ουμόουλὴν
1779 2461 1928 2538 έτοιμονλῆμμέ

392 2548 453 2610 λέξις
466 2550 495 2602 τὸ
509 2549 583 2620 ὑμᾶς,
599 2550 688 2604 ὡσανεί
700 2551 799 2620 ἔλεγεν,
814 2551 876 2622 ύμαῑς
887 2553 927 2613 οθς
938 2552 985 2622 οἰχ
999 2551 1051 2606 εἷλε
1065 2552 1169 2614 πλοῦτος
1210 2570 1282 2621 φησι,
1303 2551 1357 2621 περί
1373 2551 1400 2603 δέ
1420 2556 1467 2603 τῶν
1488 2552 1668 2620 σγεδιαζόντων
1691 2573 1701 2599 ι
1719 2545 1860 2616 ύπολαμόάνω
1873 2537 1928 2594 τολλί

392 2627 406 2678 ό
420 2627 551 2698 Περσικὸς,
567 2628 595 2680 ού
608 2630 794 2700 λακεδαιμόνιοι
811 2629 908 2700 μεγάλα
921 2630 1120 2700 ύπισχνούμενοι.
1134 2629 1169 2682 Τό
1215 2651 1226 2678 ι
1242 2635 1290 2682 τῶν
1305 2631 1420 2682 δεόντων.
1436 2649 1447 2680 ι
1464 2629 1564 2700 Πρῶτον
1579 2630 1622 2701 μέν
1637 2629 1676 2682 διδ
1691 2631 1730 2693 τῆς
1743 2624 1861 2692 ύπυλθέῑῑις
1872 2617 1928 2669 έθθέ

391 2705 418 2760 δέ
432 2707 541 2777 νομίζω,
561 2707 594 2768 ὡς
606 2706 652 2772 ἤδη
667 2705 691 2758 έν
709 2709 760 2768 τοῖς
779 2705 952 2776 Ἰσοκρατικοῖς
968 2706 1075 2778 είρηται,
1086 2711 1128 2763 καί
1140 2711 1168 2763 τό
1211 2707 1241 2760 τδ
1256 2709 1363 2778 βέόαιον·
1380 2708 1473 2778 νομίζω
1496 2707 1553 2778 γάρ,
1578 2709 1650 2778 φησί,
1673 2705 1724 2762 εἶτα
1744 2705 1781 2758 καί
1796 2701 1829 2754 διίι
1843 2705 1879 2752 τῶν
1896 2695 1929 2759 ἓίίι

390 2785 472 2837 δοκεῖν
490 2786 531 2837 καί
544 2785 575 2836 τά
595 2789 695 2838 τοιαῦτα
708 2783 736 2836 ού
750 2785 845 2846 πάντως
859 2783 898 2836 ἐπί
912 2783 1048 2854 άμριόόλου
1068 2787 1168 2841 τάττου·
1212 2783 1342 2856 ἠμαύρωσε
1362 2786 1391 2838 τδ
1413 2785 1478 2856 παρὰ
1497 2793 1544 2839 τῶν
1560 2787 1735 2858 σηεδιαζόντων
1749 2782 1830 2852 ὄφελος.
1859 2776 1928 2844 Πρθῖθ

391 2881 428 2914 σιν
448 2862 473 2914 οἰ
490 2862 604 2926 παλαιοί,
623 2863 689 2915 άλλά
710 2862 828 2924 πολλάκις
847 2863 888 2914 καί
911 2861 949 2916 έπί
971 2867 1014 2915 τοῦ
1029 2862 1165 2930 ἀληθεύειν.
1212 2865 1254 2935 μέν
1276 2865 1324 2936 γὰρ
1347 2865 1417 2926 ένίοις
1438 2865 1467 2916 ἂν
1483 2864 1596 2918 ἐπελθεῖν
1615 2863 1735 2936 ἡγοῦμαι,
1753 2861 1819 2928 τύχηι
1836 2847 1927 2926 Pium

390 2939 473 3002 Οθτως
484 2937 527 2992 ούν
542 2943 583 2994 καί
596 2942 699 2996 ἐνταῦθα
717 2942 746 2996 τδ
758 2942 852 3013 νομίζω
863 2939 918 2993 άντί
929 2943 973 2994 τοῦ
985 2941 1060 3011 κρίνω
1073 2942 1114 2995 καί
1127 2963 1167 3007 πι-
1209 2945 1310 3014 γνώμης
1325 2948 1400 2996 ποιῶν
1417 2939 1461 3008 τίγν
1478 2942 1580 3013 εύρεσιν.
1619 2940 1681 2995 Είτα
1700 2942 1741 2994 κδν
1754 2937 1829 3007 ίπέλθη
1844 2932 1897 2991 τιθθ
1907 2925 1926 2977 ίί

297 3007 300 3016 ί
390 3017 476 3071 στιύω.
491 3019 596 3073 YTCV.
1209 3023 1319 3086 πάντως,
1334 3019 1399 3072 ἀλλά
1416 3019 1515 3084 πολλὰ,
1531 3019 1573 3072 καί
1585 3024 1661 3074 ταῦτα
1674 3017 1701 3071 ού
1713 3015 1826 3086 προδθλιιι
1838 3009 1879 3062 ῑίῖέ
1888 3023 1927 3072 ωθ’

425 3117 453 3166 9,
468 3115 493 3152 α.
510 3097 540 3150 Εἰ
552 3099 655 3168 φανερόν
666 3099 800 3169 γένοιτοτί)
813 3097 905 3168 μέλλον
920 3098 1053 3167 συνοίσειν]
1066 3098 1167 3154 Ἐπεισε
1209 3103 1326 3171 φέροντα,
1342 3099 1407 3151 ἀλλὰ
1421 3104 1469 3152 τῶν
1481 3100 1599 3152 δεόντων.
1637 3099 1671 3151 Tb
1684 3097 1709 3151 δέ
1725 3097 1795 3165 όνομα
1806 3096 1845 3144 τῶν
1854 3087 1927 3140 διόιτιιι

389 3176 429 3228 διὰ
444 3181 487 3229 τοῦ
500 3176 642 3247 μελλοντος·
657 3175 684 3228 ού
700 3176 747 3248 γὰρ
762 3174 829 3229 εἶπεν
843 3177 881 3228 ότι
895 3175 998 3244 φανερδν
1013 3174 1105 3242 αθτοῖς,
1116 3180 1166 3230 ὥσ·
1209 3175 1256 3247 οθχ
1271 3177 1297 3229 έν
1311 3195 1335 3229 τι
1355 3175 1479 3246 σημαίνει*
1497 3176 1584 3229 δέοντα
1600 3175 1648 3247 γδιρ
1667 3175 1781 3244 καλοῦμεν
1796 3167 1820 3221 ού
1834 3159 1927 3228 τίσιέίί·

388 3253 458 3323 περό
473 3252 613 3324 Ἰσοκράτης
628 3275 640 3302 ιι
657 3253 710 3318 ἥκω
731 3251 917 3322 συμόοολεύσων
931 3253 985 3322 περί
1002 3270 1028 3304 τε
1041 3257 1084 3305 τοῦ
1095 3254 1167 3308 πολέ·
1209 3277 1282 3328 ροντα
1297 3257 1387 3327 μόνον,
1403 3254 1469 3306 ἀλλὰ
1485 3255 1527 3308 καί
1544 3255 1576 3308 τά
1593 3258 1726 3327 πρέποντα,
1740 3249 1788 3320 περί
1800 3245 1829 3299 ὧν
1839 3241 1872 3294 οἰκ
1884 3239 1927 3290 έτπι

390 3357 404 3378 ι
421 3351 468 3401 μου
490 3336 533 3385 τοῦ
546 3333 604 3403 πρδς
623 3332 679 3393 τοίις
697 3331 837 3402 βαρύάρους.
856 3353 867 3381 ι
888 3329 917 3384 τδ
932 3329 974 3401 μέν
994 3329 1041 3401 γάρ
1063 3337 1166 3406 σοφιστῇ
1209 3337 1281 3408 ἐντῷ
1296 3337 1398 3406 παρόντι
1419 3333 1526 3402 ζητησις.
1565 3333 1613 3387 ίίαί
1630 3333 1683 3386 ούδέ
1696 3337 1741 3384 τῶν
1759 3315 1927 3398 εύρεθέντυνίπιι·

387 3412 489 3481 πρέπον,
502 3411 568 3465 τδδέ
581 3412 707 3466 πολιτικοῦ
722 3411 818 3482 μᾶλλον
832 3410 942 3482 ῥήτορος.
982 3409 1053 3473 ’ίσως
1066 3411 1108 3482 μέν
1121 3407 1164 3466 σύν
1208 3419 1249 3470 νεῖ
1257 3417 1312 3479 τούς
1324 3415 1509 3486 σγεδιέζοντας,
1524 3411 1708 3484 άλλίιτῇτύχγη
1720 3413 1759 3476 τῆς
1775 3405 1851 3460 πόλεως
1860 3393 1926 3464 λογίέῑ·

386 3490 498 3553 δίαῑῗθῠς
509 3491 552 3546 οὒκ
568 3491 672 3563 ἀλόγων·
688 3489 768 3556 ἕπῑῑῧθ
778 3489 825 3562 γὰρ
836 3489 901 3560 ἰώρῦ
911 3489 966 3550 ῖῦθὶ
982 3488 1108 3557 Ἕλληνας
1120 3489 1164 3558 ''10-
1208 3516 1247 3550 ται
1261 3493 1305 3560 τὴν
1320 3497 1447 3566 πρόφασιν.
1485 3493 1621 3562 ίίληριύσας
1634 3491 1659 3544 δέ
1673 3489 1715 3555 τὴν
1726 3477 1856 3558 παρεκόυλθι
1866 3473 1926 3569 γηίτθ

387 3571 541 3641 χολημένους
553 3572 608 3641 περί
622 3569 667 3636 τὴν
680 3569 815 3641 πανήγυριν
829 3569 871 3622 καί
889 3572 932 3635 τῆς
949 3567 1051 3631 άνέσεως
1066 3570 1163 3640 μᾶλλον
1208 3571 1306 3638 καλιὴν
1322 3571 1401 3624 αἰτίαν
1414 3569 1518 3631 άποδοίις
1531 3569 1562 3620 δι’
1583 3569 1613 3635 ἣν
1628 3567 1746 3638 όφείλουσι
1760 3559 1797 3613 καί
1807 3561 1846 3608 τῶν
1855 3553 1873 3600 ⁸²
1887 3561 1926 3596 ἰδέ·

386 3649 563 3721 γιγνομένους,
577 3649 618 3702 διά
631 3653 704 3704 τοῦτο
714 3647 855 3718 ἐπέστρεψεν
869 3647 956 3708 αύτούς
972 3645 1004 3708 είς
1016 3645 1060 3712 τὴν
1074 3647 1163 3718 άκρόα-
1206 3651 1266 3720 γύου
1278 3651 1403 3722 λεγόντων
1415 3648 1525 3711 ἀκούειν,
1545 3644 1631 3718 έπάγει
1648 3645 1676 3698 τδ
1688 3635 1925 3714 συμπέρασμσυζιῖθθξ·

387 3749 425 3782 σιν
440 3735 474 3800 τῷ
497 3730 592 3800 μεγέθει
611 3732 654 3794 τῆς
670 3727 832 3798 ύποσγέσεως·
853 3726 867 3779 ό
885 3726 911 3779 δέ
934 3727 1089 3796 Δημοσθένης
1108 3729 1162 3780 καθ’
1207 3731 1269 3802 μίιμ,
1286 3727 1487 3800 ουμπληρωτικδν
1499 3726 1541 3796 μέν
1554 3727 1584 3777 δν
1596 3729 1639 3792 τῆς
1649 3715 1848 3792 δευτέραςέννοίας,
1858 3700 1927 3792 άκολγν

386 3807 532 3880 ύποτίμησιν
555 3807 613 3860 αύτό
632 3807 779 3877 εἰσήγαγεν,
802 3805 825 3858 εἰ
844 3805 946 3876 φανερδν
970 3806 1074 3875 γένοιτο.
1112 3805 1162 3858 Ούκ
1206 3810 1253 3869 θως
1266 3809 1288 3859 δ’
1300 3807 1360 3878 ἔχον
1375 3809 1406 3877 τῇ
1422 3804 1446 3866 έΕ
1457 3803 1534 3874 ἀρχῆς
1545 3804 1669 3872 προτάσει.
1708 3785 1925 3874 ’ίδγᾶρωθῖέίῗίῗῗ

387 3887 442 3941 εἰπε
453 3888 479 3940 δέ
490 3887 519 3940 τδ
532 3887 650 3956 συμφέρον
667 3884 815 3946 Ὀλυνθίοις,
831 3883 897 3936 ἀλλὰ
910 3887 941 3954 τῇ
955 3883 1035 3936 πόλει.
1058 3883 1162 3937 Μᾶλλον
1205 3885 1354 3955 ζητούμενον
1371 3882 1509 3952 εἰσαγαγὼν
1520 3880 1544 3934 έν
1558 3879 1666 3952 τῇάρχῇ
1680 3880 1721 3930 τοῦ
1734 3868 1855 3944 προοιμίων
1867 3867 1925 3909 *W

385 3967 433 4038 γάρ
445 3967 508 4019 ούτω
519 3965 727 4036 καταφρονήσουσι
738 3969 785 4016 τῶν
797 3965 930 4034 Ιγρημάτων
942 3961 999 4032 ύπέρ
1012 3965 1055 4013 τοῦ
1067 3961 1162 4015 λυσιτε-
1205 3962 1335 4032 εύρημένον
1346 3960 1476 4032 λαμόάνιι.
1486 3957 1532 4009 Ka}
1541 3958 1614 4027 φησίν
1622 3960 1660 4010 δτι
1666 3957 1748 4014 πάντες
1758 3947 1875 4001 άκούσειῐῑί
1882 3935 1925 4038 δέ]

385 4047 485 4108 λοῦιτος
497 4049 540 4112 τῆς
553 4046 656 4106 πόλεως.
694 4043 842 4104 Καίόλλως.
879 4042 996 4094 Βούλεται
1010 4042 1090 4094 δοκεῖν
1105 4042 1161 4114 ύπέρ
1206 4042 1298 4112 μάσατε
1314 4041 1425 4110 γενέσθαι
1445 4041 1489 4090 τοῦ
1504 4038 1635 4098 δοκοῦντος
1655 4033 1747 4106 μιῖλλον
1766 4021 1874 4096 συμφίρθΨ
1891 4007 1924 4096 bf·

335 4156 337 4162 ·
384 4129 429 4190 τῆς
443 4126 537 4187 πόλεως
551 4124 671 4195 μᾶλλονῆ
682 4129 730 4175 τῶν
746 4121 881 4174 Ὀλυνθίων
887 4122 1007 4174 ποιεῖσθαι
1017 4121 1059 4173 τδν
1073 4119 1159 4192 λόγον.
1205 4119 1252 4192 γδιρ
1265 4122 1380 4191 θεώρημα
1394 4115 1541 4180 καθολικδν,
1562 4118 1625 4168 ὥστε
1643 4113 1689 4167 άπδ
1701 4116 1746 4163 τῶν
1758 4105 1847 4174 ἰσχθθῶί
1856 4089 1885 4143 ’δέ
1896 4097 1924 4142 πί

389 4203 420 4256 Ἥ
449 4203 496 4275 γάρ
519 4207 562 4268 τῆς
585 4202 676 4263 εθνοέας
695 4199 790 4262 ἰνδειξις
816 4199 978 4268 εύκολιύτερυν
1008 4200 1083 4252 πείθει
1108 4200 1162 4263 τοῦς
1205 4197 1284 4270 άρχὴν
1300 4197 1422 4252 ποιεῖσθαι
1433 4201 1480 4248 τῶν
1490 4194 1575 4264 λόγων
1585 4193 1628 4245 καὶ
1639 4191 1671 4252 εἰς
1681 4188 1738 4242 αύτά
1751 4176 1877 4238 κατατεθω-
1890 4167 1910 4216 fl·

386 4283 513 4354 ἀκροατάς.
533 4281 568 4332 Ού
581 4279 628 4350 μὴν
641 4279 696 4332 οθδέ
705 4279 733 4331 τδ
747 4284 795 4331 τῶν
813 4277 949 4330 Ὀλυνθίων
964 4278 1092 4344 συνέστησε
1106 4279 1162 4349 πρό-
1239 4297 1266 4346 9,
1278 4279 1303 4339 θ.
1314 4275 1368 4326 Τῶν
1382 4272 1536 4342 βουλομένων
1546 4267 1732 4340 συμύσυλεύειν]
1743 4241 1923 4348 ίίάντιῑιιίίέξίίῖῑι

382 4381 467 4416 Μῦν
492 4362 525 4423 ὥς
544 4359 743 4428 δῑαῦῑὸλημένον·
767 4357 808 4409 καί
832 4355 879 4426 γάρ
897 4357 981 4425 φθάνει
999 4355 1080 4425 φιλίαν
1095 4354 1161 4426 ἔχων
1203 4351 1356 4425 λέγειν,ίνα
1374 4349 1414 4400 διά
1424 4349 1509 4401 τούτου
1523 4345 1564 4398 καί
1578 4345 1621 4398 τδν
1635 4344 1723 4414 φθόνον
1737 4337 1808 4428 φύγῃ]
1820 4316 1924 4436 W&

384 4441 443 4510 πρδς
452 4439 538 4501 αύτούς
548 4437 589 4490 καί
600 4436 696 4506 εἰρήνην
708 4436 722 4488 ό
733 4437 819 4505 δῆμος.
857 4435 903 4486 ίίαί
915 4433 1004 4494 άλλως.
1023 4434 1068 4486 ίίαί
1081 4433 1161 4497 αθτοῖς
1204 4433 1309 4505 λθμενος
1325 4429 1406 4500 λέγειν
1420 4424 1561 4498 μόνος,καί
1574 4424 1634 4488 ἵνα,
1649 4420 1670 4474 εί
1686 4416 1728 4484 τὴν
1744 4413 1809 4510 σθτνγι
1825 4398 1921 4529 ωίῗὲ]

388 4519 521 4587 Ἆθηναίοις
535 4518 562 4572 έιι
575 4515 670 4572 πολλοῦ
681 4515 876 4584 σπουδαζόμενον
891 4509 921 4579 ἦν
936 4511 969 4572 εἰς
983 4511 1072 4582 ἔχθραν
1086 4531 1160 4565 κατα·
1204 4513 1361 4584 προέλοιντο,
1378 4507 1492 4578 κρείττων
1518 4505 1631 4558 ἁπάντων
1654 4505 1701 4554 τῶν
1719 4489 1844 4566 συμύννλωί
1876 4488 1914 4525 '²'

385 4603 516 4666 στῆσαιτῖι
527 4597 643 4667 Φιλίππῳ
654 4595 709 4656 τούς
726 4592 874 4654 Ὀλυνθίους·
889 4594 952 4644 ὥστε
966 4597 1015 4652 πῶς
1027 4591 1070 4643 ούκ
1091 4589 1159 4661 έχαι-
1204 4591 1264 4662 γθῇ.
1281 4589 1355 4642 BSV.
1913 4651 1919 4662 ι

384 4698 427 4749 ρον
439 4677 495 4748 ύπέρ
504 4653 599 4732 Ιτούτων
614 4673 815 4746 ἀπολογήσασθαι
824 4671 866 4724 τδν
879 4671 1035 4741 Δημοσθένην
1049 4670 1107 4741 πρὸς
1120 4671 1161 4732 οὓς
1239 4687 1271 4736 ρ,
1288 4668 1313 4720 5.
1333 4663 1368 4718 Ού
1386 4661 1433 4734 γδρ
1454 4663 1546 4733 μόνον]
1564 4659 1598 4712 Tb
1613 4653 1732 4731 σχῆμσίέ
1752 4645 1869 4715 έθαίέίέεωί
1881 4645 1912 4694 ⁶⁴⁹

385 4757 497 4820 εύνοίκῶς
509 4757 535 4811 έκ
544 4755 639 4810 πολλοῦ
650 4754 813 4824 τυγχάνουσιν
827 4749 941 4820 έχοντεςς
955 4751 986 4801 R.
1204 4745 1343 4799 πλεκτικόν.
1360 4745 1389 4795 Ρ.

420 4855 453 4903 9,
469 4839 495 4890 3.
515 4831 635 4906 Περίῶν]
650 4831 727 4904 ἤγουν
741 4837 788 4884 τῶν
810 4830 944 4900 χρημάτων
956 4827 997 4880 καί
1013 4832 1055 4879 τοῦ
1071 4830 1159 4898 συμφέ·
1239 4843 1266 4892 9,
1278 4841 1304 4892 7.
1321 4821 1439 4886 Λάόοιτε]
1458 4816 1597 4886 Ὀριστικίῦς
1605 4815 1647 4866 δεῖ
1655 4808 1761 4900 έκλαῦεῦν
1772 4791 1893 4900 τδλέύοιτιγ
1899 4775 1919 4828 ’θ’

384 4933 476 4983 ροντος·
491 4917 506 4966 δ
519 4913 567 4984 γδρ
584 4914 699 4984 παρέθετο
706 4909 756 4964 ’τοῦ
768 4911 928 4980 συμφέροντος
939 4905 971 4968 εἰς
983 4907 1158 4976 καταφρόνησιν
1204 4899 1228 4976 ᾖ·
1244 4904 1282 4954 δτι
1302 4899 1346 4952 ούιι
1359 4899 1467 4969 ὀφείλετε
1488 4895 1621 4965 λαμόάνειν
1639 4891 1701 4962 μόνα
1718 4905 1747 4938 τα
1762 4879 1804 4932 άπδ
1817 4873 1920 4936 ww

384 4994 439 5062 άγει
449 4993 490 5044 τόν
502 4991 622 5062 άκροατὴν
633 4995 676 5045 τοῦ
687 4993 816 5050 δοκοῦντος
827 4987 965 5048 ἐλάττονος.
983 4988 1008 5039 S.
1204 4979 1424 5050 σιμύουλεΰῠιτθς,
1440 4973 1505 5026 ἀλλὰ
1518 4973 1559 5024 καί
1569 4970 1606 5044 ,τί
1620 4969 1667 5022 (ἰδέ
1680 4969 1721 5019 τοῦ
1734 4951 1918 5090 “mx-[tm

419 5071 479 5124 Ὅτε
490 5071 585 5141 τοίνυν]
600 5071 634 5123 To
642 5071 800 5141 συμπέρασμα
813 5065 879 5122 εἶπεν
890 5066 955 5136 άφείς
968 5063 1011 5129 τὴν
1023 5068 1065 5117 τοῦ
1075 5083 1158 5133 προοι-
1206 5057 1404 5130 Ἐπέρχεταιγάρ
1416 5055 1457 5107 καί
1468 5053 1547 5123 τούτῳ
1557 5049 1639 5104 πολλὰ
1650 5053 1696 5102 τῶν
1709 5041 1747 5096 δεύ

385 5151 442 5223 μίου
466 5147 614 5213 κατασκευὴν
632 5148 670 5218 ύις]
683 5145 890 5216 ὡμολογημένην,
914 5143 1010 5197 BEHS.
1034 5139 1063 5193 ‘ll
1084 5160 1158 5195 κατα·
1204 5139 1233 5194 τὰ
1252 5141 1294 5204 τῆς
1305 5137 1418 5208 ύμετέρας
1428 5131 1545 5202 εύτυχίας.
1562 5129 1652 5182 BESP.
