3934 6350
654 479 735 540 κιιι.
759 480 862 540 111ιί
886 482 1055 546 ιιιιιιιιον.
1079 549 1085 562 ,
1594 510 1646 558 ιιι

43 604 115 674 γέας.
156 603 242 676 Φαμίν
254 604 280 658 δί
294 605 335 658 καί
344 603 415 676 ἡμεῖς
427 607 465 660 ότι
479 605 585 678 ἀσελγὴς
602 609 699 674 λέγεται
712 610 727 664 ό
743 608 775 680 μή
789 629 832 682 με·
877 603 1092 688 καταφρονήσανταΙ
1102 616 1173 669 ἔνεκα
1187 623 1235 672 τῶν
1249 619 1358 673 δικαίων·
1376 621 1493 693 ύμορεῖται
1507 624 1532 678 δὲ
1551 625 1605 688 τοίνς
1617 629 1653 679 δι-

45 685 133 752 τέχων
150 685 211 754 μήτε
225 685 376 752 δικαιοσύνης
398 687 458 756 μήτε
481 686 574 756 ἀρετῆς.
619 689 699 760 Σέλγη
718 691 765 761 γάρ
783 689 834 743 έστι
877 689 966 750 καστάς
979 689 1012 761 μή
1025 693 1134 764 χρήμασι
1146 698 1278 758 πεισθέντες
1291 701 1501 769 καταχαρίσωνται
1514 702 1556 755 τόν
1570 703 1654 774 ἀγῶνα

46 762 95 829 μία
108 761 181 823 πόλις
194 766 237 828 τῆς
257 763 412 834 Παμφυλίας,
429 763 454 826 έν
474 761 590 836 Ιήπιίντες
609 768 697 820 δίκαιοι
711 764 772 834 ἦσαν
794 770 834 822 καί
877 768 1021 839 τῷΜειδίᾳ.
1059 769 1100 836 Μή
1115 772 1195 842 λέγων
1205 771 1248 828 ούν
1262 783 1368 847 φανερῶς
1377 779 1499 848 θεραπεύει
1511 781 1540 834 τὀ
1549 781 1653 837 λυποῦν.

45 837 141 908 ἀρετῆς
164 839 305 911 ἀνάμεσται.
360 839 474 912 Ἀσελγής
497 838 575 897 ούνό
602 843 636 916 μή
661 847 769 916 μετέχων
792 851 834 913 τῆς
877 845 910 897 Εἰ
919 845 1056 918 δέόδῆμος
1072 849 1100 902 οὔ
1113 853 1252 922 προσήκατο
1268 855 1311 917 τάς
1321 856 1479 927 ύποσχέσεις,
1496 859 1548 912 οὔδ’
1562 860 1595 922 εἰς
1611 861 1653 914 τόν

45 919 159 988 Σέλγης.
631 957 635 966 -
877 925 983 980 πλοῦτον
997 927 1146 998 ἀπέόλεψεν,
1165 931 1221 986 οἰιδὲ
1241 937 1294 994 ταῖς
1307 936 1420 1004 φανεραῖς
1433 935 1591 1006 ἰιποσχέσεσιν
1609 937 1654 1004 ἰητκ

87 1000 152 1062 514,
169 1002 196 1060 4.
218 996 286 1068 Ἐγὼ
307 999 340 1062 δ’,
362 998 420 1068 όπερ
441 999 470 1050 ἂν
494 1001 535 1052 καί
552 999 619 1070 ύμῶν
643 1002 759 1073 ἕκαστος]
781 1000 835 1055 Ἐν·
877 1004 949 1071 τήθη,
963 1007 1032 1078 πόσῳ
1047 1007 1144 1077 μᾶλλον
1154 1008 1223 1079 ὑμεῖς
1236 1009 1425 1082 [οἰκίόφείλετε
1438 1013 1513 1084 κρύφα
1524 1019 1654 1086 γεγενημέ-

46 1078 137 1128 τεῦθεν
152 1077 288 1146 τὸπρῶτον
306 1077 376 1147 μέρος
391 1080 435 1130 τοῦ
452 1079 561 1148 δευτέρου
575 1081 658 1150 μέρους
680 1085 722 1146 τῆς
742 1083 832 1151 προτά·
877 1101 941 1148 ναιςς
955 1085 1017 1146 τίνες
1030 1085 1056 1139 δὲ
1073 1081 1135 1152 ἦσαν
1154 1087 1185 1140 αί,
1194 1089 1252 1158 πρδς
1263 1089 1305 1142 τδν
1318 1091 1395 1158 δῆμον
1408 1091 1562 1161 ὓποοχέοειςς
1583 1094 1654 1166 ἡμεῖς

47 1173 122 1216 σεως.
167 1151 454 1220 Ἐπειδήδὲδιαόάλλων
469 1155 502 1218 είς
516 1159 643 1224 δεινότητα
657 1157 730 1212 αἰτόν
746 1159 832 1212 όδίει-
877 1160 1031 1233 εἰσοίσομεν,
1053 1165 1244 1236 χορηγήσομεν,
1274 1169 1496 1239 τριηραρχήσομεν.
1547 1171 1603 1224 Ὅτι
1626 1173 1653 1226 δέ

47 1234 104 1294 δίας
118 1233 220 1305 ἔλεγεν,
232 1233 300 1288 ούδέν
311 1235 414 1288 πέπονθε
427 1235 522 1301 δεινόν,
538 1237 603 1288 ἀλλά
613 1241 644 1308 τῇ
658 1239 732 1310 τέχνη
741 1244 832 1310 θαρρῶν
875 1240 969 1310 ψευδεῖς
980 1242 1006 1293 αί
1025 1242 1180 1314 ὑποσχέσεις,
1201 1249 1294 1315 προϊών
1308 1265 1379 1316 φησιν
1405 1245 1474 1318 εἰμί
1492 1247 1571 1303 οἴεσθε
1593 1251 1652 1321 ύμῖν

48 1311 147 1382 ἐπαίρει
168 1312 198 1364 τί
219 1315 349 1384 πράγματα
370 1313 411 1366 καί
430 1313 461 1367 τά
482 1313 555 1384 μικρά
573 1315 669 1384 μεγάλα
691 1317 770 1378 ποιεῖ,
792 1315 832 1368 διὰ
879 1316 1035 1384 «εἰσοίσειν,
1050 1319 1112 1390 ύμᾶς
1127 1320 1153 1374 δέ
1165 1325 1324 1392 νεμεῖσθαι.»
1473 1341 1474 1344 ’

48 1395 127 1444 τοῦτο
141 1391 267 1445 ἐπιείκειαν
281 1393 322 1446 καί
335 1394 480 1463 μετριότητα
489 1393 640 1464 ύποκρίνεται
652 1393 749 1464 λέγων,
764 1395 778 1446 θ
792 1395 833 1448 καί
912 1397 973 1462 515,
989 1415 1015 1451 α.
1037 1398 1111 1451 Ἀλλὰ
1126 1404 1170 1470 μιᾷ
1187 1403 1291 1474 γνώμῃ]
1305 1402 1390 1464 ίλίδείς
1408 1405 1524 1474 διεσφάλη
1541 1410 1584 1458 τοῦ
1600 1411 1653 1477 πρέ-

48 1469 122 1538 ἰιμῶν
148 1471 248 1532 ἕκαστος
266 1473 294 1524 ἀν
315 1469 426 1538 ἐποίησεν
451 1471 585 1542 ἰιόρισθείς,
607 1476 680 1524 τοῖιτο
700 1471 769 1542 κάγὼ
790 1477 831 1525 νῖιν
875 1493 975 1540 ποντος,
989 1475 1066 1538 ούδεὶς
1076 1476 1183 1548 ἠγνόησε
1197 1479 1226 1531 τίι
1235 1479 1305 1540 εἰκός·
1319 1482 1373 1533 τότε
1385 1481 1563 1551 πρῶτονόπᾶς
1577 1485 1654 1554 δῆμος

49 1547 173 1616 έποίησα,
187 1549 202 1603 θ
216 1551 375 1621 νομιζόμενος
388 1549 477 1622 ῥήτωρ.
877 1557 931 1622 μιᾶς
949 1553 1044 1626 ἐγένετο
1067 1559 1168 1627 γνώμης
1176 1567 1193 1621 ,·
1207 1557 1241 1610 ἵν’
1271 1559 1371 1620 ἕκαστος
1391 1561 1583 1632 καταψηφίσηται
1607 1573 1652 1617 τοῦ

89 1628 153 1691 514,
172 1629 197 1682 5.
210 1630 289 1682 Τοῦτο
300 1629 341 1682 καί
353 1629 423 1690 αθτδς
432 1629 549 1699 έπυίησει]
566 1627 678 1682 Ἐκεῖνον
694 1629 736 1700 μέν
746 1649 831 1700 τυραν-
875 1630 992 1696 Μειδίου,
1008 1633 1166 1704 φοόούμενος,
1180 1635 1195 1700 ἢ
1208 1633 1397 1706 αἰσχυνούμενος
1409 1636 1525 1692 τάναντία
1538 1643 1590 1706 τοῖς
1606 1643 1652 1696 ἀλ·

51 1705 139 1770 νικδν,
163 1705 247 1760 έαυτίιν
261 1707 289 1761 δέ
301 1708 334 1768 ὡς
349 1707 393 1762 ἕνα
409 1713 456 1760 τῶν
471 1706 569 1760 πολλῶν
587 1705 687 1774 (ἀξιον)
702 1706 831 1760 έπεδεικνύ·
876 1706 929 1770 λοις
942 1715 1043 1779 γνῶναι.

52 1801 136 1852 μενος.
910 1785 1005 1840 Πολλοί
1019 1807 1059 1858 μοι
1076 1791 1230 1858 προσιόντες,
1246 1785 1362 1860 ὦάνδρες
1379 1792 1508 1863 δικασταί]
1528 1791 1651 1848 Ἀπέθανον

90 1863 154 1926 514,
173 1869 213 1915 16.
239 1863 285 1916 Καί
304 1861 477 1934 προύόαλόμην
499 1861 591 1916 ἀδικεῖν
608 1863 704 1916 τουτονί
722 1865 776 1934 περί
787 1863 831 1930 τὴν
876 1863 941 1924 έδοξε
953 1866 981 1917 τίι
995 1867 1074 1938 νόημα
1096 1869 1134 1920 δτι
1149 1868 1190 1920 καί
1204 1868 1227 1920 οἰ
1246 1869 1358 1922 δικασταί
1374 1869 1543 1940 παρωξύνοντο
1562 1873 1594 1936 εἰς
1607 1877 1650 1942 τὴν

51 1939 445 2012 ἑορτήν1Ἆντίτοῦείσήγαγον.
484 1939 579 2002 Ἔδειξε
597 1940 623 1994 δὲ
635 1941 661 1994 ἐκ
672 1942 757 1994 τούτου
768 1944 833 2006 τίνος
876 1945 1038 2014 κατηγορίαν,
1055 1944 1076 1998 εί
1091 1945 1123 2016 μὴ
1148 1946 1278 2016 προλαόὼν
1297 1947 1365 2009 εύθίις
1385 1949 1410 2001 έν
1424 1948 1489 2022 ἀρχῇ
1508 1952 1599 2013 πάντας
1619 1949 1648 2020 ήν

52 2021 130 2087 κρίνει
143 2019 185 2073 τίιν
199 2020 311 2073 Μειδίαν.
349 2021 384 2074 Ού
396 2020 443 2090 γάρ
455 2017 524 2074 εἶπεν
544 2019 656 2086 ἀσεόεῖν,
670 2021 727 2074 ἀλλ’
739 2022 831 2077 ἀδικεῖν
874 2020 949 2082 δείξας
961 2021 1123 2093 ὓὸρῑσμένους.

52 2097 109 2166 περί
121 2095 165 2162 τήν
178 2097 274 2168 έορτήν.
310 2100 389 2153 Τοῦτο
398 2099 424 2152 δὲ
439 2099 567 2169 δημόσιον.
582 2099 697 2168 Προύολή
709 2103 755 2172 γάρ
767 2101 830 2156 ἔστιν
911 2101 971 2166 515,
989 2119 1014 2169 7.
1033 2101 1074 2164 Ὧς
1096 2103 1138 2174 μέν
1159 2101 1214 2174 έμοί
1233 2105 1316 2176 δοκεῖ]
1335 2104 1466 2159 Ἐντεῦθεν
1485 2106 1500 2173 ἢ
1517 2110 1650 2176 κατασκευὴ

52 2176 135 2246 ὄνομα
148 2177 215 2244 δίκης
227 2176 288 2230 κατὰ
301 2183 350 2230 τῶν
363 2177 418 2246 περί
431 2175 474 2242 τήν
489 2175 574 2245 έορτήν
586 2175 745 2234 ἀδικούντων,
875 2182 917 2231 τοῦ
931 2181 1039 2251 δευτέρου
1055 2183 1139 2252 μέρους
1150 2185 1193 2249 τῆς
1208 2185 1354 2254 προτάσεως.
1392 2185 1426 2236 Tb
1440 2185 1557 2240 ἀπίθανον
1572 2189 1598 2241 δὲ
1609 2195 1652 2256 τῆς

90 2255 152 2318 514,
169 2273 196 2324 7.
217 2255 252 2307 Οθ
270 2257 346 2327 μόνον
370 2255 479 2326 πληγάς]
497 2253 621 2307 Ἐντεθθέν
641 2254 705 2308 ἐστιν
720 2256 739 2322 ἡ,
757 2276 831 2311 κατα-
874 2259 1010 2326 προτάσεως
1021 2261 1086 2332 όρκῳ
1100 2261 1210 2326 διέλυσε,
1225 2262 1265 2314 καί
1274 2263 1318 2314 ἵνα
1334 2263 1368 2333 μή
1381 2281 1443 2316 τισιν
1457 2263 1565 2335 ἐπίορκος
1573 2268 1649 2340 δόξῃ,

52 2331 126 2399 σκευὴ
140 2337 184 2386 τού
196 2336 292 2405 πρώτου
304 2336 388 2406 μέρους
400 2338 442 2400 τῆς
453 2335 598 2404 προτάσεως.
619 2334 664 2386 Διά
674 2335 715 2405 μὲν
728 2335 775 2406 γάρ
789 2343 831 2392 τοῦ
875 2335 903 2388 τό
918 2339 1079 2406 στοχαστικδν
1090 2341 1246 2410 προσέθηκεν.

52 2413 135 2482 λέγειν
152 2437 162 2462 α
181 2416 233 2476 τοῖς
244 2415 377 2476 Διονυσίοις
392 2435 403 2463 ι
416 2415 528 2466 συνάπτει
543 2414 572 2466 τδ
584 2414 712 2483 δημόσιον.
744 2417 790 2468 Καί
803 2418 831 2472 τὸ
912 2415 973 2480 515,
990 2433 1030 2472 10.
1046 2417 1091 2471 Ὃν
1107 2417 1145 2472 έπί
1156 2425 1204 2472 τῶν
1219 2419 1304 2471 ἀλλων
1320 2417 1463 2492 ἐτεθέαντο]
1477 2419 1595 2493 Ἀντικρίις
1612 2424 1651 2476 διὰ

56 2493 154 2561 «βίαια
164 2492 189 2544 δὲ
200 2494 284 2546 παθὼν
295 2491 360 2564 παρίι
373 2494 452 2546 πᾶσαν
464 2489 508 2556 τήν
522 2492 642 2561 χορηγίαν
658 2493 755 2556 ιοθτως
767 2494 830 2566 ἔχει.
875 2494 967 2548 τούτων
983 2495 1113 2550 αἰνίττεται
1127 2496 1170 2550 τὸν
1183 2498 1311 2568 τύραννον.
1347 2497 1380 2550 Εἰ
1394 2497 1441 2569 γίιφ
1463 2497 1487 2552 έν
1501 2501 1652 2572 δημοκρατίᾳ

52 2571 177 2637 Συνῆπται
192 2571 240 2642 γάρ
257 2571 330 2624 πάλιν
343 2569 518 2642 ἀμφότερακαὶ
536 2569 564 2622 τό
583 2569 644 2624 ίδιον
660 2571 700 2623 καί
715 2572 743 2624 τό
754 2574 831 2644 δημό-
875 2575 923 2634 ζῶν
934 2571 978 2625 οίικ
993 2572 1045 2628 ἔστι
1065 2575 1194 2640 καθεκτδς,
1214 2576 1238 2628 τί
1252 2574 1315 2627 ἀλλο
1335 2575 1351 2640 ἢ
1366 2576 1480 2645 τύραννος
1496 2577 1510 2630 ό
1527 2584 1648 2642 τοιοῦτοςς

53 2667 119 2704 σιον.
166 2650 245 2713 Δόξειε
258 2651 280 2701 δ’
295 2651 324 2701 έν
338 2649 371 2712 ώς
389 2648 490 2700 έλαττσν
507 2647 644 2718 προτιθέναι
661 2648 690 2700 τδ
706 2654 754 2702 τιῗιν
768 2651 830 2720 πλη·
875 2651 985 2722 προσθείς
999 2653 1065 2706 δίτίι
1079 2652 1199 2706 ἰδιωτικδν
1214 2660 1248 2725 τῷ
1262 2654 1315 2706 καθ’
1328 2653 1413 2707 ἑαυτὸν
1427 2656 1544 2709 ότιδεινά
1563 2661 1650 2712 πέπον-

54 2733 116 2796 γῶν.
129 2727 201 2797 Ἔχει
214 2728 239 2781 δέ
251 2726 298 2798 ούχ
309 2728 392 2789 ούτως,
406 2725 471 2778 ἀλλά
483 2725 522 2778 διά
531 2729 573 2792 τῆς
581 2725 692 2794 τοιαύτης
703 2729 832 2792 συνθέσεως
876 2730 925 2794 θεν,
942 2727 1050 2799 ἐπήγαγε
1065 2731 1093 2783 τό
1104 2733 1236 2802 δημόσιον,
1252 2733 1289 2784 ότι
1301 2732 1342 2786 καί
1352 2732 1410 2803 ύπίρ
1424 2740 1471 2787 τῶν
1482 2735 1566 2788 ἄλλων
1581 2735 1652 2802 ἠθού-

54 2805 199 2860 ἀντιπῖπτον
212 2805 370 2876 ἰιποτέμνεται
391 2804 432 2856 καί
449 2803 549 2875 προλύει
571 2804 599 2857 τδ
614 2806 829 2876 συγγνωμονικόν,
875 2807 945 2860 λεσθε
959 2809 1027 2875 δίκην
1043 2809 1138 2862 λαόεῖν.
1463 2807 1483 2846 ⁸

55 2887 94 2938 δτι
106 2887 137 2936 δι’
149 2883 225 2956 όργήν
238 2885 339 2952 ἔπληξε.
376 2883 409 2936 Et
418 2882 465 2954 γὰρ
481 2882 523 2936 καί
536 2882 601 2934 άλλα
614 2883 697 2936 πολλὰ
710 2885 752 2938 καί
766 2886 831 2955 βίαια
911 2885 971 2951 515,
990 2903 1031 2940 11.
1042 2885 1113 2940 Οίίτω
1126 2886 1153 2938 δέ
1166 2887 1257 2954 τούτων
1269 2887 1377 2956 έχόντων
1386 2889 1397 2959 ]
1407 2887 1441 2940 Ού
1453 2890 1563 2960 δεύτερον
1578 2896 1650 2944 τοῦτο

54 2964 97 3016 καί
111 2965 156 3034 πρὸ
173 2969 214 3030 τῆς
228 2963 312 3034 ἑορτῆς
325 2963 440 3029 πεποίηκε
456 2961 577 3032 πρόδηλον
590 2962 628 3014 ότι
649 2959 676 3014 ού
692 2963 723 3014 δι’
739 2963 829 3034 όργὴν,
877 2965 1022 3035 προοίμιον,
1044 2965 1077 3026 ώς
1100 2983 1162 3026 τινες
1183 2965 1315 3036 ᾠήθησαν,
1335 2964 1399 3017 ἀλλὰ
1418 2969 1576 3039 συμπέρασμα
1601 2975 1649 3022 τῶν
1700 3005 1702 3010 -

55 3041 113 3094 ἀλλ’
124 3041 150 3094 έκ
163 3043 286 3113 προνοίας,
876 3043 992 3112 κειμένων
1010 3041 1035 3094 έν
1052 3047 1087 3114 τῷ
1095 3045 1185 3113 πρώτῳ
1198 3045 1263 3114 μέρει
1279 3047 1321 3096 τοῦ
1336 3045 1473 3116 προοιμίου.
1488 3047 1648 3104 BFRSTCV,

92 3123 151 3186 514,
166 3141 191 3190 9,
208 3119 307 3187 Ἐπειδὴ
321 3120 347 3174 δέ
357 3119 438 3181 καλῶς
456 3119 497 3172 καί
513 3119 544 3172 τὰ
565 3121 646 3174 δίκαια
659 3125 749 3194 ποιῶν]
775 3121 831 3176 Ἐς.
874 3119 960 3172 Τοίνυν
973 3118 1081 3173 έντεῦθέν
1094 3118 1145 3174 ἰστι
1155 3121 1183 3172 τδ
1202 3120 1361 3191 συμπέρασμα
1374 3126 1420 3174 τοῖν.
1434 3123 1577 3192 προοιμίου,
1595 3120 1619 3174 έν
1629 3121 1651 3194 ᾧ

54 3202 136 3254 τεῖιθεν
148 3201 176 3253 εδ
195 3201 305 3271 δεύτερον
325 3203 369 3253 τοῖι
391 3200 501 3269 δευτέρου
523 3201 608 3270 μέρους
621 3203 664 3266 τῆς
685 3203 830 3270 προτάσεως.
875 3197 925 3250 ἰστι
941 3198 982 3250 καί
998 3197 1014 3265 ἡ
1028 3199 1152 3269 προσοχή.
1199 3198 1311 3268 Ἐχειδέ
1334 3203 1481 3266 κατασκευῆς
1498 3199 1600 3272 δύναμιν
1622 3205 1650 3255 τ“ο

54 3279 148 3348 Σχεδὸν
173 3279 199 3332 δὲ
220 3281 301 3349 ὥσπερ
319 3277 451 3331 ἀσύστατον
476 3277 517 3332 καί
545 3282 669 3348 μονομερῆ
693 3279 830 3344 τὸνλόγον
874 3275 1014 3329 τελευταῖον
1028 3278 1098 3347 μέρος
1117 3278 1312 3348 τοῦπροοιμίου.
1360 3277 1407 3330 Δύο
1424 3279 1471 3350 γάρ
1491 3279 1550 3334 εἰσιν
1570 3280 1595 3334 έν
1616 3288 1652 3353 τῷ

55 3357 222 3430 ἀπεργάζεται.
235 3357 267 3411 Εἰ
277 3357 324 3428 γάρ
334 3357 418 3428 φθάνει
428 3358 672 3427 προκατεγνωσμένος
682 3357 728 3411 ίιπδ
743 3361 830 3422 παντδς
874 3353 944 3426 λόγῳ
960 3355 1169 3425 προκατασκευαίι
1188 3355 1231 3425 μία
1249 3355 1292 3426 μέν
1312 3357 1375 3408 ὥστε
1390 3355 1422 3426 μὴ
1438 3355 1558 3410 ἰδιωτικὸν
1580 3379 1650 3430 κομι·

54 3441 98 3488 τοῦ
113 3436 204 3506 δήμου,
219 3435 341 3505 πρόδηλον
356 3435 394 3486 ότι
407 3433 519 3504 οὐδεμίαν
538 3433 590 3503 ἔχει
604 3432 751 3505 ἀπολογίαν.
788 3438 833 3488 Δεῖ
874 3433 961 3499 σθῆναι
974 3433 1016 3486 τίν
1027 3433 1128 3502 ἀγῶνα,
1149 3435 1179 3500 ἢν
1194 3433 1234 3486 διά
1254 3437 1296 3500 τῆς
1315 3433 1478 3504 ἀναγνώσεως
1495 3442 1544 3490 τῶν
1567 3441 1649 3508 νόμων

53 3514 81 3567 δέ
91 3515 133 3567 τδν
145 3514 297 3584 κατήγορον,
312 3513 356 3564 κάν
370 3509 403 3581 μὴ
420 3510 496 3572 οὕτως
515 3509 563 3583 ἔχῃ
575 3510 605 3564 τά
621 3513 765 3584 πράγματα,
783 3535 832 3570 πει-
874 3512 1061 3576 κατεσκιεύασεν,
1075 3511 1143 3582 έτέρα
1156 3511 1182 3564 δί
1195 3514 1258 3564 ίίιστε
1271 3510 1304 3583 μὴ
1318 3515 1457 3576 πεισθέντας
1474 3513 1529 3576 τοίις
1537 3517 1651 3580 δικαστὰς

54 3593 140 3662 ρᾶσθαι
152 3593 275 3663 μονομερῆ
287 3589 330 3642 τδν
344 3588 421 3660 λόγον
430 3591 525 3654 ποιεῖν,
535 3591 578 3642 ἵνα
586 3590 611 3643 οἱ
627 3593 739 3646 δικασταί
750 3595 782 3657 ώς
794 3595 830 3666 ἐφ’
873 3589 1004 3657 προδοῦναι
1015 3589 1058 3641 τὀν
1072 3587 1165 3658 ἀγῶνα.
1203 3589 1301 3642 Τούτων
1313 3588 1361 3659 γάρ
1375 3589 1491 3660 ὁπότερον
1508 3594 1536 3644 έίν
1549 3595 1648 3666 συμόῇ,

54 3671 259 3741 ὁμολογουμένοις
274 3669 495 3738 καταψηφίσωνται.
874 3663 971 3735 οίχεται
984 3665 1014 3718 τίι
1023 3670 1066 3730 τῆς
1081 3665 1227 3735 κατηγορίας
1243 3671 1278 3736 τῷ
1292 3665 1394 3736 ῥήτορι,
1411 3668 1453 3719 καί
1463 3668 1503 3720 διά
1514 3675 1587 3723 τοῦτο
1602 3693 1648 3742 μα-

91 3749 151 3812 m,
169 3766 211 3803 10.
230 3745 259 3800 ‘0
276 3747 354 3817 δῆμος
375 3747 449 3814 ἅπας]
468 3745 602 3800 Κάνταῦθα
622 3748 695 3802 πάλιν
710 3748 829 3804 ἀντίθεσιν
874 3744 987 3814 πρότερον
1001 3745 1073 3796 δοκεῖ
1081 3744 1228 3812 γεγενῆσθαι
1237 3743 1265 3796 τίι
1276 3745 1420 3815 προοίμιον,
1433 3747 1497 3798 ώστε
1510 3743 1554 3811 τήν
1569 3747 1649 3801 έπιθυ-

54 3828 209 3898 προλέλυκεν,
247 3826 314 3893 Φησί
322 3825 370 3896 γὰρ
382 3825 396 3877 ό
408 3825 507 3886 Μειδίας
519 3828 563 3896 (p.
579 3825 640 3896 577,
653 3829 688 3895 4)
698 3827 735 3880 ότι
747 3847 831 3898 χορεο.
874 3822 930 3892 μίαν
944 3819 988 3887 τήν
1003 3821 1065 3874 κατά
1074 3821 1105 3874 τά
1115 3821 1231 3892 χρήματα
1246 3823 1541 3885 τῶνδικαστῶνέξελεῖν.

54 3907 95 3959 ταί
104 3907 143 3959 καί
154 3906 215 3968 ξένοι
229 3905 269 3957 καί
280 3903 387 3957 τοιοῦτοί
401 3921 463 3964 τινες
477 3907 720 3974 κατεχειροτόνησαν.
762 3905 791 3960 '0
804 3909 829 3961 δέ
909 3904 969 3970 515,
986 3921 1026 3957 12.
1040 3903 1109 3958 Ὅσα
1124 3904 1167 3976 μὲν
1180 3899 1241 3976 σύν]
1255 3907 1378 3959 τουτέστιν
1392 3907 1503 3973 ἐπείσθην
1517 3908 1584 3979 ύμῖν.
1604 3911 1650 3962 Ιίαί

54 3988 182 4056 προλαόών
193 4003 264 4056 φησιν
279 3985 317 4036 ότι
330 3983 344 4036 ό
356 3984 433 4054 δῆμος
444 3981 521 4046 άπας,
532 3983 573 4034 καί
587 3983 705 4035 δείκνυσιν
716 3982 744 4034 ού
754 3986 829 4054 μόνον
873 3991 1016 4055 κατηγορῶν
1036 3985 1117 4038 πάντα
1137 3985 1206 4045 δείξω
1228 3987 1395 4055 τετηρημένα,
1411 3985 1439 4038 ού
1454 3984 1581 4055 προύδωκα
1604 3987 1648 4054 τήν

54 4067 96 4118 τὀν
109 4067 202 4136 δῆμον,
218 4063 283 4116 ἀλλὰ
297 4062 338 4116 καί
348 4063 403 4122 τοίις
420 4061 533 4122 δικαστὰς
549 4061 622 4114 αἰτοῦ
636 4063 827 4132 κατεγνωκότας.
873 4064 1020 4132 κατηγορίαν
1033 4061 1064 4113 δι’
1078 4061 1154 4132 ύμᾶς,
1171 4059 1226 4114 ούδέ
1239 4061 1362 4132 χρήμασιν
1379 4062 1500 4130 ἐπείσθην.
1540 4062 1582 4130 δίή
1601 4067 1650 4118 τοί-

55 4145 86 4197 Εἰ
99 4144 145 4214 γίιρ
166 4145 235 4214 μέρος
250 4143 273 4194 οί
290 4141 400 4194 δικασταί
413 4145 456 4192 τοῦ
478 4140 573 4211 δήμου,
593 4139 716 4209 πρόδηλον
735 4142 829 4194 ότικά-
873 4159 913 4192 νυν
928 4139 984 4209 μηδ’
998 4138 1076 4209 ύμεῖς.
1115 4139 1161 4190 ίίαί
1177 4139 1205 4192 τδ
1218 4140 1261 4212 μὲν
1272 4138 1408 4195 ἀκόλουθον
1420 4147 1493 4196 τοῦτο
1507 4139 1546 4208 ἦν.
1583 4142 1648 4199 Ὁδὲ

54 4228 130 4278 κεῖνοι
145 4223 354 4294 συγκατέγνωσαν.
873 4217 1038 4284 ἀπεσιώπησεν
1059 4217 1117 4289 ύπέρ
1134 4223 1178 4270 τοῦ
1197 4219 1229 4290 μὴ
1243 4221 1371 4291 προδήλως
1391 4221 1526 4291 ἐξελέγχειν
1541 4222 1596 4284 τοίις
1616 4225 1650 4274 δι-

91 4305 150 4366 514,
169 4319 210 4355 11.
227 4299 273 4352 ίίαί
282 4298 387 4369 σφόδρα]
398 4296 453 4350 Ἵνα
467 4294 524 4368 δόξη
536 4296 712 4365 κατεγνωκέναι
726 4295 740 4348 ό
752 4298 829 4369 δῆμος
873 4299 971 4360 καστάς.
1008 4297 1222 4368 Φιλονεικοτέρους
1232 4298 1281 4370 γάρ
1293 4301 1322 4351 ἀν
1334 4298 1422 4360 αθτοίις
1435 4301 1590 4366 κατέστησεν.

57 4405 68 4430 ι
86 4381 125 4433 καί
137 4381 228 4451 σφόδρα
242 4401 256 4428 ν
271 4377 322 4447 μετ’
337 4375 467 4436 ἐπιτάσεως
476 4373 545 4438 εἰπε,
562 4373 602 4425 καί
616 4375 653 4426 ότι
669 4373 697 4426 ού
709 4375 827 4445 δεινότητι
908 4379 968 4441 515,
985 4381 1024 4440 14.
1042 4376 1141 4442 Ἐπειδή
1152 4396 1187 4438 τις
1201 4377 1308 4449 εἰσάγει]
1323 4378 1392 4432 ίίίετίι
1401 4377 1449 4447 γάρ
1463 4379 1491 4431 τδ
1505 4377 1649 4450 ἀποκληρω-

53 4465 87 4532 ςῇ
100 4459 146 4531 ἐμῇ
157 4457 305 4528 παραχθείς,
319 4480 330 4501 ι
345 4455 380 4525 ἐφ’
391 4451 427 4516 οίς
443 4453 582 4526 ἠδικημένη)
594 4473 644 4524 μοι.
663 4477 673 4502 ι
873 4460 943 4524 θῆναι
956 4457 984 4509 τδ
998 4457 1150 4527 δικαστήριον
1161 4456 1267 4511 ίδίδοντο
1280 4461 1330 4522 τοῖς
1346 4459 1498 4530 θεσμοθέταις
1510 4459 1535 4512 αί
1548 4461 1647 4530 γραφαί,

91 4539 149 4601 514,
166 4553 206 4588 ια.
220 4533 296 4586 Ὥστε
305 4534 382 4586 πάντα
391 4536 516 4592 ποιοῦντος
529 4533 735 4602 τούτου]Σφόδρα
748 4533 829 4602 βιαίως
872 4535 979 4590 κάκεῖνοι
993 4534 1094 4605 ἠρώτων
1108 4535 1210 4598 λσιπίιν,
1228 4536 1309 4606 βούλει
1321 4537 1484 4606 κατηγορεῖνς
1499 4537 1514 4602 ἢ
1531 4539 1650 4608 μάρτυρας

53 4615 85 4670 υἰι
102 4617 174 4686 μόνον
187 4611 301 4673 δικαστὰς
312 4611 353 4663 καί
365 4611 461 4680 δῆμον,
472 4609 537 4662 ἀλλά
551 4611 592 4662 καί
605 4610 678 4662 αὐτὸν
693 4609 777 4664 ἑαυτοῦ
789 4631 829 4664 κα·
872 4613 937 4685 ἔχεις
949 4613 981 4676 εἰς
991 4613 1033 4675 τίις
1044 4613 1173 4675 ἀποδείξεις
1188 4613 1312 4685 έτοίμουςς
1328 4615 1369 4668 καί
1380 4614 1401 4666 εἰ
1412 4616 1558 4684 συνέφησεν,
1573 4615 1649 4678 οίέτως

52 4695 191 4766 τεγνωκότα
206 4692 346 4758 πεποίηκεν.
396 4689 425 4740 Εἰ
442 4689 489 4760 γάρ
502 4690 542 4740 καί
563 4689 679 4754 ἱκέτευεν,
703 4691 827 4760 πρόδηλον
872 4693 917 4761 ήδη
932 4693 1018 4746 λοιπδν
1033 4692 1153 4764 εἰσήγετο.
1192 4685 1333 4747 Τοῦτόέστι
1351 4694 1379 4747 τό
1397 4693 1478 4759 ἐπειδή
1494 4713 1528 4756 τις
1545 4695 1645 4766 εἰσάγει.

51 4773 92 4823 ότι
102 4772 250 4840 κατέγνωκεν
263 4767 359 4820 ἐαυτοῦ.
382 4765 416 4818 Τδ
431 4765 477 4835 γάρ
487 4765 599 4818 ίκετεύειν
612 4771 659 4818 τῶν
671 4765 826 4822 ἑαλωκότων.
873 4772 1001 4841 Ἄρχοντες
1012 4770 1039 4822 δέ
1059 4766 1120 4836 ήσαν
1140 4771 1164 4823 οἰ
1178 4770 1211 4823 ἐν
1227 4771 1320 4843 ἑκάστῳ
1339 4771 1486 4842 δικαστηρίῳ
1503 4771 1546 4833 τάς
1561 4775 1648 4844 κρίσεις

89 4849 213 4902 ίίσίτινων
230 4844 486 4916 άλλωνύπίραύτοῦ]
502 4844 682 4914 ίίροδεαόάλλει
696 4846 750 4906 τοίις
771 4849 828 4917 μάρ-
871 4848 1015 4919 εἰσάγοντες.
1066 4847 1198 4920 Εἰσαγωγὴ
1216 4852 1263 4920 γάρ
1285 4849 1348 4904 ἐστιν
1374 4849 1496 4916 Ἀθήνησιν
1516 4849 1579 4920 ἀρχή
1599 4857 1648 4904 τῶν

50 4947 121 4996 τυρας
129 4931 170 4980 τοῦ
180 4927 280 4980 Μειδίου
291 4925 323 4986 ὡς
332 4924 373 4976 καί
383 4923 467 4985 αύτούς
478 4925 716 4994 συγκατεγνωκότας.
730 4925 826 4994 Προϊὼν
871 4927 900 4980 τά
915 4926 1058 4997 ἐγκλήματα
1073 4926 1231 4998 εἰσαγόντων.

51 5009 100 5080 γάρ
109 5025 193 5076 φησιν,
212 5029 222 5054 ι
235 5005 371 5074 Εὐκτήμων
386 5003 400 5056 δ
414 5003 537 5073 κονιορτίις
555 5003 596 5055 καί
614 5004 712 5069 τοιαύτη
727 5006 762 5065 τίς
777 5004 827 5058 έστι
907 5007 967 5070 515,
989 5007 1030 5058 15.
1050 5005 1136 5056 Πολλὰ
1151 5004 1208 5075 μὲν,
1223 5001 1245 5059 ὦ
1259 5005 1341 5076 άνδρες
1364 5003 1501 5077 Ἀθηναῖοι]
1517 5007 1645 5077 Πόρρωθεν

54 5115 65 5138 ι
85 5089 134 5158 περί
145 5087 217 5140 αἰιτόν
232 5086 359 5156 μαρτύρων
382 5089 521 5137 συνεστῶσα
539 5081 639 5150 ἑταιρία.
661 5105 670 5131 ν
685 5083 738 5144 ίίῶς
750 5078 825 5154 [οὖν]
871 5083 997 5154 ἀποτρέπει
1010 5089 1052 5136 τοῦ
1065 5082 1192 5153 λήμματος
1203 5082 1258 5144 τούς
1269 5085 1389 5145 δικαστάς.
1400 5083 1433 5138 Εἰ
1446 5083 1492 5155 γάρ
1503 5083 1553 5155 έγὼ
1565 5086 1647 5141 πολλὰ

52 5167 164 5219 δύνανται
178 5163 273 5230 τάληθῆ
290 5165 419 5233 μαρτυρεῖν
433 5162 456 5235 οί
472 5162 523 5231 μετ’
538 5159 611 5214 αὐτοῦ
621 5161 824 5226 συνικετεύοντεςς
870 5163 1003 5232 λαμόάνων
1017 5161 1061 5215 οἰκ
1071 5160 1202 5231 ἐδεξάμην,
1215 5168 1265 5224 πῶς
1278 5163 1347 5234 ύμεῖς
1357 5163 1447 5234 ὀλίγας
1460 5165 1583 5234 πρόδηλον
1599 5165 1646 5236 γάρ

92 5246 148 5311 515,
168 5263 189 5300 1,
204 5244 254 5297 Ούκ
275 5243 390 5318 έπείσθη]
405 5242 570 5296 Ἐπαινεῖτδν
590 5243 714 5312 δῆμονώς
728 5243 825 5296 πάντων
870 5243 907 5296 ότι
921 5241 956 5294 ένί
971 5241 1013 5312 μὲν
1028 5241 1107 5304 διδοίις
1121 5241 1162 5294 καί
1177 5241 1241 5314 αύτῷ
1256 5247 1293 5314 τῷ
1307 5242 1435 5296 πεπονθότι
1448 5243 1530 5296 πολλὰ
1542 5243 1646 5310 ἠδύνατο
