3934 6350
276 266 333 316 672
814 255 955 316 ΣΧΟΑΙΑ
979 257 1041 316 ΕΙΣ
1063 257 1341 318 ΔΗΜΟΣΘΕΝΗΝ.

273 386 366 437 κτεῖναι
389 385 444 446 τούς
464 384 615 454 ύύρίσαντας.
658 385 729 455 Ἐγὼ
748 385 774 438 δὲ
792 385 817 438 ἐν
843 387 936 458 θεάτριμ
957 388 1053 440 πάντων
1102 407 1150 458 μην
1172 387 1302 456 ἐσχηκέναι
1317 387 1421 454 δηλαδή.
1443 390 1472 442 P.
1511 388 1586 460 Νίμει
1603 395 1638 460 τῷ
1655 391 1813 460 πεφονευκότι
1825 409 1885 462 συγ·

273 463 382 516 ἐναντίον
398 471 446 518 τῶν
469 463 608 530 Ἑλλήνων,
628 464 669 516 καί
684 459 712 516 ού
726 465 808 530 πολλὴ
827 462 857 532 ήν
873 465 966 536 ἀνάγκη
987 468 1054 536 βαδί·
1100 469 1214 538 γνώμην,
1228 469 1271 520 ἵνα
1284 466 1317 538 μὴ
1330 470 1414 535 δοκοίη
1430 468 1501 532 αύτδς
1512 469 1552 532 διὰ
1563 469 1592 522 τό
1602 471 1748 524 πεπονθέναι
1757 470 1851 540 λέγειν.

272 544 333 604 ζειν,
352 541 499 613 ἐτυπτόμην,
519 541 576 592 ἀλλ’
599 544 666 613 ὅμως
684 543 727 596 ούκ
740 543 879 614 ήμυνάμην.
917 545 1010 597 Ούκούν
1030 546 1055 598 ἐν
1139 547 1205 611 538,
1221 552 1265 600 26.
1280 548 1334 616 Ma}
1348 551 1424 618 μόνον
1434 548 1528 600 ἁλῶναι
1538 549 1628 620 ψήφῳ]
1642 550 1748 621 Περιττῇ
1758 549 1884 616 δηλονότι,

272 619 365 680 τούτοις
376 618 477 686 ηύξησεν
490 621 506 670 ύί
517 621 634 674 πέπονθεν
649 621 729 682 αύτός.
1101 621 1156 678 οἷον
1172 625 1194 678 εί
1212 627 1299 696 τύχοι,
1321 628 1451 696 τριάκοντα
1470 626 1614 698 ἀκομίζοντο
1625 629 1679 680 κατ’
1698 628 1773 681 αύτοίι
1792 629 1835 681 καί
1849 648 1886 682 το-

309 698 370 767 537,
384 715 428 752 20.
444 697 536 750 Ἴσασιν
547 699 659 750 Εύαίωνα
671 699 777 770 πολλοί]
787 701 930 770 Μέμφονται
942 705 1015 754 τούτο
1024 702 1057 764 ὡς
1100 709 1187 758 σαῦται
1198 705 1255 775 ύπὲρ
1268 705 1350 760 αύτοθ.
1388 705 1482 758 Ούκούν
1493 706 1517 757 αί
1527 709 1772 778 καταγιγνώσκουσαι
1782 706 1830 760 ύπδ
1838 713 1884 760 τῶν

272 775 369 846 ἀσαφῶς
380 776 578 848 ἀπηγγελμένον.
612 777 714 844 Ἄδηλον
727 779 774 850 γάρ
787 780 822 840 τίς
836 779 849 831 ό
862 780 982 846 τυπτήσεις
994 781 1009 846 ἢ
1022 782 1057 843 τίς
1100 781 1186 852 ἑτέρων
1201 781 1348 844 ἐξωθοῦντα·
1363 783 1384 837 εί
1396 783 1421 836 δέ
1433 785 1477 854 μία
1492 785 1573 838 λείποι
1584 787 1637 846 ταῖς
1650 783 1883 854 ἀπογινωσπώσαις,

272 856 286 908 ό
299 858 421 926 φονευθείς
430 857 471 910 καί
479 859 580 927 πότερον
591 854 733 924 Βοιωτδςήν
744 859 758 910 ὁ
771 859 936 926 ἀποκτείναςή
949 859 1053 913 Εύαίων.
1099 861 1229 928 ἡλίσκετο,
1243 865 1306 915 ὥστε
1319 863 1406 934 μικράν
1420 864 1514 916 διδόναι
1525 865 1653 935 τιμωρίαν.

270 935 354 990 Αἴτιον
368 937 394 990 δέ
409 943 452 1004 τῆς
465 937 579 1008 ἀσαφείας
598 937 625 989 τό
644 937 815 1009 ὁμοιόσχημον
830 943 872 1006 τῆς
893 939 1044 1010 ἀπαγγελίας
1134 940 1196 993 Ούτε
1221 940 1378 1012 κλαύσαντα]
1405 941 1518 1012 Ἔμελλε
1535 943 1583 1014 γάρ
1603 941 1713 1012 δακρύων
1734 940 1824 1012 όλίγου
1842 939 1883 1006 τήν

271 1017 412 1088 Πάνταγάρ
423 1017 453 1070 τά
462 1017 573 1086 ὀνόματα
583 1016 645 1069 κατάι
655 1023 746 1070 πτῶσιν
757 1017 891 1082 αἰτιατικὴν
902 1018 1053 1088 προήγαγεν.
1099 1021 1220 1091 σωτηρίαν
1242 1021 1397 1086 ὠνήσασθαι,
1419 1022 1461 1074 καί
1481 1020 1589 1088 ἀπῆλθεν
1613 1023 1642 1074 ἂν
1661 1020 1730 1090 έχων
1748 1017 1795 1086 τήν
1817 1022 1883 1088 νίκην

308 1098 376 1167 537,
394 1099 438 1150 23.
453 1096 515 1149 Ούδέ
526 1097 555 1148 τό
567 1097 696 1149 τύπτεσθαι
710 1099 761 1158 τοῖς
776 1095 926 1168 ἐλευθέροις]
945 1097 1054 1158 Ἔδειξεν
1101 1099 1162 1170 μετά
1175 1098 1219 1165 τήν
1231 1101 1323 1166 δέησιν.

273 1176 312 1226 ὅτι
324 1179 368 1227 τού
382 1175 489 1228 καθόλου
504 1175 545 1228 καί
558 1179 657 1244 γενικοθ
674 1174 772 1241 αὔξησιν
787 1178 907 1241 ποιεῖται,
923 1177 1053 1245 συνεμφαί·
1136 1181 1201 1244 538,
1216 1197 1260 1249 29,
1274 1179 1363 1250 θῶμεν
1373 1180 1454 1233 τοίνυν
1464 1177 1570 1250 ούτωσί]
1579 1177 1709 1241 'Bistam
1720 1178 1765 1244 τήν
1774 1180 1882 1234 διάνοιαι

275 1269 310 1304 νει
323 1252 348 1305 δὲ
363 1252 432 1306 ούδέν
444 1247 517 1318 ήττον
532 1251 557 1306 ἐν
568 1259 604 1324 τῷ
614 1254 720 1307 καθόλου
732 1255 761 1308 τό
778 1255 832 1308 καθ’
846 1254 930 1308 αύτόν.
968 1255 1055 1307 Καίτδ
1099 1263 1148 1310 τῶν
1162 1257 1332 1310 κολασάντων.

269 1328 306 1400 ἐφ’
317 1329 383 1400 θύρει
394 1331 421 1383 δέ
432 1331 512 1393 καλῶς
523 1333 680 1402 προσέθηκεν.
1135 1338 1201 1405 539,
1219 1354 1244 1390 τ.
1263 1337 1451 1408 Ιίαταγνόντας]
1468 1337 1719 1408 Καταήιηφεσαμένους.
1736 1338 1763 1390 S.

308 1409 376 1478 537,
392 1411 436 1462 25.
454 1410 542 1462 Πολλά
557 1411 604 1481 γάρ
617 1412 739 1478 ποιήσειεν
752 1411 766 1464 ό
780 1411 874 1465 τύπτων
885 1415 895 1480 ]
906 1413 1055 1466 Διατυπώσει
1136 1417 1196 1484 539,
1212 1432 1238 1468 2.
1260 1413 1324 1466 Ἀλλ’
1337 1415 1375 1466 ότι
1389 1418 1475 1466 τοῦτον
1490 1415 1532 1466 τόν
1545 1415 1653 1483 τρόπον]
1669 1412 1747 1466 Ὥστε
1763 1416 1818 1468 δεῖν
1841 1417 1880 1485 μὲν

270 1491 398 1559 κέχρηται,
427 1482 503 1541 Ἰδιον
516 1491 542 1542 δὲ
555 1490 661 1560 μάλιστα
674 1495 717 1557 τῆς
730 1491 920 1558 πηλικότητσςὴ
935 1492 1055 1544 διατύπω-
1099 1492 1249 1564 ἀμύνασθαι,
1263 1492 1313 1546 όδέ
1326 1493 1413 1561 τρόπος
1423 1496 1466 1558 τῆς
1474 1492 1608 1562 ύιτερύολῆς
1621 1493 1739 1562 μεμπτός.

269 1585 314 1630 σις,
331 1568 412 1634 ἐπειδὴ
426 1569 466 1622 ύπ’
480 1570 534 1640 δήιν
548 1569 642 1639 ἀγουσα
654 1569 685 1622 τά
697 1572 830 1640 πράγματα
841 1571 919 1624 πλείω
932 1570 1053 1636 ποιεῖτὴν
1138 1573 1200 1641 539,
1217 1572 1242 1625 3.
1260 1571 1307 1623 ίίαί
1319 1571 1409 1637 ταύτην
1425 1569 1470 1636 τὴν
1488 1567 1640 1641 ύπερύολὴν]
1655 1569 1687 1622 Οἱ
1701 1569 1798 1632 ἀνέντες
1818 1573 1880 1624 δατ·

269 1645 377 1713 αὔξησιν.
417 1647 490 1718 Ἔχει
501 1647 527 1700 δὲ
541 1649 683 1718 συγγένειαν
698 1649 815 1716 πλείστην
827 1652 885 1720 πρός
899 1670 925 1703 τε
940 1650 1053 1722 ἐκφρασιν
1103 1651 1158 1702 στα]
1177 1650 1220 1703 τόν
1245 1648 1360 1720 ύόριστήν
1383 1649 1449 1710 ἀξιον
1471 1647 1536 1702 εἶναι
1558 1649 1600 1702 καί
1611 1649 1699 1715 ταύτης
1718 1653 1760 1715 τής
1775 1651 1881 1720 μεγάλης

269 1725 309 1776 καί
320 1727 443 1797 διήγησιν.
465 1725 508 1778 Ἐν
523 1727 597 1780 ἅπασι
607 1725 655 1797 γάρ
668 1728 762 1788 τούτοις
774 1727 866 1789 ἔκθεσίς
879 1728 929 1780 ἔστι
941 1729 1054 1798 πραγμά·
1099 1729 1288 1801 ἀγανακτήσεως
1298 1728 1426 1799 ἐνόμισαν.
1465 1729 1542 1800 Σῶμα
1555 1727 1603 1798 γάρ
1619 1728 1745 1798 ἐλεύθερον
1757 1729 1880 1798 προπηλα-

268 1823 317 1856 των
331 1807 482 1876 γεγονότων,
498 1805 564 1858 ἀλλά
578 1805 608 1858 τό
623 1806 665 1876 μέν
686 1807 797 1876 διήγημα
809 1806 888 1873 άπλήν
905 1807 945 1859 καὶ
963 1806 1053 1860 ἀκατά-
1099 1809 1167 1870 κίσας
1178 1808 1219 1860 καί
1231 1808 1336 1860 θανάτου
1350 1807 1435 1876 τυχεῖν
1448 1805 1540 1866 δίκαιος
1551 1799 1593 1871 ήν.
1613 1804 1697 1858 Ἔουιε
1708 1805 1737 1858 δέ
1753 1809 1830 1860 ταῦτα
1841 1809 1880 1871 τῖς

268 1901 354 1936 σκευον
369 1883 400 1954 έχ
402 1904 422 1937 ει
438 1883 482 1950 τὴν
498 1883 603 1950 ἔκθεσιν,
619 1883 635 1951 ἡ
649 1885 675 1938 δὲ
688 1885 833 1947 διατύπωσις
844 1885 872 1938 τό
882 1887 929 1939 πᾶν
942 1884 967 1938 ἐν
981 1886 1054 1952 αύξή·
1098 1887 1160 1940 κατά
1179 1886 1223 1953 τὴν
1237 1885 1390 1954 πηλικόιητα
1407 1883 1473 1938 εἶναι
1484 1883 1613 1950 αύξήσεως.

268 1981 305 2014 σει
323 1962 364 2013 καί
384 1963 497 2032 ἐναργείᾳ
516 1965 604 2016 κεῖται.
643 1963 689 2015 Καί
710 1957 741 2014 αύ
759 1964 787 2016 τό
803 1963 846 2034 μέν
869 1963 980 2034 διήγημα
1000 1964 1053 2017 κατ’
1134 1967 1196 2036 539,
1211 1966 1236 2022 5.
1251 1967 1281 2018 Τί
1293 1960 1336 2017 ούν
1349 1963 1405 2036 ἐμοί
1418 1969 1454 2036 τῷ
1464 1964 1570 2036 τοσαύτη
1581 1964 1743 2034 κεχρημένῳ]
1758 1961 1879 2028 Ἐπανῆλ-

269 2040 415 2096 ἀκολουθίαν
430 2044 523 2113 πρόεισι
543 2045 595 2105 τοῖς
609 2045 750 2113 συνδέσμοις
769 2043 909 2114 ἑνούμενον,
931 2043 946 2109 ἡ
964 2043 990 2096 δέ
1005 2045 1054 2095 δια-
1098 2049 1138 2101 flav
1153 2047 1192 2101 ἐπὶ
1204 2047 1233 2100 τὸ
1246 2045 1269 2109 ἐξ
1281 2047 1359 2117 ἀρχῆς
1372 2047 1397 2100 ἐν
1416 2049 1447 2117 τῇ
1464 2045 1582 2098 ἀντιθέσει
1594 2045 1721 2113 κείμενον,
1733 2045 1771 2096 ότι
1788 2043 1879 2096 εοδδίν

267 2122 372 2184 τύπωσις
385 2122 525 2193 κομματική
539 2121 589 2175 ἐστι
602 2123 643 2175 καί
655 2121 774 2185 ἀπόλυτος
781 2163 789 2188 ,
802 2124 834 2174 δι’
847 2121 984 2194 ἐξαλλαγῆς
993 2142 1054 2193 σχη-
1100 2149 1111 2176 ι
1132 2129 1219 2198 γέγονε
1236 2127 1332 2178 δεινόν·
1351 2125 1375 2178 τί
1400 2121 1443 2177 ούν
1464 2123 1520 2195 ἐμοί
1538 2124 1642 2176 θανάτου
1665 2123 1785 2192 τιμᾶσθες
1806 2145 1817 2172 ε
1842 2123 1880 2175 καί

269 2201 351 2270 μάτων
364 2204 491 2269 προϊοῦσα.
521 2215 524 2220 “
1097 2205 1252 2278 συμπεραίνει
1264 2201 1308 2269 τήν
1322 2203 1476 2270 πηλικότητα
1492 2223 1503 2252 ι
1519 2201 1560 2254 διὰ
1573 2199 1618 2266 τήν
1632 2200 1692 2272 ἐμὴν
1706 2203 1825 2271 πρόνοιαν
1841 2203 1879 2254 ού·

304 2279 370 2346 537,
386 2283 431 2333 28.
446 2277 524 2332 Ὅταν
539 2279 705 2350 ώςύόρίῖων]
722 2279 876 2350 Σημείωσαι·
901 2277 1050 2350 ἐπαναφορά.
1100 2309 1110 2330 ι
1132 2283 1171 2336 δέν
1183 2285 1270 2354 γέγονε
1284 2283 1380 2335 δεινόν·
1397 2280 1484 2335 ούκούν
1503 2281 1559 2352 παρ’
1581 2279 1649 2351 ύμῶν
1662 2279 1755 2350 όφείλω
1773 2282 1876 2352 κομίσα-

267 2359 298 2412 Β.
337 2358 418 2412 Ταῦτα
432 2357 458 2411 δὲ
470 2357 510 2409 διάι
523 2359 579 2420 τούς
589 2360 691 2428 πατέρας
703 2358 745 2410 καί
755 2358 796 2410 διά
809 2358 865 2418 τούς
876 2357 1050 2424 διδασκάλους,
1099 2384 1110 2412 ι
1130 2362 1186 2414 σθαι
1199 2360 1243 2428 τήν
1256 2361 1360 2432 άμυναν.
1376 2383 1386 2410 ι

267 2438 355 2499 οἵτινες
369 2435 396 2489 ού
410 2436 441 2488 δι’
458 2435 559 2506 ἔχθραν,
575 2436 632 2488 ἀλλ’
645 2436 684 2489 ἐπὶ
700 2437 812 2507 νουθεσίᾳ
823 2437 961 2490 τύπτουσιν.
1133 2440 1193 2509 539,
1207 2460 1234 2509 9.
1253 2439 1300 2492 ίίαί
1318 2439 1472 2510 παράδειγμά
1492 2456 1522 2506 γε
1544 2440 1603 2491 πᾶσι
1616 2437 1748 2507 γενέσθαι]
1764 2435 1879 2502 Συνήθως

303 2515 364 2583 537,
380 2532 424 2584 29.
440 2513 518 2567 Ὅταν
533 2514 678 2585 κονδύλοις]
696 2514 733 2577 “Ag
745 2517 862 2568 πέπονθεν
878 2515 962 2579 αύτός,
976 2517 1052 2568 ταῦτα
1096 2518 1169 2572 πάλιν
1190 2523 1221 2590 τῇ
1242 2519 1371 2590 έπιλογικῇ
1393 2517 1539 2588 παρεκύάσιι
1558 2516 1690 2586 ἐχρήσατο.
1727 2517 1813 2569 Τοῦτο
1833 2517 1879 2586 γύρ

267 2593 292 2646 έν
306 2593 458 2665 τῷκαθόλου
471 2595 587 2665 προάγει,
602 2594 698 2664 φεύγων
713 2595 742 2647 τό
760 2599 868 2664 φανερῶς
885 2591 970 2646 έαυτδν
985 2593 1051 2663 ύύρί-
1097 2595 1168 2650 εἴωθε
1189 2601 1286 2662 ποιεῖν,
1305 2596 1399 2651 ἐπειδάν
1421 2595 1553 2667 κεφάλαιον
1576 2595 1706 2665 πληρώσας
1730 2594 1766 2666 ἐφ’
1798 2596 1878 2665 ἕτερον

267 2675 329 2734 ζειν.
366 2672 831 2745 Οότωκαίέντύζιπερίστεφάνουήμ.
849 2673 984 2741 228,15)
1004 2671 1053 2725 «εί
1098 2673 1178 2746 μίλλη
1194 2674 1359 2728 καταύαίνειν.

268 2751 310 2820 μὲν
326 2749 378 2806 ίσττ
391 2757 512 2819 τοιοῦτον,
536 2775 546 2804 ι
568 2751 609 2804 διὰ
628 2755 670 2819 τῆς
685 2752 810 2823 ἐμφάσεως
825 2752 900 2822 μόνης
914 2749 1052 2805 ἀπελύσατο
1134 2753 1195 2821 539,
1214 2757 1255 2816 14.
1274 2751 1352 2824 Οἶμαι
1366 2755 1447 2808 τοίνυν
1465 2752 1531 2814 τινάς
1548 2751 1634 2823 ύμῶν]
1647 2751 1709 2813 Τοὶις
1724 2751 1768 2821 μέν
1782 2751 1878 2822 ἀγῶνας

265 2830 309 2892 τάς
322 2831 485 2902 βλασφημίας.
1095 2830 1137 2884 καί
1154 2831 1185 2884 τὰ
1205 2831 1326 2902 κεφάλαια
1338 2834 1418 2886 πάντα
1437 2831 1468 2885 τά
1487 2831 1542 2902 περί
1560 2831 1588 2883 τ“ο
1608 2833 1752 2900 κρινόμενον
1777 2835 1878 2900 πρᾶγμα

302 2908 380 2961 Ὅταν
395 2909 434 2962 ἐπί
446 2910 550 2980 κόρρης]
566 2909 615 2975 Τῆς
628 2908 747 2980 κεφαλῆς,
761 2911 885 2962 τουτέστιν
899 2909 938 2962 έπί
948 2910 1049 2978 κόρσης,
1093 2909 1263 2982 πεπλήρωκεν,
1279 2909 1388 2964 ἐντεῦθεν
1402 2911 1429 2964 δέ
1443 2909 1567 2964 είσύάλλει
1576 2909 1662 2962 λοιπόν
1678 2907 1710 2970 είς
1722 2907 1766 2973 τήν
1787 2911 1875 2979 παρέκ-

265 2989 346 3058 ίύσπερ
362 2989 462 3059 μυρρίνη
477 2989 518 3040 καί
532 2989 644 3058 μυρσίνη.
1095 2989 1175 3042 όασιν.
1216 2989 1287 3042 Ἐστλ
1304 2989 1330 3043 δέ
1347 2989 1491 3060 παρέκύασις
1511 2989 1586 3059 λόγος
1607 2987 1737 3057 ἐξαγώνεος
1759 2986 1820 3056 μὲν,
1837 3007 1877 3039 συ-

301 3067 384 3119 Ταῦτα
397 3067 514 3133 ἐξίστησιν
532 3066 687 3136 ἀνθρώπους]
704 3065 770 3128 ’Έξω
781 3066 873 3119 ἑαυτῶν
887 3066 1052 3134 γενέσθαικαὶ
1096 3068 1291 3138 ναγωνιζόμενος
1302 3067 1329 3120 δέ
1340 3069 1398 3138 πρός
1410 3068 1453 3120 τόν
1468 3066 1562 3136 ἀγῶνα.
1602 3066 1719 3118 Βούλεται
1730 3060 1774 3118 ούν
1789 3067 1876 3135 διηγή-

267 3149 373 3216 μανῆναι
385 3147 465 3210 ποιεῖ,
480 3145 559 3197 καὶτδ
575 3141 654 3197 αἴτεον
667 3147 755 3210 ποῖονς
771 3143 851 3211 ἀήθεις
866 3146 950 3207 όντας·
963 3147 1051 3216 ταράτ-
1095 3149 1183 3200 σασθαι
1196 3145 1240 3214 τὴν
1255 3147 1347 3218 ἔχθραν
1361 3145 1406 3212 τήν
1419 3145 1539 3218 ἀρχαίαν,
1554 3145 1606 3210 ἥτις
1626 3146 1771 3204 κατάστασις
1789 3145 1834 3214 μὲν
1848 3139 1876 3210 ήν

266 3245 302 3278 τει
317 3225 364 3296 γάρ
378 3226 406 3278 τδ
419 3225 601 3295 ἀπροσδόκητον
615 3223 656 3274 καί
669 3221 713 3275 ούκ
727 3222 871 3294 εἰθισμένον.
1096 3230 1140 3278 τοῦ
1164 3225 1274 3296 ἀγῶνος,
1290 3223 1371 3290 ἐπειδὴ
1395 3224 1421 3278 δὲ
1436 3223 1557 3276 ἰδιωτικόν
1574 3223 1649 3276 ἐποίει
1661 3223 1704 3276 τδν
1717 3221 1824 3292 ἀγῶνα,
1838 3223 1876 3275 διά

304 3305 369 3370 538,
388 3308 414 3358 8.
437 3303 507 3376 Ὅοῳ
527 3303 629 3356 πλείονα
649 3301 726 3374 ἀργήν
747 3301 803 3374 ἐμοί
825 3305 948 3376 προσῆκε]
973 3305 1051 3359 Τοῦτό
1094 3309 1167 3359 τούτο
1182 3305 1206 3358 ἐν
1223 3303 1288 3376 ἀρχῇ
1301 3304 1344 3375 μέν
1354 3303 1512 3376 παρῃτήσατο
1523 3305 1616 3367 θεῖναι,
1631 3305 1673 3352 νῦν
1686 3301 1712 3354 δέ
1722 3300 1816 3372 είσάγει
1827 3303 1877 3355 λοι·

267 3383 331 3436 ἐστιν
346 3383 371 3436 ἐν
386 3381 408 3456 ᾧ
421 3381 465 3450 τήν
481 3381 566 3436 ἑαυτοῦ
580 3384 683 3454 γνώμην
703 3381 805 3436 ἐλαττοῖ
821 3383 941 3454 μετὰτῶν
960 3386 1050 3438 παθόν·
1094 3384 1157 3448 πδν,
1171 3385 1213 3436 ὅτε
1225 3383 1392 3438 ἀποδέδεικται
1406 3384 1565 3452 δημόσιοςῶν
1579 3379 1683 3451 όάγών.
1721 3379 1818 3450 Ὥσπερ
1831 3381 1876 3452 γάρ

265 3483 326 3527 των,
342 3463 406 3524 αύξει
418 3463 444 3516 δὲ
457 3461 488 3516 τά
501 3463 554 3516 καθ’
570 3463 665 3516 ἑαυτόν.
1094 3463 1149 3516 καθ’
1173 3464 1278 3516 ἕκαστον
1296 3463 1428 3534 κεφάλαιον
1446 3467 1542 3532 πρῶτον
1560 3461 1677 3531 εἰσήγαγε
1691 3461 1719 3514 τό
1739 3461 1874 3530 δημόσιον,

302 3545 366 3608 538,
389 3561 431 3597 το.
451 3541 480 3594 Ὅ
496 3543 538 3613 μέν
555 3563 584 3614 γε
598 3541 645 3595 ύπδ
659 3542 804 3614 γνωρίμου]
824 3542 862 3612 Τῇ
875 3543 979 3614 διαφορᾷ
992 3563 1050 3614 προ·
1094 3541 1158 3594 ούτω
1170 3542 1212 3594 καί
1225 3545 1268 3606 τῆς
1278 3542 1356 3606 πάσης
1366 3539 1455 3610 ἐχθρας
1468 3539 1509 3592 καί
1522 3543 1570 3591 τῶν
1585 3536 1617 3598 είς
1632 3537 1705 3589 αύτδν
1719 3537 1875 3608 ἀδικημάτων

266 3623 336 3692 σάγει
347 3619 391 3687 τήν
407 3621 516 3688 αύξησιν.
1093 3627 1189 3691 πρῶτον
1204 3621 1246 3691 μὲν
1260 3620 1383 3690 ἐπήγαγεν
1402 3620 1462 3688 άπερ
1475 3617 1549 3672 ἔπαθε
1565 3617 1628 3670 κατὰ
1643 3615 1687 3682 τήν
1706 3615 1810 3686 έορτήν,
1823 3618 1875 3670 δεύ·

302 3701 367 3764 538,
390 3717 431 3752 11.
453 3699 501 3752 Καί
514 3699 600 3752 τούτου
618 3699 765 3770 μεθύοντος]
781 3696 897 3752 Ὗπέθετο
918 3699 966 3772 γάρ
983 3698 1050 3753 εἶναι
1094 3719 1151 3770 τερα
1162 3700 1188 3753 δέ
1202 3701 1232 3753 τά
1246 3700 1309 3753 κατίι
1322 3700 1377 3760 τούς
1385 3699 1476 3759 ἀλλους
1489 3697 1608 3768 χρόνους,
1618 3695 1661 3746 ἵνα
1672 3693 1702 3747 τά
1712 3693 1755 3763 μὲν
1770 3695 1875 3763 δημόσια

266 3779 410 3850 συμπόσιον.
1094 3779 1159 3841 τάξιν
1175 3779 1221 3852 ἔχη
1240 3780 1441 3850 προηγουμένου,
1464 3776 1495 3830 τά
1509 3775 1536 3828 δέ
1559 3773 1669 3827 ίδιωτικά
1681 3777 1725 3826 τού
1745 3772 1873 3843 ἑπομένου.

303 3857 372 3921 538,
389 3857 428 3913 15.
445 3850 479 3908 Οί
490 3856 551 3926 μηδὲ
567 3857 673 3926 βαδίζειν
694 3853 747 3922 ἐξήν
762 3855 846 3928 αύτῷ]
862 3857 941 3909 Τοῦτο
954 3857 985 3908 δι’
996 3857 1050 3909 έαυ-
1093 3858 1209 3925 Ζητήσειε
1223 3859 1245 3909 δ’
1259 3859 1289 3910 ἄν
1302 3877 1337 3919 τις
1349 3855 1371 3910 εί
1381 3856 1412 3909 τά
1428 3857 1529 3908 τοιαῦτα
1544 3851 1663 3924 ἐξαγώνια
1679 3853 1738 3905 όντα
1753 3852 1875 3921 μετὰτῶν

265 3936 308 3990 τόν
329 3936 371 3988 καλ
383 3934 427 4002 τήν
449 3935 558 4006 ἀνάγκην
578 3941 621 4002 τῆς
633 3935 786 4006 λειτουργίας
801 3933 899 4006 ἔφησεν,
919 3936 985 3988 δτιό
1007 3937 1049 4008 μέν
1094 3935 1198 4006 ἀγώνων
1210 3937 1306 3990 τάττειν
1320 3933 1480 4006 προσήκει,ή
1497 3929 1625 4001 έπελογυιά
1644 3931 1686 3982 δεῖ
1697 3929 1782 3982 καλεῖν
1804 3929 1874 3982 αύτά.

265 4015 287 4069 εί
300 4016 425 4068 ύπώπτευέ
438 4033 491 4066 τινα
512 4013 609 4067 ἔσεσθαι
626 4013 711 4080 ἀηδίαν
727 4013 820 4085 ἑαυτῷ,
841 4013 941 4068 ἐδύνατο
954 4015 996 4067 καί
1009 4035 1051 4086 φυ-
1098 4013 1197 4082 Ῥητέον
1210 4011 1253 4068 ούν
1268 4018 1306 4068 ότι
1319 4016 1394 4085 μέσον
1410 4011 1465 4066 τινά
1475 4012 1545 4082 φύσιν
1556 4009 1609 4079 ἔχει
1618 4015 1666 4062 τῶν
1679 4027 1704 4062 τε
1717 4007 1822 4079 ἀγώνων
1836 4009 1876 4062 καί

263 4095 396 4148 λάττεσύαι
416 4094 457 4147 καλ
477 4091 510 4164 μὴ
532 4093 647 4147 ἀπελθεῖν
662 4093 695 4155 είς
712 4093 741 4146 τό
754 4094 865 4158 δεῖπνον,
885 4093 941 4165 ἐμοὶ
956 4095 982 4147 δὲ
996 4095 1051 4150 ούδὲ
1094 4101 1144 4148 τῶν
1160 4095 1293 4166 ἐπιλόγων.
1331 4092 1438 4165 1’ῌ-’μὲν
1459 4090 1506 4162 γάρ
1526 4091 1582 4161 περί
1597 4089 1657 4143 αύτδ
1679 4089 1708 4141 τύ
1729 4091 1833 4159 πρᾶγμα
1848 4092 1875 4142 τό

264 4178 337 4228 τοῦτο
349 4172 403 4240 ἐξῆν
420 4172 604 4244 παραύάλλοντι
618 4173 769 4244 [μέλλοντι]
784 4175 911 4244 χορηγεῖν.
1095 4176 1239 4245 κρινόμενον
1256 4173 1304 4244 ούχ
1324 4173 1437 4237 ἵσταται,
1454 4171 1583 4238 πλησιάζει
1602 4171 1653 4231 τοῖς
1666 4168 1806 4239 ἐπιλόγοις,
1822 4165 1876 4242 ᾗδὲ

301 4254 369 4319 538,
385 4269 426 4321 19.
443 4251 489 4304 Καὶ
503 4251 607 4322 ἐμαυτόν
622 4253 665 4323 μέν
679 4271 722 4323 γε,
736 4249 758 4305 ὦ
771 4251 854 4322 ἀνδρες
869 4251 990 4320 Ἀθηναῖοι
1004 4273 1050 4306 σω·
1094 4255 1176 4324 χωρεῖ
1186 4254 1217 4305 δι’
1228 4251 1370 4314 ἀποδείξεως
1383 4252 1425 4304 καί
1437 4250 1595 4320 ἀδικημάτων
1609 4249 1696 4320 ἑτέρων
1710 4248 1811 4320 μνήμην
1824 4249 1875 4318 ἔχει

264 4337 374 4406 φρόνιυς,
396 4331 493 4402 μᾶλλον
513 4329 540 4383 δέ
560 4329 681 4402 εύτυχῶς]
700 4329 730 4382 E?
751 4329 794 4402 μὶν
813 4329 861 4401 γάρ
880 4331 947 4384 δεινά
965 4333 1049 4386 παθὼν
1093 4332 1156 4384 κατά
1175 4337 1219 4385 τοῦ
1241 4333 1386 4403 φεύγοντος,
1406 4331 1563 4401 ἐπιγράφεται
1587 4332 1639 4391 τοῖς
1661 4327 1754 4398 ἀγῶσι·
1779 4328 1811 4381 τὰ
1829 4330 1875 4398 γάρ

265 4413 419 4482 ἐσωφρόνησε
432 4408 474 4461 καί
487 4407 530 4461 ούκ
544 4406 651 4479 ἐξήχθη,
668 4409 791 4480 θαύματος
804 4409 883 4472 ἀξιος·
900 4409 921 4463 εί
932 4411 958 4463 δέ
969 4411 1049 4482 λέγων
1093 4416 1193 4464 τοιαῦτα
1211 4411 1401 4482 συναγωνίζεται
1420 4409 1482 4480 ἡμῖν
1504 4409 1562 4479 πρός
1575 4409 1655 4462 πίστιν
1667 4411 1711 4460 τού
1728 4409 1875 4478 γιγνομένου

248 4492 380 4545 ’πάνδεινα
391 4489 495 4559 πάσχειν
509 4487 553 4540 ούκ
564 4487 684 4559 ὠργίσθαι
695 4489 779 4559 φησίν,
795 4487 912 4542 ἀπίθανον
926 4490 955 4543 τό
969 4495 1049 4543 τοιού·
1094 4489 1256 4562 ἐγκλήματος.
1294 4489 1326 4543 Οί
1344 4489 1370 4542 δὲ
1393 4487 1506 4559 ἐπίλογοι
1526 4487 1624 4554 ισύξησιν
1639 4488 1716 4556 μόνον
1730 4485 1817 4556 έχουσι
1832 4491 1874 4540 τοῦ

264 4590 322 4624 τον·
339 4568 377 4621 διδ
391 4569 524 4638 προσέθηκε
540 4589 551 4617 ι
568 4567 705 4639 μᾶλλονδὲ
719 4567 841 4638 εύτυχῶς,
859 4570 926 4622 ιίνα
941 4568 974 4640 με]
988 4573 1051 4641 γνώ·
1093 4570 1251 4641 προκειμένου
1270 4570 1420 4640 πράγματος.
1458 4566 1501 4619 Διό
1520 4567 1562 4618 καί
1587 4567 1661 4636 μέσης
1673 4567 1765 4636 φύσεως
1779 4561 1873 4630 ούσαή

267 4669 314 4720 μης
331 4649 417 4722 μόνον,
434 4645 500 4699 ἀλλά
513 4646 554 4700 καί
574 4647 684 4718 εύτυχίας
694 4651 759 4720 φανῇ
774 4647 803 4701 τδ
819 4649 929 4718 ἐπισχεῖν
950 4647 994 4714 τήν
1008 4649 1049 4720 όρ·
1093 4651 1236 4721 παρέκύασις
1256 4652 1331 4720 μέσην
1358 4649 1399 4700 καί
1412 4647 1477 4708 τάξιν
1495 4645 1624 4717 παράιτού
1648 4644 1751 4715 ῥήτορος
1771 4643 1870 4714 είληφι·

264 4727 322 4797 γήν.
361 4725 396 4779 Ἢ
413 4723 515 4794 αύξῆσαι
530 4725 680 4798 βουλόμενος
701 4725 740 4780 ἐπί
759 4725 834 4780 πλέον
855 4725 899 4793 τὴν
920 4729 1049 4798 διόρθωσιν
1093 4731 1172 4782 κεῖται
1183 4727 1231 4799 γάρ
1246 4725 1334 4798 μεταξυ
1347 4731 1395 4779 τῶν
1408 4723 1512 4796 ἀγώνων
1522 4722 1770 4792 καὶτιῖινέπιλόγων·
1784 4723 1872 4792 κίχον·

265 4807 361 4872 ἔθηκεν.
399 4805 436 4858 Τά
451 4805 556 4878 μὲνγὰρ
575 4805 648 4877 μικρά
659 4805 700 4858 καί
711 4807 783 4878 [διά]
795 4813 843 4860 τῶν
855 4807 983 4879 λογισμῶν
1000 4809 1051 4860 δια·
1093 4827 1133 4861 ται
1146 4808 1173 4860 δὲ
1183 4811 1215 4878 τῇ
1228 4807 1374 4876 παρεκόάσει
1386 4804 1426 4857 διίι
1440 4805 1483 4856 δύο
1498 4805 1643 4874 προφάσεις,
1659 4807 1755 4872 πρῶτον
1774 4801 1816 4873 μέν
1830 4802 1872 4852 ἵνα

263 4885 395 4957 φεύγομεν,
410 4886 457 4938 όσα
469 4885 495 4938 δέ
504 4886 640 4958 ύπερόαίνει
650 4887 720 4957 φύσιν
735 4885 898 4958 ἀνθρωπίνην,
909 4889 971 4960 τύχη
986 4887 1051 4958 δεξιᾷ
1093 4887 1157 4958 δείξῃ
1169 4887 1210 4940 καί
1223 4885 1254 4938 τίι
1265 4885 1319 4955 περί
1332 4882 1377 4950 τὴν
1390 4882 1476 4954 έορτήν
1490 4884 1569 4936 πάντα
1581 4879 1643 4934 κατά
1656 4879 1788 4946 ἐπεύουλήν
1801 4896 1871 4950 γεγε·

264 4967 443 5036 κατορθοῦμεν.
1093 4969 1186 5038 νημένα
1195 4965 1236 5018 καί
1249 4965 1278 5017 ού
1292 4965 1323 5016 δι’
1338 4962 1431 5035 ἀργήν,
1446 4964 1479 5025 ῶς
1492 4962 1592 5023 Μειδίας
1605 4961 1688 5032 φησίν.
1724 4959 1758 5014 Et
1768 4957 1816 5030 γάρ
1828 4976 1869 5012 πα·

302 5047 369 5112 538,
384 5044 428 5099 25.
448 5047 495 5100 ίίαί
508 5053 556 5102 τῶν
570 5047 721 5102 δικασάντων
733 5049 789 5104 τότε
803 5053 909 5124 πολλοί]
929 5053 1047 5124 Συγγνώ-
1092 5051 1161 5112 λαιδς
1184 5045 1214 5114 ἦν
1239 5043 1340 5116 ἐχθρθςν
1365 5043 1488 5115 πθῦδθύθί
1506 5043 1545 5095 θῖῑ
1569 5039 1611 5094 8ῑέ
1633 5037 1677 5104 Τίθ
1700 5038 1791 5112 Τλθθέί
1808 5036 1868 5092 ω’
