4186 6108
368 407 424 456 200

361 527 624 608 Μυρμηκανθρώποις
638 555 648 579 ι
663 527 767 588 Μανίαν
780 526 894 608 ipsus-io
911 555 938 590 ο.
949 527 1030 589 Ἐστι
1044 528 1071 588 δέ
1082 529 1144 589 τοῦ-

362 639 428 692 νομα
439 616 485 675 καί
502 617 576 694 ἐντῷ
591 617 690 676 Λυσίου
703 615 767 695 πρὸς
779 615 935 692 Πυθόδημον
956 617 1143 695 (Πειθύδημον

359 705 433 782 ugo)
448 700 513 784 θπίρ
523 703 693 766 ἀποστασίου.

716 819 784 877 209.

399 891 591 963 Harpocratio
617 909 623 942 :
650 887 763 957 Τῆτες
789 887 846 945 άντί
866 893 912 948 τοῦ
932 887 1016 968 τούτῳ
1038 891 1076 968 τῷ
1092 889 1144 946 ἐτει

358 972 458 1039 Λυσίας
468 976 495 1032 ἐν
508 979 541 1054 τῆ
559 973 625 1052 πρδς
640 974 795 1050 Πυθόδημον
812 975 959 1056 ἀπολογίη,
974 977 997 1034 εἰ
1012 975 1117 1053 γνήσιος
1130 980 1144 1035 δ

357 1061 432 1138 λόγος
439 1105 448 1136 ,
462 1060 648 1142 Ἀριστοφάνης
664 1060 751 1142 Γήρᾳ,
763 1061 808 1119 καί
820 1064 844 1120 οἰ
855 1063 942 1122 ἄλλοι.

358 1189 449 1266 [ux
484 1209 511 1250 ι.
549 1189 653 1250 suot>
695 1190 876 1252 ss'rroor
910 1189 1143 1252 uuouoouuz

558 1277 661 1336 uooz
682 1277 940 1355 xsoiouuou.]

716 1408 783 1448 suo.

396 1482 515 1540 Phoiius
527 1485 599 1543 Bibl.
613 1487 681 1546 cod.
694 1487 763 1558 265,
776 1506 806 1561 p.
825 1494 894 1562 491,
908 1488 939 1558 b,
956 1506 994 1563 ²9
1010 1505 1017 1546 :
1034 1485 1087 1546 Καί
1098 1483 1143 1544 τὸν

358 1567 424 1649 ὑπὲρ
435 1571 555 1650 Σατύρου
568 1571 594 1628 δέ
606 1571 683 1647 λόγον
696 1576 743 1643 τῆς
756 1574 900 1654 ἐπιτροπῆς
911 1573 975 1654 πρὸς
987 1575 1142 1653 Χαρίδημον

359 1659 383 1714 οἰ
399 1657 447 1733 μέν
467 1658 530 1739 πρὸς
544 1657 592 1727 riu
607 1657 693 1738 κρίσιν
708 1659 812 1739 ἔχοντες
825 1661 855 1720 τὸ
871 1661 986 1742 ἀσφαλὲς
1004 1660 1141 1738 Δημοσθέ-

358 1767 414 1812 νους
425 1745 544 1823 λέγουσιν
559 1737 643 1820 ι’ίναι,
662 1751 677 1806 δ
692 1747 720 1808 δέ
734 1748 924 1828 Καλλίμαχος,
944 1752 994 1829 οὐχ
1006 1750 1094 1815 ἰκανδς
1105 1749 1142 1807 ὢν

357 1835 467 1914 κρίνειν,
485 1835 631 1916 Δεινάρχου
643 1837 755 1915 νομίζει·
769 1837 837 1905 τινίς
850 1837 876 1898 δέ
887 1838 966 1897 αὐτὸν
980 1838 1142 1898 θπεδάλοντο

357 1923 462 2004 Αυσίρ,
477 1925 563 1986 καίτοι
576 1925 622 1986 καί
633 1925 678 1985 τὸν
692 1926 786 2006 γρύνον
796 1925 900 2008 ἔχοντες
914 1931 1001 1994 αὑτοῖς
1012 1927 1142 2008 διαμαχό-

357 2035 434 2090 μενον
449 2015 494 2072 καί
504 2013 641 2074 τδντύπον
657 2014 763 2074 ἅπαντα
773 2019 820 2088 τῆς
830 2015 953 2095 ἐργασίας
971 2016 1016 2076 καί
1029 2015 1141 2094 τίτπρά-

357 2127 449 2182 γματα
467 2105 512 2162 καί
532 2104 579 2179 τὴν
597 2105 748 2184 ἑρμηνείαν.
767 2133 779 2160 ο
795 2110 895 2166 Oratio
910 2108 1059 2184 deperdita
1074 2119 1139 2166 est:

357 2212 419 2250 eum
440 2213 509 2250 vero
531 2196 570 2251 ob
597 2196 627 2251 id
649 2197 743 2270 ipsum
762 2215 822 2252 uon
843 2198 902 2272 jam
916 2207 1040 2268 entare,
1063 2196 1142 2270 quod

357 2281 546 2340 Callimachus
557 2301 619 2340 earn
629 2302 689 2340 uon
702 2284 733 2340 iu
752 2284 970 2341 demosthenicis
988 2295 1139 2359 posuerat,

358 2371 468 2426 ostendi
485 2372 610 2446 epistole
623 2373 687 2428 crit.
703 2371 741 2428 ad
759 2373 795 2434 G.
817 2375 1009 2432 Hes-mannum
1025 2373 1096 2430 dotae
1110 2393 1139 2450 p.

358 2463 373 2522 ί
398 2501 404 2514 -
421 2482 433 2510 ι
447 2459 477 2517 S.

377 2477 395 2534 9
532 2573 592 2631 CX.
616 2571 718 2631 ΠΡΟΣ
741 2572 962 2633 ΣΟΦΟΚΑΕΑ.

398 2766 584 2820 Antistiicisto
602 2767 632 2821 iu
649 2697 867 2825 ΒολλίιΑἰτοσά.
887 2787 917 2843 p.
933 2787 1002 2843 τοι),
1022 2768 1059 2824 3:
1077 2769 1136 2826 ilu-

360 2849 432 2906 κείαν
441 2873 447 2885 ·
464 2849 563 2918 Αυσίας
574 2852 638 2930 πρδς
649 2854 799 2932 Σοφοκλέα.

376 2976 453 3036 CXI.
476 2977 577 3040 ΚΑΤΑ
599 2979 906 3040 ΣΤΡΑἸῸΚΑΕΟΥΣ
928 2979 1114 3040 ΕΞΟΥΑΚΣ.

711 3101 781 3142 κιο.

396 3168 610 3243 Harpocratio:
630 3165 802 3241 Ἐξούλης,
827 3165 910 3244 ὄνομα
931 3165 1005 3240 δίκης
1024 3165 1057 3238 ἣν
1072 3165 1142 3225 ἐπά-

356 3275 447 3328 γουσιν
462 3255 486 3312 οἰ
509 3256 653 3336 ράσκοντες
670 3254 833 3336 ἐξείργεσθαι
848 3259 900 3314 τῶν
915 3255 987 3313 ἰδίων
1006 3255 1074 3312 κατίι
1089 3259 1140 3314 τῶν

358 3339 532 3420 ἐξειργόντων.
552 3340 665 3420 Εἴρηται
685 3345 733 3421 μίν
747 3334 791 3403 ούν
805 3342 920 3420 τοῦνομα
933 3341 986 3401 ιίπδ
1002 3349 1048 3402 τοῦ
1064 3341 1134 3411 ἐξίλ-

357 3429 420 3503 λειν,
434 3427 449 3487 δ
462 3432 532 3490 ἐστιν
545 3429 683 3512 [ἐξείργειν
696 3432 741 3491 καί
755 3433 824 3496 add.
843 3431 964 3510 suidas]
979 3429 1082 3499 ἐξωθεῖν
1092 3431 1137 3490 καί

357 3595 399 3659 qui
411 3596 514 3646 voluerii
523 3597 546 3646 iu
558 3597 786 3660 llyrmeoeoiiuopis
793 3598 828 3647 sio
836 3597 957 3648 dicentem
970 3615 976 3646 τ
989 3596 1082 3646 Μανίαν
1092 3599 1143 3662 ipe·

357 3667 427 3728 πτην,
439 3669 558 3718 uoniam
568 3681 679 3718 εετυοια.
693 3669 760 3718 idem
769 3681 858 3718 nomeu
867 3668 930 3732 epod
941 3667 1037 3731 Lysiam
1046 3681 1143 3733 quoque

356 3739 382 3788 io
394 3751 431 3786 or.
444 3738 561 3790 odoenus
572 3738 741 3792 Pitbodemum
752 3739 784 3814 dp
795 3738 937 3790 deioodooo.

722 3867 778 3915 δθθ.

389 3975 475 4034 lissi,
486 3972 532 4024 boc
546 3987 630 4034 αιιιιο,
641 3974 723 4038 Lysias
734 3973 759 4024 lo
775 3973 913 4024 doieusioue
924 3971 1041 4024 ediusus
1053 3973 1144 4037 Potito·

358 4045 470 4106 domuin,
484 4045 556 4096 modo
574 4045 651 4108 lysios
664 4045 710 4107 sii,
721 4045 893 4108 Aristophtueu
905 4043 930 4094 iu
945 4045 1008 4108 Γήρᾳ
1017 4045 1042 4096 ei
1058 4049 1142 4096 oeuu.

359 4207 454 4270 [dixe.
472 4210 535 4260 Puo
552 4210 874 4344 ΒΑΤΥΚΟΚρίγίίΕᾶυἰίξίΕΙΙεΑ
889 4211 1052 4262 ADVERSUS
1068 4211 1144 4261 ciii·

724 4413 777 4458 210.

391 4503 532 4554 orationem
545 4515 644 4565 quoque
658 4515 703 4566 pro
715 4503 802 4567 sisyro
814 4504 845 4555 do
863 4505 939 4556 tutele
954 4506 1070 4558 edversus
1083 4508 1144 4558 ithe-

361 4573 480 4622 ridomum
501 4573 616 4635 scripturo
633 4573 650 4622 ii
670 4574 712 4636 qui
732 4574 827 4624 siucero
845 4575 936 4637 iudicio
952 4577 1041 4640 pollent
1056 4581 1145 4628 Domo·

360 4644 451 4694 silieuis
463 4655 515 4694 osso
529 4643 615 4706 ομπος
634 4644 797 4695 callimachus
811 4657 887 4708 νοτο,
903 4647 978 4708 iudex
998 4661 1082 4710 perum
1097 4649 1146 4698 ido·

360 4727 434 4776 oeus,
448 4715 569 4764 Diuerobo
582 4713 678 4765 tribuit.
692 4716 806 4766 tionouiii
818 4729 871 4766 ενοι
888 4719 966 4780 Lysim
984 4719 1145 4780 vindicarunt,

361 4795 508 4847 quemquem
517 4788 542 4836 et
550 4787 686 4847 temporum
696 4786 789 4836 retiooo
799 4787 852 4838 baeo
861 4789 979 4840 εεοίεοθε
991 4789 1146 4854 impugnetur

362 4855 387 4900 et
401 4853 476 4904 torma
490 4857 569 4918 operis
577 4857 603 4908 et
613 4855 687 4908 rebus
700 4858 726 4907 ot
736 4857 881 4910 elocutione.

528 4987 578 5036 cx.
597 4987 760 5038 ADVERSUS
776 4989 973 5040 soouocuuu.

726 5093 780 5142 tii.

396 5197 501 5252 Μυκείαν
513 5201 553 5264 (t),
568 5204 648 5266 lysios
659 5204 685 5256 iu
699 5217 735 5255 or.
746 5205 860 5260 adsersus
870 5209 1021 5272 sophoclem.

1109 395 1234 462 bustu

1189 531 1343 590 terbellim·
1358 527 1506 598 δικάζονται
1522 530 1549 590 δέ
1564 525 1671 602 ἐξούλης
1684 527 1751 588 elisi
1766 531 1820 597 τοῖς
1834 529 1969 608 ἐπιτιμίοις

1188 617 1514 694 οίμὴςέπολαμδάνοντες
1528 621 1555 676 ἐν
1571 643 1604 695 τη
1617 617 1788 697 προσηκούσῃ
1806 623 1968 699 προθεσμίᾳ,

1189 705 1364 785 ὑπερημέρων
1381 705 1542 782 γιγνομένων
1565 709 1618 765 τῶν
1641 705 1895 766 καταδικασθέντων.
1936 707 1970 766 Ol

1189 795 1216 854 δέ
1229 794 1335 860 ἑλόντες
1347 792 1454 865 ἐξούλης
1465 795 1511 853 καί
1525 797 1563 874 τῷ
1572 792 1657 852 ἑλόντι
1668 793 1787 854 ἐδίδοσαν
1799 794 1817 853 d
1829 797 1972 874 ἐρηροδντο

1189 884 1286 955 αὐτοῦ,
1303 881 1349 941 καί
1369 883 1408 962 τῷ
1429 881 1548 962 δημυσίιρ
1571 881 1741 940 κατετίθεσιιν
1763 882 1798 940 τὰ
1817 881 1971 958 τιμηθέντα.

1188 969 1342 1040 Ἐδικάζετο
1357 968 1385 1028 δέ
1400 969 1505 1042 ἐξούλης
1518 969 1564 1030 καί
1579 973 1594 1028 δ
1607 968 1727 1049 χρήστης
1737 971 1858 1048 κατέχειν
1874 973 1972 1050 ἐπεγει-

1189 1061 1240 1138 ρῶν
1262 1061 1353 1133 κιῆμα
1373 1061 1420 1116 τοῦ
1441 1061 1637 1138 χριωστοῦντος
1663 1057 1710 1116 καί
1736 1057 1899 1134 κωλυόμενος
1921 1055 1974 1114 ind

1188 1167 1267 1212 τινος.
1311 1144 1367 1204 Καὶ
1382 1143 1542 1224 ἐπεργασίας
1558 1143 1588 1203 δέ
1604 1167 1643 1212 τις
1657 1147 1680 1203 ei
1695 1144 1822 1224 είργυιτο,
1839 1145 1943 1204 δίδωσιν
1958 1147 1973 1201 δ

1189 1230 1269 1306 νόμος
1283 1231 1436 1300 δικάζεσθαι
1448 1231 1513 1312 πρὸς
1523 1233 1568 1292 τδν
1582 1230 1702 1311 ιίργοντα
1716 1231 1838 1308 ἐξούλης,
1854 1233 1899 1293 καί
1912 1232 1974 1312 περί

1189 1319 1355 1398 ἀνδραπόδου
1373 1319 1401 1380 δί
1422 1319 1468 1378 καί
1482 1320 1578 1388 παντδς
1589 1311 1618 1380 ού
1630 1319 1695 1401 puel
1705 1344 1745 1387 τις
1760 1323 1834 1400 αὐτῷ1
1845 1327 1972 1397 μετεῖναι.

1187 1408 1280 1466 Ταῦτα
1299 1405 1326 1465 δέ
1346 1410 1436 1488 σαφῶς
1454 1407 1552 1476 Ἰσαῖος
1568 1407 1685 1468 διδάσκει
1704 1407 1750 1467 καί
1765 1407 1865 1474 Αυσίιις
1885 1409 1913 1465 ἐν
1935 1411 1975 1488 τῷ

1187 1495 1257 1554 κατὰ
1273 1496 1468 1574 Στρατοκλέους
1480 1495 1596 1568 ἐξούλης.
1638 1495 1780 1576 Δείναρχος
1791 1495 1882 1571 μέντοι
1894 1498 1921 1554 ἐν
1935 1501 1971 1576 τῇ

1189 1584 1363 1661 Κροκωνιδῶν
1373 1585 1525 1662 διαδικασία
1537 1585 1608 1654 ἰδίως
1619 1585 1749 1664 κέχρηται
1762 1587 1800 1663 τῷ
1809 1587 1857 1658 τῆς
1866 1583 1975 1656 ἐξούλης

1187 1671 1298 1749 ὀνόματι
1319 1671 1363 1730 ἐπί
1380 1674 1427 1742 τῆς
1445 1671 1541 1750 ἱερείας
1560 1676 1608 1744 τῆς
1630 1673 1668 1748 μὴ
1691 1669 1852 1751 βουλομένης
1870 1667 1905 1728 τὰ
1919 1669 1975 1728 lieu

1187 1761 1263 1840 δρᾷν.
1306 1759 1371 1820 Ὀτι
1383 1759 1410 1818 δὲ
1424 1759 1468 1817 ἐπί
1479 1760 1577 1828 παντὸς
1592 1765 1637 1820 τοῦ
1650 1763 1682 1820 ἐκ
1695 1762 1747 1818 τῶν
1759 1757 1831 1817 ἰδίων
1844 1757 1975 1817 ἐκθαλλο·

1188 1848 1266 1926 μένου
1280 1847 1402 1910 τάττεται
1411 1846 1540 1926 τοῦνομα,
1552 1848 1598 1908 καί
1609 1850 1667 1927 οὐχ,
1681 1851 1717 1916 ὡς
1730 1846 1812 1908 οίτται
1825 1847 1974 1920 Καικίλιος,

1188 1937 1276 2014 μύνων
1288 1941 1340 1996 τῶν
1353 1939 1387 1997 ἐκ
1404 1937 1549 2008 καταδίκης
1562 1936 1727 2018 δριιλύντων,
1738 1936 1783 1996 καί
1798 1935 1931 2016 Φρύνιχος
1947 1939 1976 1994 ἐν

1188 2024 1349 2108 Ποαστρίαις
1362 2027 1442 2098 δῆλον
1455 2033 1537 2088 ποιεῖ.
1553 2029 1596 2088 ci.
1609 2027 1717 2086 Suidus.

1298 2167 1390 2227 exn.
1413 2163 1643 2226 ΣΩΚΡΑΤΟΥΣ
1657 2163 1865 2226 ludiosis

1543 2273 1612 2334 213.

1226 2379 1326 2437 Cicero
1337 2381 1381 2437 De
1395 2391 1467 2436 orat.
1479 2380 1505 2451 1,
1522 2378 1570 2448 54,
1589 2378 1644 2436 231
1664 2397 1672 2436 :
1691 2383 1822 2434 Imitatus
1835 2389 1878 2433 est
1891 2379 1979 2434 homo

1187 2487 1318 2524 moranus
1331 2481 1360 2524 et
1371 2469 1525 2524 consularis
1539 2467 1591 2543 (P.
1607 2465 1748 2542 Rutilius)
1760 2477 1876 2522 veterem
1895 2469 1977 2522 ilium

1187 2558 1346 2626 Socratem,
1367 2563 1416 2632 qui
1437 2577 1498 2612 cum
1518 2561 1639 2612 omnium
1663 2561 1887 2632 sapientissimus
1904 2568 1979 2612 esset

1186 2649 1407 2719 sanctissimeque
1417 2649 1543 2712 vixisset,
1562 2649 1604 2698 ita
1619 2645 1765 2714 injudicio
1775 2647 1874 2716 capitis
1885 2661 1939 2716 pm
1947 2661 1979 2699 se

1188 2737 1247 2805 ipse
1259 2733 1350 2806 dixit,
1365 2745 1464 2790 utnon
1479 2733 1599 2808 supplex
1612 2744 1661 2787 aut
1676 2749 1755 2800 reus,
1774 2732 1826 2786 sed
1841 2736 1980 2803 magister

1187 2831 1238 2874 aut
1250 2821 1377 2877 dominus
1398 2823 1534 2876 videretur
1552 2837 1611 2876 esse
1626 2821 1771 2892 judicum.
1798 2819 1977 2890 Quinetiam

1187 2927 1248 2963 cum
1273 2914 1301 2964 ei
1321 2913 1455 2984 scriptum
1481 2914 1635 2965 orationem
1658 2909 1853 2963 disertissimus
1880 2921 1979 2966 orator

1188 2995 1290 3065 Lysias
1309 2997 1462 3064 attulisset,
1479 3015 1563 3071 quam
1582 3001 1609 3052 si
1622 3001 1649 3052 ei
1665 2998 1809 3052 uideretur
1821 2995 1975 3070 edisceret,

1187 3093 1218 3138 ut
1225 3101 1261 3138 ea
1271 3103 1328 3158 pm
1340 3103 1370 3139 se
1385 3085 1529 3157 injudicio
1539 3097 1667 3152 uteretur,
1685 3103 1739 3139 uon
1752 3087 1850 3138 invitus
1866 3085 1937 3159 legit
1949 3097 1978 3142 et

1188 3173 1329 3227 commode
1346 3177 1480 3246 scriptam
1494 3191 1556 3228 esse
1573 3173 1663 3242 dieis,
1681 3173 1751 3246 sed,
1773 3176 1881 3245 inquit,
1897 3182 1929 3224 ut
1951 3173 1978 3224 si
2083 3165 2084 3168 ’

1188 3258 1260 3314 mihi
1269 3261 1378 3313 calceos
1387 3259 1531 3332 Sicyonios
1542 3261 1680 3315 attulisses
1694 3275 1750 3313 uon
1761 3269 1861 3328 uterer,
1874 3275 1974 3332 quam·

1189 3353 1226 3401 vis
1233 3359 1324 3402 esseni
1332 3346 1442 3402 habiles
1453 3358 1481 3401 ei
1491 3351 1554 3422 opii
1565 3347 1606 3401 acl
1612 3348 1726 3422 pedem,
1737 3350 1804 3420 quia
1813 3363 1870 3400 non
1883 3357 1977 3400 esseut

1189 3437 1289 3502 viriles,
1307 3439 1348 3489 sic
1362 3436 1443 3489 illam
1458 3439 1611 3490 orationem
1629 3436 1764 3490 disertam
1778 3435 1871 3488 sibiet
1881 3445 1976 3489 orato·

1306 3598 1370 3648 cili.
1387 3599 1513 3649 comus
1531 3597 1739 3648 S'llii'rocisffl
1753 3597 1796 3647 uu
1812 3597 1856 3646 ti.

1221 3737 1338 3800 Ἐξούλης,
1349 3750 1437 3788 nomeu
1449 3672 1648 3802 ιιίἰοιιίιιξίγίἰαιο
1667 3738 1683 3788 ii
1696 3739 1739 3801 qui
1755 3735 1840 3786 dieunt
1852 3749 1906 3787 ses
1923 3735 1975 3786 sub

1191 3807 1260 3858 bouis
1274 3807 1363 3868 sroerl,
1378 3807 1504 3858 intendunt
1516 3807 1563 3858 iliis
1575 3809 1617 3871 qui
1631 3809 1699 3869 ipsos
1709 3809 1801 3857 arcont-
1821 3808 1928 3855 Duoium
1939 3803 1977 3854 est
2079 3817 2080 3871 γ

1190 3890 1279 3927 nomen
1292 3877 1323 3927 eb
1335 3877 1408 3928 verbo
1422 3878 1524 3938 ἐξιλλειν,
1538 3877 1604 3940 quod
1622 3879 1660 3929 eet
1678 3875 1823 3937 excludere,
1834 3875 1974 3938 expellere,

1189 3948 1284 4010 ejicere.
1305 3949 1374 3998 Ηεοο
1386 3951 1467 3998 autom
1486 3947 1605 3999 sotionem
1623 3947 1653 3998 de
1667 3949 1692 3996 ei
1705 3947 1835 3998 iusiituuut
1852 3946 1926 3995 εἰκοσι
1941 3945 1975 3994 itii

1190 4017 1232 4081 qui
1246 4017 1337 4068 molles
1352 4017 1473 4081 aliquibus
1482 4018 1598 4080 irrogetis
1617 4031 1665 4069 uon
1679 4017 1798 4080 recipiunt
1813 4017 1876 4066 intre
1885 4028 1975 4066 οοιινε·

1189 4089 1295 4139 utentem
1304 4090 1420 4152 temporis
1434 4089 1568 4153 prescripti
1581 4089 1645 4140 diem
1648 4125 1659 4152 ,
1670 4089 1735 4151 quod
1749 4087 1857 4136 dmneti
1879 4091 1975 4148 tempos

1190 4160 1361 4222 prescriptum
1372 4160 1539 4222 preterierint.
1553 4159 1601 4218 Qui
1612 4164 1693 4209 temen
1703 4157 1734 4209 de
1743 4159 1767 4208 ri
1780 4155 1886 4206 oonrioti
1896 4157 1974 4216 ετκυι,

1191 4241 1240 4282 uon
1254 4229 1333 4280 ιοιυιο
1353 4231 1376 4279 ei
1394 4229 1436 4292 qui
1459 4230 1524 4292 ipsos
1538 4230 1724 4292 τεοεραεςετοί
1744 4223 1904 4279 mbiuebeut
1919 4237 1976 4288 m

1190 4299 1354 4359 obstulerant,
1369 4299 1412 4348 sed
1433 4299 1506 4351 etiem
1526 4297 1666 4364 reipublice
1686 4298 1856 4362 persolvebat
1874 4309 1905 4348 es
1920 4307 1976 4358 que

1194 4371 1289 4423 luerent
1303 4371 1433 4422 ulmeis.
1445 4372 1535 4421 Eodem
1544 4371 1639 4422 eetioue
1653 4369 1685 4420 de
1696 4370 1721 4418 ri
1733 4369 1849 4420 utebatur
1859 4367 1975 4425 ueditor.

1191 4441 1235 4505 qul
1253 4454 1329 4504 quom
1350 4443 1479 4491 oousretur
1502 4441 1565 4491 bone
1578 4439 1698 4490 debilosis
1717 4440 1836 4500 retium,
1850 4435 1882 4488 sb
1894 4437 1976 4498 οἰίηυο

1193 4511 1376 4575 impediebatur.
1390 4513 1466 4560 Porro
1477 4511 1497 4561 si
1510 4511 1565 4575 quis
1578 4511 1659 4574 operis
1669 4509 1822 4562 sbsoiouone
1836 4507 1975 4570 probibere
2075 4559 2076 4564 ,

1191 4583 1239 4642 tur,
1251 4581 1290 4631 lex
1310 4579 1460 4632 eiedversos
1477 4581 1644 4644 prohibentem
1663 4579 1736 4630 debet
1752 4579 1876 4629 ισθσοοιο
1891 4577 1924 4628 de
1935 4577 1975 4635 ης

1191 4651 1248 4702 item
1258 4653 1283 4702 et
1297 4651 1328 4702 de
1339 4651 1460 4715 mesoipio
1470 4654 1496 4702 et
1513 4651 1544 4701 de
1556 4652 1643 4714 quivis
1663 4649 1843 4714 numquis
1859 4647 1891 4700 ed
1905 4661 1934 4698 se
1945 4661 1974 4698 es
2074 4685 2075 4688 ι

1192 4724 1259 4785 porto
1269 4721 1388 4786 pertinere
1397 4721 1495 4774 δίωτοι.
1505 4723 1577 4772 cure
1587 4722 1640 4772 bno
1650 4723 1726 4772 lenus
1735 4721 1807 4771 θοοοί
1820 4723 1847 4770 et
1856 4719 1942 4781 ursin
1951 4719 1976 4768 iu

1191 4793 1301 4844 oratioue
1311 4793 1427 4845 ιθνετιυι
1447 4794 1591 4844 strutooiem
1612 4794 1644 4843 de
1663 4793 1696 4843 vi.
1729 4791 1868 4842 υἰυιιοουι
1880 4801 1939 4841 τετυ
1950 4789 1975 4838 lu

1194 4865 1384 4916 croeooidsrum
1399 4865 1563 4916 oontroversie
1575 4863 1727 4928 peeuberiier
1738 4875 1797 4914 usus
1807 4865 1845 4913 est
1860 4859 1976 4916 useuoo
2073 4851 2074 4872 ί

1191 4937 1232 4994 λης
1241 4947 1302 4986 vooe
1313 4935 1344 4987 ds
1353 4936 1456 4999 ηυιιιίοιυ
1465 4937 1589 4987 sacerdote
1598 4947 1654 4998 ςιιεο
1666 4947 1704 4985 res
1712 4945 1861 4984 ευειουιειο
1869 4931 1975 4983 suebos.

1192 5008 1268 5056 Porro
1283 5019 1372 5056 nomeu
1386 5006 1432 5056 boe
1445 5005 1470 5056 ie
1483 5019 1567 5056 omues
1583 5003 1668 5054 cedere
1683 5003 1725 5065 qui
1741 5015 1755 5052 e
1769 5003 1838 5052 benis
1860 5002 1912 5052 suis
1929 5000 1974 5060 eii·

1193 5076 1303 5136 cientur,
1314 5089 1364 5125 oon
1374 5088 1446 5136 vero,
1457 5079 1485 5125 ut
1496 5075 1608 5126 cecilius
1622 5077 1719 5134 oeoset,
1735 5073 1760 5122 iu
1770 5073 1884 5124 oossotos
1893 5069 1934 5133 qui
1943 5081 1974 5118 οι

1191 5145 1296 5206 judicato
1316 5145 1431 5208 debeant,
1455 5146 1607 5208 oiiryoiouos
1626 5155 1724 5208 quoque
1743 5143 1768 5193 in
1789 5139 1975 5195 bombicibus

1193 5217 1270 5279 petam
1283 5216 1346 5268 iasii.
