4186 6108
847 308 1093 368 FRAGMENTA.
1712 325 1764 375 321

174 439 214 518 poi
227 437 261 498 rit
275 439 346 496 κῶλα
360 437 405 495 καί
415 435 449 496 ab
460 435 598 514 κόμματα,
612 436 681 506 tuo<
693 436 719 495 δέ
732 436 810 496 πόλιν
826 436 968 515 Ἰσοκρό-Ι
990 451 1030 494 tas
1051 458 1106 494 esse
1122 439 1204 494 tradit
1226 449 1324 494 auctor
1339 441 1401 494 vitae
1424 437 1471 516 (p.
1499 441 1553 513 257
1578 445 1606 498 in
1622 443 1694 519 Βιογ,
1718 447 1761 502 ed.

172 547 234 595 της,
255 525 293 602 τῷ
313 522 426 600 Λαχάρη
441 522 547 589 δεόντως
571 526 597 581 ἐν
619 529 657 602 τῷ
671 524 730 602 περὶ
742 525 826 581 αὐτῶν
846 521 947 600 εἴρηται
964 509 967 522 ’
990 529 1140 583 Westerm.
1149 525 1171 599 l,
1183 544 1268 598 quarn
1279 529 1312 584 Α.
1325 529 1505 602 Mustoxydes
1518 531 1626 602 primus
1640 531 1743 590 edidit.
1759 553 1766 590 :

171 612 258 691 λόγῳ·
272 610 383 679 πολλοὺς
396 613 447 690 γάρ
458 612 578 690 ὁρισμοὺς
588 616 639 672 τῶν
652 613 767 692 ἀρχαίων
776 613 946 692 παρατίθησι·
994 613 1028 670 El
1042 610 1070 668 δέ
1084 633 1150 676 τινες
1161 610 1340 686 δπεισάγουσιν
1354 613 1446 679 ἄλλους
1455 613 1525 680 τινὰς
1536 614 1635 691 λόγους,
1646 620 1680 682 ὡς
1689 615 1768 686 όντας
1817 599 1825 614 ⁸

171 700 243 776 λέγει
267 699 317 778 γάρ
338 699 386 758 καὶ
411 699 575 778 Ἰσοκράτους
597 700 712 780 ὁρισμόν,
730 700 758 759 δν
779 702 807 759 οὐ
830 699 946 778 παραδέ-
992 697 1085 767 αὐτοῦ,
1100 699 1129 755 οὗ
1144 699 1314 775 προσδεκτέον
1327 701 1437 767 ἐκείνους
1447 701 1521 778 παρά
1535 703 1592 770 τοὺς
1602 705 1766 782 φερομένους.

172 809 261 864 χεται.
993 784 1053 844 Εἰσί
1064 786 1090 842 δέ
1101 788 1123 844 οἱ
1136 787 1346 865 έπεισφερόμενοι
1359 779 1441 845 οὗτοι·
1453 787 1668 860 συμόουλευτικοὶ
1680 793 1765 864 ἐννέα,

542 892 586 929 ια.
991 871 1051 948 περὶ
1066 877 1231 951 παρασκευῆς
1246 875 1408 948 ἱππομεδῶν,
1422 875 1481 952 περὶ
1496 877 1666 952 αὐτονομίας,
1679 882 1767 938 Σινω-

216 963 357 1018 Maximus
368 961 505 1016 Planudes
515 971 535 1014 t.
551 963 582 1027 V,
597 977 625 1032 p.
643 965 698 1031 497
713 961 801 1016 Walz.
821 961 877 1016 :0t
891 958 945 1016 λτ·
991 957 1078 1028 πικός,
1093 960 1258 1030 νησιωτικός,
1280 959 1424 1035 σύμμικτοι
1440 971 1518 1039 τρεῖς,
1541 964 1766 1042 ’Λμρικτυονικός,

172 1047 290 1106 τικισταὶ
303 1049 436 1111 παντελῶς
447 1043 622 1122 ἀποτρέπουσι
636 1051 681 1103 τοῦ
695 1047 889 1119 όνοματοιτοιεῖν
904 1046 948 1104 καλ
991 1044 1107 1122 περὶτοῦ
1123 1052 1291 1122 κατοικισμοῦ
1307 1047 1454 1116 Μιλησίοις.
1473 1049 1660 1108 Ἐπιδεικτικοὶ
1686 1054 1766 1123 ἑπτά,

174 1134 264 1212 μόνοις
277 1132 467 1212 προστάττουσι
481 1135 625 1210 κεχρῆσθαι
639 1140 695 1197 ταῖς
708 1131 855 1210 εἰρημέναις
864 1133 948 1199 λέξεσι
994 1133 1227 1211 Κλυταιμνήστρας
1244 1134 1385 1210 ἐγκώμιον,
1402 1136 1572 1208 Πηνελόπης,
1584 1140 1766 1217 Μενεκράτης,

174 1221 287 1288 καὶτοῖς
305 1218 471 1297 τεταγμένοις
490 1219 625 1294 ὀνόμασιν,
637 1218 671 1284 ῶς
693 1241 770 1298 φησιν
786 1217 945 1298 Ἰσοκράτης.
994 1217 1128 1294 ἐπιτάφιος
1149 1222 1202 1284 τοῖς
1216 1223 1242 1277 ἐν
1261 1219 1385 1298 Θυραίφ,
1400 1222 1596 1299 Νεοπτόλεμος,
1615 1226 1766 1303 Παριακός,

174 1309 220 1368 cf.
236 1310 272 1366 ir.
296 1327 340 1364 ιο.
993 1303 1050 1330 “’
1067 1306 1205 1381 (septimae
1224 1308 1449 1364 demonstrativa
1470 1313 1565 1366 titulus
1580 1324 1608 1367 et
1626 1333 1673 1370 νν.
1690 1315 1763 1370 δικα-

216 1394 416 1468 subjungimus
429 1393 464 1448 de
484 1393 642 1447 orationum
659 1393 868 1462 voluminibus,
888 1413 949 1467 quae
993 1389 1059 1450 itxoi
1070 1391 1192 1469 τέσσαρες
1206 1395 1400 1467 exciderunt),
1414 1397 1553 1474 συνηγορία
1568 1397 1631 1474 πρδς
1646 1398 1693 1468 τὴν
1709 1401 1765 1456 ἐπι-

176 1484 229 1538 sub
247 1482 378 1537 isocratis
408 1481 523 1536 nomine
544 1479 639 1550 paullo
663 1493 728 1553 post
745 1493 866 1536 mortem
889 1482 949 1552 ejus
993 1477 1087 1548 στολὴν
1099 1484 1144 1536 τοῦ
1160 1479 1315 1550 ἐπιστάτου,
1331 1479 1389 1558 περὶ
1402 1486 1447 1539 τοῦ
1457 1481 1580 1559 όρτυγος,
1597 1485 1662 1562 ὑπὲρ
1677 1489 1766 1559 Ὶίμο-

174 1567 456 1634 circumferebantur,
477 1566 666 1620 testimouium
700 1567 829 1638 Dionysii
857 1567 896 1641 (t.
914 1570 947 1638 V,
993 1564 1051 1622 θέου
1066 1564 1481 1644 έπιτροπικός,περίτῆςὺδρίας,
1515 1569 1664 1646 Σόμμικτοι
1678 1574 1766 1642 πέντε,

174 1675 206 1731 p.
225 1655 281 1725 576
300 1655 356 1726 ll.)
374 1671 381 1710 ε
398 1649 497 1722 Μηδεὶς
515 1652 538 1708 δ’
553 1655 652 1727 ἀγνοεῖν
667 1653 785 1732 θπολάόη
808 1654 864 1730 [με]
887 1655 948 1728 μήθ’
992 1652 1052 1730 περὶ
1067 1651 1231 1732 φιλοσοφίας,
1251 1651 1311 1729 περὶ
1332 1651 1484 1725 Πλάτωνος,
1506 1657 1565 1731 περὶ
1579 1655 1676 1734 έριδος,
1697 1681 1765 1736 προ-

175 1742 216 1800 ὅτι
232 1739 370 1820 Ἀφαρεύς,
385 1743 398 1797 ὁ
412 1737 535 1817 πρόγονός
549 1761 576 1796 τε
591 1739 635 1796 καὶ
651 1739 795 1810 εἰσποίητος
806 1741 949 1819 Ἰσοκράτει
993 1737 1143 1815 τρεπτικός,
1155 1737 1307 1814 καταδρομὴ
1319 1743 1459 1818 σοφιστῶν.
1478 1747 1518 1798 Ex
1531 1746 1575 1800 his
1588 1750 1764 1804 orationibus

174 1826 328 1904 γενόμενος,
345 1829 371 1884 ἐν
384 1830 422 1905 τῷ
436 1825 501 1903 πρὸς
521 1828 703 1900 Μεγακλείδην
717 1829 834 1906 περὶτῆς
849 1830 949 1888 άντιδό-
993 1828 1254 1901 Amphictyonicam
1269 1836 1297 1882 et
1309 1826 1495 1906 προτρεπτικόν
1506 1832 1635 1886 Isocratis
1647 1835 1767 1906 Apollo·

175 1938 242 1981 σεως
255 1914 324 1992 λόγῳ
335 1913 473 1992 διορίζεται
486 1913 615 1988 μηδεμίαν
630 1915 680 1973 ὑπὸ
691 1920 735 1973 τοῦ
747 1917 843 1994 πατρὸς
857 1917 949 1975 hedde·
992 1916 1094 1970 nlensis
1118 1914 1210 1968 videri
1236 1913 1318 1969 fuisse
1343 1915 1376 1972 G.
1399 1918 1564 1989 Bernhardy
1589 1919 1624 1974 ad
1647 1918 1767 1975 Suidana

175 2025 217 2060 σιν
235 2003 269 2066 τίς
280 2001 444 2076 δικαστήριον
458 1999 618 2077 γεγράφθαι,
635 2001 695 2076 μήθ’
717 2001 757 2060 ὅτι
771 2001 868 2078 δέσμας
882 2003 951 2062 πάνυ
995 2001 1072 2074 (vol.
1090 2021 1114 2070 1,
1130 2020 1146 2055 u
1163 2020 1191 2074 p.
1205 1999 1306 2074 ·xo78)
1327 2005 1436 2056 monuit
1457 2023 1464 2057 ι
1484 2006 1676 2077 Apolloniensi
1690 2009 1767 2061 enim

176 2087 275 2154 πολλὰς
298 2089 434 2146 δικανικῶν
453 2085 537 2164 λόγων
565 2086 747 2166 Ἰσοκρατείων
767 2090 950 2170 περιφέρεσθαί
993 2086 1092 2143 Suidas
1114 2088 1255 2140 orationes
1273 2085 1373 2142 eodem
1396 2089 1484 2143 modo
1510 2091 1655 2164 inscriptas
1677 2094 1767 2147 tribui

177 2165 256 2253 φησιν
271 2175 321 2232 ὑπὸ
332 2177 383 2231 τῶν
400 2171 580 2251 βιόλιοιιιινλῶν
597 2173 790 2251 Ἀριστοτέλης·
806 2177 950 2254 ἐπίσταμαι
994 2185 1117 2230 testatur.
1135 2177 1227 2244 atque
1246 2171 1450 2244 quam-Suidas
1467 2175 1588 2246 ejusdem
1609 2181 1767 2235 orationem

174 2251 227 2331 γὰρ
238 2257 319 2310 ταῦτα
332 2252 380 2310 ὑπὸ
394 2255 444 2310 τῶν
457 2253 555 2328 ἀνδρῶν
569 2252 672 2310 ἐκείνων
687 2251 827 2330 λεγόμενα·
841 2256 885 2313 καί
897 2256 949 2314 οὔτ’
993 2260 1112 2338 περὶτοῦ
1126 2261 1320 2332 μετοικισθῆναι
1335 2260 1400 2315 ferri
1419 2262 1503 2332 dicit,
1518 2264 1635 2321 fortasse
1653 2283 1687 2322 ea
1705 2279 1766 2336 est,

177 2341 349 2421 Ἀριστοτέλει
362 2341 485 2418 πείθομαι
501 2341 631 2422 ῥυπαίνειν
649 2343 692 2402 τὸν
702 2345 782 2424 ἄνδρα
802 2349 950 2427 βουλομένῳ
995 2369 1080 2424 quam
1100 2348 1271 2422 biographus
1292 2345 1350 2422 περί
1371 2351 1416 2404 τοῦ
1435 2355 1605 2424 κατοικισμοῦ
1630 2352 1768 2420 Μιλησίοις

178 2429 236 2488 οὔτ’
250 2431 357 2509 Ἀφαρεῖ
372 2430 463 2488 τοότου
482 2433 507 2506 γ’
522 2429 599 2488 ἕνεκα
612 2429 688 2506 λόγον
702 2435 818 2511 εὐπρεπῆ
836 2438 949 2494 πλαττο·
994 2439 1155 2511 inscriptam
1181 2436 1262 2490 fuisse
1288 2435 1414 2494 tradidit.
1432 2435 1646 2509 Clytaemnestrae
1671 2442 1767 2497 laudes

178 2517 251 2596 μόνῳ
268 2517 436 2592 συντίθεμαι·
447 2515 533 2574 ίκανδν
545 2517 571 2575 δέ
580 2518 745 2594 ἡγησάμενος
756 2510 821 2579 εἶναι
830 2524 875 2591 τῆς
885 2524 949 2593 ἀλη·
995 2523 1171 2596 Polycratem
1183 2519 1324 2592 scripsisse
1335 2537 1419 2591 supra
1434 2521 1561 2578 vidimus.
1577 2546 1589 2572 ι

177 2604 249 2670 θείας
266 2603 412 2682 βεόαιωτὴν
432 2604 476 2664 τὸν
490 2603 625 2676 Ἀθηναῖον
649 2607 842 2686 Κηφισόδωρον,
864 2610 891 2676 θς
906 2611 949 2670 καί
1036 2609 1191 2678 «Denique
1216 2603 1252 2658 de
1278 2606 1422 2659 sententiis
1446 2608 1615 2679 quibusdam
1640 2609 1769 2666 isocratis

178 2689 951 2772 συνεόίονσενἸσοκράτεικαίγνησιώτατοςάκουστηςἐγένετο
995 2693 1222 2756 videndumst,
1248 2707 1310 2761 quae
1329 2691 1429 2763 passim
1449 2693 1665 2766 ascriptoribus
1683 2700 1768 2752 variis

176 2775 225 2833 καί
243 2773 289 2844 τὴν
302 2775 442 2852 ἀπολογίαν
464 2775 511 2845 τὴν
529 2775 596 2834 πάνυ
610 2777 762 2852 θαυμαστὴν
778 2783 805 2839 ἐν
818 2791 875 2848 ταῖς
888 2783 951 2860 πρὸς
996 2787 1260 2836 commemorantur.
1274 2781 1368 2850 Atque
1378 2781 1517 2852 permulta
1529 2781 1644 2852 quidem
1657 2801 1766 2850 eorum,

177 2861 342 2939 Ἀριστοτέλη
353 2863 520 2939 ἀντιγραφαῖς
528 2863 679 2936 ἐποιήσατο,
688 2867 950 2948 πιστεόιυγεγροίφθαι
996 2887 1057 2940 qua
1093 2865 1263 2934 asseruntur,
1292 2863 1420 2919 homines
1451 2865 1529 2920 docti
1550 2883 1609 2920 non
1636 2867 1768 2923 viderunt

176 2949 269 3026 λόγους
281 2947 351 3016 τινὰς
368 2949 472 3008 tetros
491 2950 581 3032 ἀνδρὸς
595 2953 629 3014 είς
644 2953 810 3030 δικαστήρια,
823 2957 851 3012 οὐ
865 2953 951 3028 μέντοι
996 2958 1155 3010 etiamnunc
1178 2952 1207 3004 in
1232 2951 1408 3006 orationibus
1426 2953 1622 3025 superstitibus
1646 2965 1763 3010 exstare.

173 3035 298 3102 πολλούς.
308 3039 435 3094 «Deinde
444 3041 596 3098 Isocratem
604 3043 800 3098 Atheniensem
810 3045 882 3100 inter
891 3065 952 3102 ora·
996 3041 1041 3098 Sic
1055 3045 1089 3094 Α.
1101 3040 1330 3094 Westermannus
1343 3037 1413 3094 llist.
1431 3039 1525 3109 eloqu.
1535 3055 1578 3110 gr.
1590 3056 1620 3112 p.
1633 3039 1689 3112 ²93
1704 3038 1768 3094 Sto·

178 3135 256 3179 tores
267 3124 357 3193 luisse,
368 3127 417 3197 qui
428 3145 453 3183 a.
468 3125 523 3181 352
538 3128 574 3182 ab
589 3131 736 3185 Artemisia
746 3131 852 3186 invitati
863 3135 952 3206 epita·
997 3130 1048 3184 baei
1063 3125 1146 3181 floril.
1172 3123 1228 3192 48,
1250 3123 1336 3190 αθ-4ι
1347 3135 1382 3178 et
1402 3125 1444 3184 lo.
1460 3129 1624 3182 Damasceni
1643 3129 1766 3200 append.

177 3211 951 3288 phiisinhonoremMausolicomponendisdecertarent,
999 3234 1044 3284 ει,
1066 3213 1098 3269 13
1115 3212 1210 3278 affert,
1226 3211 1274 3266 sed
1296 3229 1329 3266 ea
1354 3223 1462 3268 exstant
1482 3213 1511 3266 ia
1528 3231 1572 3268 or.
1593 3213 1649 3286 2§.
1674 3213 1766 3283 2735

176 3296 284 3352 Gellius
301 3316 347 3365 ιο,
370 3297 618 3372 18‚Biograpbus
636 3302 732 3358 decem
750 3316 820 3359 orat.
838 3325 867 3379 p.
884 3307 950 3364 838.
998 3312 1025 3354 et
1051 3300 1068 3373 S
1099 3317 1147 3355 aa.
1180 3298 1251 3355 ltem
1284 3298 1422 3370 permulta
1454 3315 1567 3366 eorum,
1607 3319 1669 3372 quae
1699 3302 1767 3356 We·

178 3383 220 3450 B,
243 3385 440 3458 Theopompus
464 3387 541 3459 apud
567 3388 716 3443 Eusebium
739 3391 827 3464 Praep.
854 3411 950 3467 evang.
998 3399 1173 3444 stermannus
1189 3386 1209 3442 l.
1224 3385 1253 3439 d.
1277 3387 1421 3442 eMaximi
1441 3387 1613 3442 Confessoris
1627 3389 1766 3462 capitibus

183 3487 228 3524 ro.
245 3469 303 3545 3p.
327 3469 429 3536 4640
449 3472 626 3528 tradiderunt
641 3493 795 3548 eorumque
813 3477 952 3548 judicium
999 3474 1165 3546 theologicis
1186 3472 1309 3545 collegit.
1331 3471 1415 3542 Quod
1435 3472 1570 3526 Maximus
1594 3475 1730 3530 Planudes
1751 3473 1767 3529 5

178 3575 246 3612 cum
270 3560 317 3613 alii
337 3569 398 3613 urm
422 3562 458 3616 D.
488 3559 671 3614 Ruhnkenius
696 3561 761 3616 hist.
785 3575 870 3620 oratt.
901 3577 951 3623 att.
999 3581 1027 3634 p.
1045 3559 1452 3630 abl‚18etanonymus7p.
1471 3559 1768 3630 177Walz.allerunt,

177 3663 207 3718 p.
224 3643 261 3700 85
275 3664 337 3718 sqq.
353 3648 441 3700 secuti
460 3655 525 3700 sunt
545 3645 554 3719 (
564 3647 599 3704 cl.
614 3648 736 3706 Clintou.
751 3651 782 3707 F.
799 3653 834 3706 ll.
848 3671 878 3724 p.
896 3671 953 3726 ²99
999 3651 1101 3722 legitur
1118 3648 1148 3700 iu
1162 3664 1204 3700 or.
1222 3663 1232 3698 ι
1251 3645 1333 3718 §343
1351 3645 1429 3716 quod
1449 3647 1567 3719 Sopater
1586 3654 1643 3721 tp.
1665 3647 1732 3714 346,
1753 3668 1765 3704 ε

180 3733 270 3805 Kriig.
282 3731 305 3806 ).
326 3730 382 3788 Sed
397 3733 467 3788 illud
480 3743 620 3788 certamen
632 3732 748 3790 Suidam
760 3735 822 3806 jure
841 3738 878 3792 ad
890 3740 951 3794 lso-
999 3749 1025 3790 et
1039 3735 1166 3791 Stobaeus
1181 3732 1265 3786 florll.
1280 3733 1329 3805 93,
1344 3740 1378 3796 α4
1396 3744 1423 3786 et
1441 3732 1558 3788 loannes
1575 3734 1669 3806 Lydus
1683 3754 1712 3808 p.
1731 3743 1764 3801 4τ

177 3831 284 3874 cratem
299 3822 525 3894 Apolloniensem
541 3823 665 3877 retulisse
675 3835 703 3877 et
719 3825 744 3880 1.
762 3821 905 3897 Piluglxius
918 3827 953 3882 de
998 3823 1097 3894 bellu,
1113 3823 1142 3875 in
1158 3839 1201 3877 or.
1222 3840 1233 3876 x
1253 3820 1281 3894 S.
1296 3819 1329 3886 6;
1349 3818 1427 3891 quod
1439 3821 1558 3892 Sopater
1577 3825 1590 3883 4
1610 3838 1640 3892 p.
1657 3821 1724 3893 679,
1739 3823 1769 3876 iu

178 3907 287 3980 Theop.
303 3909 361 3962 vita
372 3927 403 3980 p.
419 3907 455 3962 26
471 3926 513 3979 sq.
532 3907 628 3962 docuit
643 3919 669 3962 et
681 3927 735 3983 ego
750 3911 778 3963 in
791 3912 951 3969 Zimmenm.
998 3929 1039 3964 or.
1056 3907 1148 3982 1525
1162 3927 1170 3976 ;
1186 3909 1265 3981 quod
1283 3905 1416 3979 Syriauus
1429 3909 1547 3960 Venetus
1560 3913 1574 3970 4
1589 3924 1618 3978 p.
1635 3906 1689 3974 30,
1704 3905 1766 3962 Sui-

181 3991 285 4050 Diurn.
304 3993 376 4050 1835
391 4014 421 4069 p.
441 4001 493 4060 4ιι
512 3995 636 4067 exposui.
654 3993 697 4050 Cs.
712 3996 743 4052 C.
759 3997 904 4056 Maerclxer.
919 3999 954 4054 de
999 3996 1048 4051 das
1060 4013 1090 4068 p.
1108 3994 1195 4051 2686.
1210 3992 1341 4059 CGaish,
1351 3993 1487 4046 Maximus
1499 3992 1518 4048 l.
1530 3991 1558 4046 d.
1571 4009 1600 4062 p.
1619 3989 1671 4054 184
1683 3991 1766 4047 Gesn.

180 4079 349 4136 Theodectis
373 4083 430 4136 vita
448 4101 459 4134 1
475 4101 506 4155 p.
521 4080 557 4134 αθ
570 4099 631 4152 sqq.
648 4113 687 4124 -
699 4079 851 4158 Ἰσοκράτης
865 4085 891 4140 ἐν
904 4087 954 4150 τοῖς
998 4087 1029 4138 in
1045 4102 1087 4139 or.
1110 4101 1120 4136 ι
1134 4081 1151 4154 §
1165 4101 1201 4156 ²9
1216 4081 1294 4155 (nam
1308 4099 1369 4152 quae
1389 4079 1464 4152 apud
1478 4076 1628 4150 Syrianam
1639 4078 1770 4150 leguntur

180 4163 245 4241 πρὸς
261 4165 383 4224 Εἷδοθέαν
404 4167 681 4224 commemorabatur
698 4170 775 4242 apud
797 4171 910 4228 Suitlam
930 4192 953 4231 s.
999 4169 1122 4243 ἀλγεινῶν
1138 4164 1243 4242 ῥακίων,
1258 4176 1352 4239 aperte
1365 4175 1495 4238 corrupta
1509 4177 1592 4232 suut,
1604 4163 1719 4220 fortasse
1731 4167 1770 4219 ita

180 4271 210 4306 ν.
231 4249 341 4326 χιάζειν,
360 4253 409 4308 sed
433 4251 576 4330 Σωκράτης
595 4251 621 4308 έν
640 4254 676 4328 τῷ
696 4251 760 4328 πρὸς
781 4253 898 4312 Είθόθεον
914 4247 956 4312 le·'
999 4253 1167 4328 corrigenda
1179 4249 1241 4328 πρὸς
1253 4249 1399 4326 Δημόνικον
1414 4249 1619 4328 γράφωνγςφιιοε
1631 4253 1770 4308 Maximus

181 4339 304 4412 gendum
323 4357 380 4394 esse
400 4341 434 4396 G.
454 4341 627 4401 Hermannus
641 4341 736 4396 docuit
756 4342 792 4396 ad
808 4345 952 4418 Aristoph.
999 4345 1076 4398 Plan.
1093 4341 1180 4416 5p.6
1196 4341 1290 4404 affert,
1309 4341 1339 4393 in
1351 4358 1392 4394 or.
1407 4339 1440 4393 13
1456 4339 1483 4414 §,
1501 4358 1534 4413 ¹9
1549 4351 1675 4410 exstant,
1689 4340 1771 4395 deui—

183 4423 258 4480 Nub.
282 4445 340 4498 97⁰
362 4423 419 4502 (cf.
436 4429 549 4502 Fragm.
574 4429 643 4483 llist.
670 4437 691 4483 t.
717 4425 763 4498 IV,
785 4448 814 4503 p.
835 4431 907 4502 4963
925 4431 952 4498 1,
1000 4447 1055 4503 que
1073 4447 1134 4501 quae
1149 4429 1179 4481 in
1191 4427 1303 4482 scholiis
1321 4425 1460 4480 bomcrcis
1478 4425 1515 4480 ad
1538 4425 1618 4482 lliad.
1632 4445 1663 4500 p.
1679 4426 1771 4490 θα4α

181 4530 214 4584 p.
228 4511 377 4587 Latii).
400 4537 411 4562 ν
1002 4517 1037 4580 46
1052 4517 1102 4572 Bk.
1128 4516 1294 4582 afferuntur,
1311 4532 1345 4568 ex
1373 4511 1418 4569 οεῖ
1442 4514 1500 4587 44.
1524 4532 1535 4567 1
1558 4513 1683 4568 desumta
1696 4525 1769 4570 sunt.

222 4599 337 4654 «tono
348 4611 502 4674 praetereas
514 4603 655 4656 orationes
669 4621 729 4673 quae
739 4620 814 4656 nunc
827 4604 957 4658 Isocratis
1000 4603 1107 4658 Eodem
1129 4601 1238 4674 modo,
1262 4600 1364 4673 quibus
1386 4601 1545 4654 Aristoteles
1568 4601 1598 4652 in
1625 4599 1705 4652 libris
1735 4598 1771 4654 de
1799 4659 1803 4670 ¹

183 4703 242 4740 esse
255 4697 391 4760 putantur
404 4689 558 4760 permultas
576 4688 729 4763 aliquando
742 4689 811 4744 lblso
825 4691 851 4744 ei
866 4691 955 4746 trihu·
1000 4691 1139 4745 rhetorica
1163 4689 1252 4743 utitur
1265 4683 1399 4758 exemplis
1413 4687 1568 4754 isocrateis,
1597 4685 1691 4738 omnia
1704 4703 1770 4759 pos·

180 4851 218 4898 tes
229 4849 395 4912 definiverint,
409 4851 525 4900 Lachares
537 4851 560 4898 iu
572 4865 616 4900 suo
628 4851 657 4900 de
668 4851 713 4900 illis
721 4853 822 4900 tractatu
831 4853 956 4914 diligenter
1368 4853 1403 4898 m.

179 4921 305 4982 exposuit3
316 4921 403 4970 multas
412 4923 475 4970 enim
483 4920 643 4982 antiquiorum
656 4921 798 4984 scriptorum
809 4921 956 4970 definitiones
1030 4921 1171 4970 Atticistna
1188 4919 1256 4967 noris
1276 4919 1405 4980 pangendis
1426 4917 1548 4967 vocabulis
1568 4931 1664 4978 prorsus
1684 4919 1772 4967 abhor-

180 4989 298 5052 appouit,
319 4990 343 5038 in
361 4991 439 5053 iisque
460 4991 533 5041 etlam
549 4993 703 5052 isocratcam,
722 5003 795 5052 quam
816 4997 955 5042 tamennon
1000 4995 1067 5050 rcut,
1086 5003 1164 5050 noque
1178 4987 1286 5048 usurpari
1298 4988 1383 5046 jubent
1398 4989 1507 5050 nisiquoe
1523 4987 1568 5036 dici
1579 4989 1668 5037 soleant
1679 4991 1704 5038 et
1718 4987 1772 5036 ιιυυί

179 5058 274 5123 probat.
1001 5065 1096 5122 resepta
1105 5059 1208 5118 suut,ut
1218 5061 1335 5107 Isocrates
1345 5057 1387 5106 ait.

288 5152 415 5192 ORATOR..
1640 5145 1664 5186 21
