3934 6350
733 499 814 560 ΧΧΙ.
838 499 941 560 ΚΑΤΑ
965 501 1134 563 ΜΕίΔίΟΥ.
1158 567 1164 580 ,
1674 521 1726 574 661

133 625 197 696 γίκς.
236 625 322 697 Φαμὲν
334 625 360 680 δέ
374 625 414 678 καί
424 623 496 697 ήμεῖς
507 627 544 681 δτι
558 625 664 698 άσελγῆς
681 628 779 694 λέγεται
792 629 806 682 ό
822 627 855 699 μὴ
869 648 911 700 με·
957 633 1171 705 καταφρονήσαντα
1182 633 1252 688 ἕνεκα
1266 641 1314 689 τῶν
1328 637 1437 690 δικαίων·
1455 639 1572 710 ὑφορᾶται
1586 641 1612 694 δὲ
1630 642 1684 703 τοὺς
1697 645 1732 694 δι-

135 707 214 774 τέχων
229 707 291 776 μήτε
304 707 456 773 δικαιοιπόνης
478 707 538 778 μήτε
561 706 653 776 ἀρετῆς.
698 708 778 779 Σέλγη
797 711 845 779 γάρ
863 708 913 761 έστι
956 707 1045 768 καστίτς
1058 707 1091 778 μή
1104 711 1213 781 χρήμασι
1225 715 1357 776 πεισθέντες
1370 717 1580 786 καταχαρίσωνται
1593 719 1636 771 τδν
1649 719 1734 790 ἀγῶνα

136 783 180 852 μία
191 784 261 845 πόλις
274 787 317 850 τῆς
336 783 492 855 Παμφυλίας,
509 783 534 848 έν
554 780 570 856 ᾗ
584 787 670 848 πάντες
689 787 777 840 δίκαιοι
790 783 851 854 ήααν
873 788 914 840 καί
956 790 992 856 τῷ
1002 786 1100 856 Μειδίᾳ.
1138 787 1180 854 Μὴ
1194 789 1273 860 λέγων
1285 787 1328 843 οὑν
1341 799 1447 864 φανερῶς
1456 794 1579 865 θεραπεύει
1591 797 1620 850 τί)
1628 797 1731 852 λυποῦν.

135 859 221 930 άρετῆς
243 861 385 933 άνάμεστοι.
440 859 554 932 ’λσελγὴς
577 857 619 916 οὑν
640 863 661 916 ό
682 862 715 934 μὴ
740 867 849 935 μετέχων
871 869 914 931 τῆς
957 863 989 915 Εἰ
999 863 1136 936 δέόδῆμος
1152 867 1181 918 οὑ
1192 869 1332 938 προσήκατο
1348 871 1390 934 τάς
1401 873 1558 942 ὑποσχέσεις,
1575 875 1627 928 οὗθ’
1642 876 1674 938 είς
1690 877 1732 929 τδν

135 939 238 1010 Σέλγης.
711 977 715 986 ·
956 943 1062 998 πλοῦτον
1077 944 1226 1016 άπέόλεψεν,
1245 948 1301 1002 οὐδέ
1321 953 1374 1010 ταῖς
1386 953 1499 1020 φανεραῖς
1512 951 1670 1022 ὑποσχέσεσιν
1689 952 1734 1020 ἡτ-

172 1021 232 1084 514,
248 1023 276 1082 4.
297 1017 365 1088 Ἐγὼ
388 1019 420 1082 δ’,
442 1019 500 1088 ὅπερ
522 1019 550 1070 θν
573 1020 615 1071 καί
632 1019 699 1091 ὑμῶν
723 1021 839 1091 ἕκαστος]
861 1018 914 1072 ’Πν
956 1022 1028 1089 τήθη,
1043 1025 1112 1096 πόσῳ
1127 1025 1223 1095 μᾶλλον
1233 1025 1302 1096 ὑμεῖς
1315 1027 1324 1096 ]
1332 1026 1504 1098 οὑκ],όφείλετε
1517 1030 1593 1099 νρὺρα
1603 1034 1734 1101 γεγενημέ-

135 1099 217 1151 τεῦθεν
231 1098 260 1151 τδ
273 1103 368 1167 πρῶτον
387 1098 456 1166 μέρος
471 1101 515 1150 τοῦ
532 1099 641 1168 δευτέρου
655 1099 738 1170 μέρους
760 1103 802 1164 τῆς
822 1101 912 1169 προτά-
957 1119 1021 1165 ναιςς
1034 1103 1096 1163 τίνες
1110 1102 1135 1156 δέ
1153 1099 1214 1170 ἦσαν
1234 1105 1259 1156 αί
1273 1105 1331 1176 πρδς
1343 1105 1385 1158 τδν
1397 1107 1475 1176 δῆμον
1488 1106 1642 1176 ὑποσχέσειςς
1663 1109 1734 1180 ἡμεῖς

136 1195 204 1238 σεως.
247 1174 345 1240 Ἐπειδὴ
357 1177 383 1228 δὲ
394 1176 534 1228 διαόάλλων
549 1176 581 1238 εἰς
596 1178 723 1244 δεινότητα
737 1177 810 1230 αὑτόν
826 1178 912 1231 όΜει·
957 1177 1109 1251 εἰσοίσομεν,
1133 1182 1324 1253 χορηγήσομεν,
1353 1185 1576 1255 τριηραρχήσομεν.
1627 1187 1684 1240 Ὅτι
1706 1188 1732 1240 δέ

135 1255 186 1316 δίας
200 1254 380 1326 έλεγεν,οὑδέν
391 1255 494 1308 πέπονθε
507 1256 602 1321 δεινόν,
618 1255 723 1327 άλλίιτῆ
738 1258 812 1329 τέχνη
821 1263 912 1328 θαρρῶν
955 1257 1085 1328 ήευδεῖςαί
1104 1259 1261 1330 ὑποσχέσεις,
1281 1265 1373 1332 προϊών
1388 1281 1459 1332 φησιν
1485 1261 1554 1333 ιέμέ
1572 1263 1651 1318 οἴεσθε
1673 1267 1733 1337 ὑμῖν

137 1332 226 1404 έπαίρει
248 1334 278 1386 τά
299 1336 430 1405 πράγματα
450 1335 491 1386 καί
511 1333 541 1388 τά
562 1333 635 1404 μικρά
653 1333 750 1404 μεγάλοι
771 1335 850 1396 ποιεῖ,
873 1334 912 1386 διὰ
959 1334 1114 1402 «εἰσοίσειν,
1130 1336 1192 1407 ὑμᾶς
1207 1337 1404 1410 δὲνεμεῖσθαι.»

136 1417 208 1466 τοῦτο
221 1413 348 1467 έπιείκειαν
361 1413 402 1466 καί
415 1415 560 1484 μετριότητα
569 1413 720 1483 ὑποκρίνεται
732 1413 829 1482 λέγων,
844 1413 858 1464 δ
872 1413 913 1466 καί
992 1415 1053 1481 515,
1069 1431 1095 1468 τι.
1117 1415 1191 1468 Ἆλλδι
1206 1421 1250 1487 μιᾷ
1266 1420 1372 1491 γνώμη]
1386 1419 1470 1480 Οὑδείς
1488 1420 1604 1489 διεσφάλη
1622 1425 1664 1473 τοῦ
1681 1426 1733 1493 πρέ-

136 1491 203 1560 ὑμῶν
227 1493 328 1554 ἕκαστος
346 1493 374 1545 δν
395 1491 506 1558 έποίησεν
532 1491 665 1562 ὑόρισθείς,
688 1495 759 1544 τοῦτο
780 1489 849 1560 κάγίυ
870 1495 911 1544 νῦν
955 1511 1055 1558 ποντος,
1069 1493 1146 1556 οὐδεὶς
1156 1493 1264 1566 ῆγνόησε
1277 1497 1305 1548 τδ
1315 1495 1386 1557 εἰκός·
1399 1499 1454 1550 τότε
1465 1498 1644 1566 πρῶτονόπαῖς
1657 1501 1734 1568 δῆμος

137 1569 253 1638 ἰποίησα,
267 1571 282 1624 ό
296 1572 455 1642 νομιζόμενος
469 1569 558 1642 ῥήτωρ.
957 1575 1011 1641 μιᾶς
1029 1570 1124 1642 ἐγένετο
1147 1577 1248 1644 γνώμης
1256 1585 1274 1638 ,·
1287 1575 1321 1627 ἵν’
1351 1575 1451 1636 ἕκαστος
1471 1577 1663 1648 καταψηφίσηται
1688 1588 1733 1632 τοῦ

172 1649 233 1713 514,
252 1650 277 1703 5.
291 1651 369 1704 Τοῦτο
381 1650 422 1704 καὶ
433 1649 629 1719 αδτὺςίποίηαα]
647 1647 758 1701 Ἐκεῖνον
774 1647 816 1719 μέν
827 1667 911 1718 τυραν-
956 1649 1073 1714 Μειδίου,
1088 1651 1247 1722 φοόοὺμενος,
1260 1653 1276 1718 ῆ
1288 1651 1477 1722 αἰσχυνοὺμενος
1489 1652 1605 1708 τάναντία
1618 1659 1670 1718 τοῖς
1687 1659 1732 1710 άλ-

138 1725 219 1790 νικδν,
243 1726 327 1780 έαυτδν
342 1727 370 1782 δέ
382 1728 415 1790 ὡς
431 1728 474 1782 ένα
489 1733 537 1780 τῶν
551 1727 649 1780 πολλῶν
668 1726 767 1794 (ἄξιον)
782 1725 912 1780 έπιδεικνό-
957 1725 1009 1788 λοις
1022 1733 1124 1798 γνῶναι.

137 1823 216 1874 μενος.
991 1803 1086 1857 Πολλοί
1099 1825 1140 1876 μοι
1156 1809 1311 1876 προσιόντες,
1326 1801 1442 1876 ώάνδρες
1460 1809 1588 1878 δικασταὶ]
1609 1807 1732 1864 ’λπίθανον

173 1883 235 1948 514,
253 1889 294 1938 16.
319 1884 366 1936 Παλ
385 1883 558 1954 πρυὺδαλόμην
580 1881 670 1936 ἀδικεῖν
688 1881 784 1936 τουτονί
802 1883 857 1953 περὶ
868 1882 911 1949 τήν
956 1881 1022 1942 ἔδοξε
1034 1883 1062 1936 τδ
1076 1885 1156 1954 νόημα
1177 1887 1215 1938 ότι
1230 1885 1271 1938 καί
1285 1885 1309 1937 οἱ
1327 1885 1438 1938 δικασταί
1455 1886 1624 1956 παρωξύνοντο
1643 1883 1675 1951 εἰς
1688 1892 1731 1957 τὴν

137 1961 238 2030 ἑορτήν]
257 1960 319 2015 ’Am
328 1966 371 2015 τοῦ
384 1961 526 2032 εἰσήγαγον.
565 1959 660 2020 Ἔδειξε
678 1960 704 2013 δὲ
716 1959 742 2014 ἐκ
753 1961 838 2014 τούτου
849 1962 913 2024 τίνος
956 1963 1119 2032 κατηγορίαν,
1136 1962 1204 2034 εἰμὴ
1228 1963 1359 2034 προλαόὼν
1378 1964 1446 2026 εὑθὺς
1466 1965 1570 2037 ένάρχῆ
1588 1967 1679 2028 πάντας
1700 1963 1729 2034 ἦν

137 2041 212 2109 κρίνει
224 2041 266 2094 τδν
280 2041 392 2094 Μειδίαν.
430 2041 464 2094 (λδ
477 2040 524 2111 γάρ
536 2038 605 2094 εἶπεν
625 2039 738 2105 άσεόεῖν,
751 2040 808 2093 ἀλλ’
820 2041 911 2098 άδικεῖν
955 2038 1030 2100 δείξας
1042 2039 1204 2112 ὑόρισμένους.
1637 2057 1639 2060 ·

137 2119 191 2188 περί
202 2116 245 2184 τήν
258 2119 355 2190 ἑορτήν.
391 2121 470 2173 Τοῦτο
479 2119 505 2172 δὲ
519 2119 648 2188 δημόσιον.
663 2117 777 2188 Προόολῆ
790 2121 836 2190 γάρ
848 2121 911 2174 έστιν
992 2120 1052 2184 515,
1069 2138 1095 2188 7.
1113 2119 1155 2182 Ὧς
1177 2120 1220 2192 μέν
1240 2119 1295 2192 έμοί
1313 2122 1397 2192 δοκεῖ]
1416 2120 1546 2176 Ἐντεῦθεν
1566 2122 1580 2188 ί]
1597 2125 1731 2190 κατασκευὴ

137 2197 216 2268 ὄνομα
228 2199 295 2265 δίκης
308 2198 430 2252 παιδικῶν
444 2197 499 2268 περὶ
512 2195 556 2262 τὴν
570 2195 655 2265 έορτῆν
667 2195 825 2254 ἀδικούντων.
956 2201 998 2250 τοῦ
1011 2199 1120 2270 δευτέρου
1135 2201 1220 2270 μέρους
1231 2203 1274 2266 τῆς
1289 2202 1435 2270 προτάσεως.
1473 2201 1507 2252 Tb
1521 2201 1638 2255 ἀπίθανον
1653 2203 1679 2256 δὲ
1690 2209 1733 2271 τῆς

173 2277 233 2339 514,
250 2295 277 2344 7.
298 2275 333 2328 03
352 2278 427 2348 μόνον
450 2275 560 2346 πληγάς]
578 2273 702 2327 ’Πντεῦθέν
722 2273 786 2327 ἐστιν
801 2274 820 2341 ἡ
838 2295 912 2330 κατα·
955 2277 1091 2344 προτάσεως
1102 2279 1167 2350 όρκῳ
1181 2279 1291 2343 διέλυσε,
1305 2279 1346 2330 καὶ
1355 2279 1399 2332 ἵνα
1415 2279 1448 2350 μή
1462 2299 1524 2333 τισιν
1537 2279 1645 2350 ἐπίορκος
1655 2283 1730 2355 δόξῃ,

137 2354 208 2420 σκευὴ
222 2359 265 2408 τοῦ
278 2357 374 2426 πρώτου
386 2358 469 2427 μέρους
481 2358 524 2420 τῆς
534 2355 679 2424 προτάσεως.
700 2353 744 2406 At&
755 2353 796 2424 μέν
809 2354 856 2426 γὰρ
870 2363 913 2410 τοῦ
957 2354 985 2406 τδ
999 2357 1160 2425 στοχαστικδν
1172 2358 1327 2428 προσέθηκεν.

136 2434 216 2505 λέγειν
233 2458 244 2484 ι
262 2437 314 2496 τοῖς
326 2436 457 2497 Διονυσίοις
474 2435 609 2488 »συνάπτει
624 2434 653 2486 τό
665 2433 794 2503 δημόσιον.
826 2435 871 2486 Καί
884 2437 912 2490 τδ
993 2433 1054 2498 515,
1071 2451 1112 2489 10.
1127 2435 1172 2488 Ὃν
1188 2435 1227 2490 ἐπί
1238 2441 1285 2488 τῶν
1300 2435 1386 2488 ἄλλων
1400 2433 1542 2506 έτεθέαντσ]
1559 2436 1676 2509 λυτικρὺς
1693 2439 1732 2491 διδ

139 2535 150 2562 ι
170 2515 235 2582 βίαια
245 2513 271 2566 δέ
282 2515 365 2567 παθὼν
377 2512 442 2584 παρά
455 2515 533 2566 πᾶσαν
545 2509 589 2576 τὴν
603 2512 723 2580 χορηγίαν
739 2533 749 2560 ι
762 2511 836 2574 οὑτως
849 2513 911 2584 ἔχει,
956 2512 1048 2565 τοὺτων
1065 2511 1194 2566 αἰνίττεται
1208 2513 1251 2568 τδν
1264 2515 1392 2584 τὺραννον.
1428 2512 1461 2566 Εἰ
1475 2513 1522 2584 γάρ
1543 2514 1568 2568 έν
1582 2517 1733 2587 δημοκρατίᾳ

136 2591 258 2658 Συνῆπται
274 2591 322 2663 γάρ
338 2592 412 2646 πάλιν
424 2591 547 2663 ἀμφότερα
559 2590 600 2642 καί
617 2589 646 2642 τό
665 2588 725 2642 ίδιον
741 2590 782 2642 καὶ
796 2591 824 2642 τδ
835 2593 912 2662 δημό-
957 2593 1005 2652 ζῶν
1016 2589 1059 2642 οἰικ
1075 2589 1127 2644 ἔστι
1146 2592 1275 2657 καθεκτὸς,
1296 2592 1319 2644 τί
1333 2591 1400 2643 ἄλλο
1416 2592 1432 2657 ἢ
1447 2592 1561 2662 τόραννος
1577 2593 1591 2645 ό
1608 2599 1730 2657 τοιοῦτοςς

136 2689 200 2726 σιον.
247 2670 326 2734 Δόξειε
340 2671 362 2722 δ’
377 2672 406 2722 ἂν
420 2671 453 2732 ὡς
470 2668 572 2721 ἔλαττον
588 2668 725 2736 προτιθέναι
743 2667 771 2720 τδ
787 2673 835 2720 τῶν
849 2670 912 2738 πλη·
957 2669 1067 2740 προσθείς
1081 2669 1106 2723 δέ
1119 2671 1147 2723 τδ
1161 2669 1280 2724 ἰδιωτικδν
1295 2677 1330 2741 τῷ
1343 2671 1395 2722 καθ’
1409 2669 1494 2722 έαυτδν
1509 2673 1625 2724 ότιδεινάι
1644 2675 1732 2727 πέπον-

137 2755 197 2817 γῶν.
210 2748 282 2818 Ἔχει
295 2749 322 2802 δέ
332 2747 379 2818 οὑχ
391 2747 474 2809 οὑτως,
487 2747 553 2798 άλλά
564 2745 604 2798 διά
613 2749 655 2812 τῆς
663 2745 774 2812 τοιαὺτης
785 2749 913 2811 συνθέσεως
957 2748 1008 2811 θεν,
1023 2745 1132 2816 ἐπήγαγε
1146 2747 1174 2800 τδ
1185 2748 1317 2818 δημόσιον,
1333 2749 1371 2800 ότι
1383 2749 1423 2802 καί
1433 2748 1491 2819 ὑπὲρ
1505 2756 1553 2803 τῶν
1563 2750 1647 2803 ἄλλων
1662 2749 1733 2816 ἡδυό-

137 2825 280 2880 άντιπῖπτον
294 2826 452 2897 ὑποτέμνεται
472 2825 514 2877 καί
531 2823 630 2894 προλόει
652 2823 681 2875 τδ
695 2825 911 2895 συγγνωμονικδν,
956 2825 1027 2878 λεαθε
1041 2826 1109 2892 δίκην
1125 2825 1220 2880 λαθεῖν.
1544 2823 1563 2862 ⁸

137 2908 175 2960 ότι
188 2908 219 2958 δι’
231 2905 307 2976 όργήν
320 2905 421 2972 ἔπληξε.
458 2903 491 2957 Εἰ
499 2903 547 2975 γὰρ
563 2901 605 2956 καί
617 2901 683 2954 άλλα
696 2901 778 2956 πολλά
791 2903 833 2956 καί
848 2905 913 2974 βίαια
993 2903 1522 2974 515,11.Οὑτωδέφοότωνέχόντων]Οὑ
1535 2905 1644 2976 δεὺτερου
1660 2911 1732 2959 τοῦτο

136 2985 178 3038 καὶ
192 2985 239 3054 πρὸ
255 2989 296 3051 τῆς
310 2983 394 3054 έορτῆς
407 2983 522 3049 πεποίηκε
537 2980 659 3051 πρόδηλον
672 2981 709 3034 ότι
730 2979 758 3033 οἰι
773 2982 805 3033 δι’
820 2981 911 3052 ὀργῆν,
958 2983 1104 3053 προοίμιον,
1126 2983 1159 3042 ὥς
1181 2999 1243 3043 τινες
1265 2981 1397 3052 ᾠήθησαν,
1416 2980 1481 3032 άλλίι
1499 2985 1658 3055 συμπέρασμα
1682 2990 1731 3036 τῶν

137 3063 194 3115 ἁλλ’
205 3062 232 3116 ίκ
245 3062 368 3134 προνοίας,
957 3061 1074 3130 κειμένων
1092 3058 1117 3112 έν
1134 3065 1169 3131 τῷ
1177 3061 1266 3130 πρώτῳ
1279 3061 1345 3130 μέρει
1361 3063 1403 3113 τοῦ
1417 3061 1555 3130 προοιμίου.
1570 3063 1729 3120 BFnsch,

172 3144 233 3206 514,
248 3162 273 3212 9.
291 3139 389 3207 Ἐπειδὴ
403 3140 429 3193 δέ
440 3139 520 3200 καλῶς
538 3139 578 3192 καί
595 3139 626 3192 τὰ
647 3140 728 3192 δίκαια
741 3143 831 3212 ποιῶν]
857 3141 913 3195 Ἐν·
956 3137 1042 3190 Τοίνυν
1055 3135 1163 3190 έντεῖιθέν
1176 3135 1226 3190 έστι
1237 3137 1266 3189 τδ
1284 3136 1442 3207 συμπέρασμα
1455 3141 1499 3190 τοὺ
1515 3137 1659 3208 προοιμίου,
1676 3137 1732 3210 ένῷ

136 3223 218 3275 τεῖιθεν
229 3221 258 3274 τδ
277 3221 388 3290 δεύτερον
407 3223 451 3272 τοῦ
473 3219 583 3288 δευτέρου
605 3219 690 3288 μέρους
703 3221 746 3284 τῆς
766 3221 912 3288 προτάσεως.
957 3215 1007 3268 έστι
1024 3215 1064 3268 καί
1080 3214 1096 3282 ίη
1111 3215 1234 3286 προσοχή.
1280 3215 1353 3284 ’Ἔχει
1368 3214 1393 3266 δέ
1416 3219 1563 3283 κατασκευῆς
1580 3217 1682 3288 δύναμιν
1705 3220 1732 3270 τὺ

135 3301 230 3370 Σχεδὸν
255 3299 281 3354 δέ
302 3302 384 3370 ώσπιρ
401 3297 533 3350 άσιίστατον
558 3296 600 3350 καί
627 3301 751 3368 μονομερῆ
775 3297 818 3350 τδν
835 3298 912 3362 λόγον
956 3293 1096 3347 τελευταῖον
1111 3295 1181 3364 μέρος
1199 3297 1244 3348 τοῦ
1256 3295 1394 3364 προοιμίου.
1441 3293 1490 3346 Δὺο
1506 3295 1553 3365 γάρ
1573 3294 1632 3348 εἰσιν
1652 3295 1677 3350 έν
1698 3303 1733 3368 τῷ

136 3379 305 3451 άπεργάζεται.
317 3377 349 3432 Εἰ
359 3377 407 3449 γάρ
416 3377 501 3448 φθάνει
511 3377 754 3446 προκατεγνωσμένος
764 3375 810 3429 ὑπό
825 3379 913 3440 παντὸς
956 3371 1026 3444 λόγῳ
1042 3372 1251 3442 mmmm,
1270 3371 1313 3442 μία
1332 3371 1374 3442 μέν
1394 3374 1457 3424 ὥστε
1472 3371 1504 3442 μὴ
1521 3371 1640 3425 ἶὸῑωτῑκδν
1662 3394 1732 3445 νομι-

135 3462 179 3510 τοῖ
194 3457 287 3528 δήμου,
301 3454 423 3525 πρόδηλον
438 3455 476 3506 ότι
489 3453 602 3522 οὑδεμίαν
620 3451 673 3522 ἔχει
686 3451 833 3524 ἀπολογίαν.
871 3455 916 3508 Δεῖ
956 3451 1042 3517 σθῆναι
1056 3450 1099 3504 τὺν
1110 3450 1210 3521 άγῶνα,
1232 3452 1262 3517 ἢν
1276 3451 1317 3502 διὰ
1336 3454 1380 3516 τῆς
1397 3449 1561 3520 ἀναγνώσεως
1577 3457 1626 3506 τῶν
1649 3456 1732 3522 νόμων

136 3535 161 3589 δὲ
172 3536 214 3589 τόν
227 3535 379 3605 κατήγορον,
394 3533 438 3584 κάν
452 3529 485 3602 μή
502 3529 579 3592 οὑτως
598 3529 645 3603 ἔχη
657 3529 687 3583 τὰ
703 3532 848 3603 πράγματα,
865 3553 914 3588 πει·
956 3529 1143 3593 κατεσκεὺαοεν,
1157 3528 1225 3599 έτέρα
1238 3529 1264 3580 δέ
1277 3531 1340 3580 ὥστε
1353 3527 1386 3599 μὴ
1400 3531 1539 3590 πεισθέντας
1556 3529 1611 3592 τοὺς
1620 3531 1733 3594 δικαστὰς

136 3616 222 3682 φᾶοθαι
234 3613 357 3684 μονομερῆ
370 3610 412 3663 τδν
426 3609 503 3680 λόγον
512 3609 660 3674 ποιεῖν,ένα
669 3609 693 3662 οἱ
710 3611 864 3675 δικασταίιὺς
877 3613 912 3683 ἐφ’
956 3608 1086 3676 προδοῦναι
1097 3607 1140 3658 τόν
1155 3605 1247 3676 άγὶἶινα.
1285 3605 1443 3676 Τοὺτωνγάρ
1457 3605 1573 3675 ὑπότερον
1590 3609 1730 3680 έίνουμόῆ,

136 3693 341 3763 ὁμολογουμένοις
357 3689 577 3760 καταψηφίσωνται.
956 3681 1052 3753 οἴχεται
1067 3683 1096 3735 τὰ
1106 3687 1148 3748 τῆς
1164 3681 1309 3750 κατηγορίας
1325 3687 1360 3752 τῷ
1374 3681 1476 3752 ῥήτορι,
1493 3683 1535 3734 καί
1545 3682 1585 3736 διὰ
1596 3689 1669 3738 τοῦτο
1684 3706 1730 3756 μα-

171 3771 233 3834 m,
251 3787 293 3825 lo.
312 3767 341 3822 ‘0
359 3769 437 3838 δῆμος
457 3767 531 3834 ἅπας]
551 3765 685 3820 Κάνταῦθα
705 3767 778 3822 πέλω
792 3767 911 3823 &mum
957 3762 1069 3831 κρότερον
1083 3762 1155 3814 δοκεῖ
1164 3761 1310 3829 γεγενῆσθαι
1320 3759 1348 3812 τδ
1358 3761 1503 3830 προοίμιον,
1515 3761 1580 3812 ὥστε
1592 3758 1636 3826 τήν
1651 3761 1731 3816 έπιθυ-

135 3849 291 3920 προλέλυκεν.
329 3847 397 3914 Φησὶ
405 3845 452 3917 γάρ
465 3845 479 3898 ό
490 3845 590 3906 Μειδίας
602 3847 646 3916 (p.
662 3845 723 3914 577,
736 3847 818 3913 4)θςι
829 3865 913 3916 χορςο.
957 3839 1012 3908 μίαν
1027 3836 1071 3903 τὴν
1085 3839 1147 3891 κατὰ
1157 3837 1187 3891 τδι
1197 3837 1314 3908 χρήματα
1329 3843 1376 3890 τῶν
1390 3837 1623 3900 δικαστῶνέξελεῖν.

135 3929 225 3982 ταὶκαί
237 3928 297 3990 ξένοι
311 3926 352 3978 καλ
362 3923 469 3978 τοιοῦτοί
484 3941 545 3984 τινες
560 3926 803 3992 κατεχειροτόνησαν.
845 3923 874 3977 ‘0
887 3925 912 3979 δέ
992 3922 1052 3987 515,
1069 3938 1109 3974 12.
1123 3920 1192 3974 Ὅσα
1207 3920 1250 3992 μέν
1263 3917 1323 3992 οὑν]
1337 3924 1461 3976 τουτέστιν
1474 3923 1585 3988 ἐπείσθην
1599 3922 1667 3994 ὑμῖν.
1687 3925 1732 3976 ίίαὶ

135 4009 264 4079 προλαδών
275 4025 347 4079 φησιν
362 4005 400 4056 ότι
413 4003 427 4056 ό
439 4005 516 4072 δῆμος
527 4001 604 4065 ἅπας,
615 4001 656 4053 καί
670 4001 787 4052 δείκνυσιν
798 4000 826 4052 σθ
837 4003 912 4072 μόνον
956 4007 1099 4072 κατηγορῶν
1119 4001 1199 4054 πάντα
1220 3999 1289 4062 δείξω
1311 4003 1477 4072 τετηρημένα,
1494 4000 1521 4053 οἰι
1536 3999 1664 4070 προῦδωκα
1687 4001 1731 4068 τὴν

135 4089 177 4141 τδν
189 4089 284 4158 δῆμον,
300 4083 366 4136 ἀλλὰ
380 4082 421 4136 καί
431 4081 487 4142 τοὺς
503 4079 616 4141 δικαστάς
632 4078 705 4131 αὑτοῦ
719 4080 910 4149 κατεγνωκότας.
956 4079 1103 4149 κατηγορίαν
1116 4077 1147 4130 δι’
1161 4077 1236 4148 ὑμᾶς,
1254 4075 1309 4130 οὑδὲ
1322 4078 1444 4149 χρήμασιν
1462 4078 1583 4145 έπείσθην.
1622 4076 1664 4145 Μι]
1684 4082 1732 4133 τοί·

136 4167 165 4219 Εἰ
179 4167 227 4237 γάρ
248 4167 318 4236 μέρος
333 4162 356 4214 οὑ
372 4159 483 4214 δικασταί
496 4163 539 4211 τοῦ
561 4157 656 4228 δήμου,
677 4157 799 4227 πρόδηλον
818 4159 912 4211 ότικά-
956 4175 997 4210 νυν
1011 4155 1068 4226 μηδ’
1082 4154 1159 4226 ὑμεῖς.
1198 4155 1245 4206 Καί
1259 4155 1288 4209 τδ
1301 4157 1344 4227 μέν
1355 4153 1490 4210 άκόλουθόν
1503 4161 1576 4210 τοῦτο
1589 4153 1629 4222 ήν.
1665 4157 1731 4214 Ὁδέ

135 4250 212 4299 κεῖνοι
226 4243 437 4314 συγκατέγνωσαν.
956 4235 1122 4299 ἀπεσιώπησεν
1142 4234 1200 4306 ὑπέρ
1217 4239 1261 4287 τοῦ
1279 4235 1312 4306 μὴ
1326 4237 1454 4306 προδήλως
1474 4236 1609 4307 ἐξελέγχειν
1624 4237 1679 4299 τοὺς
1699 4240 1733 4290 δι·

172 4327 233 4386 514,
252 4339 293 4374 11.
310 4318 356 4371 ίίαί
365 4317 470 4387 σφόδρα]
482 4314 536 4367 Ἵνα
551 4311 607 4385 δόξῃ
619 4315 795 4382 κατεγνωκέναι
809 4313 823 4364 ό
836 4315 912 4386 δῆμος
956 4316 1054 4375 καστάς.
1092 4313 1305 4384 Φιλονεικοτέρσυς
1315 4315 1363 4386 γὰρ
1376 4317 1404 4368 έίν
1416 4313 1504 4376 αὑτοὺς
1517 4316 1673 4381 κατέστησεν.

139 4425 149 4449 ι
166 4403 207 4453 καί
220 4400 311 4470 σφόδρα
325 4419 339 4446 ο
354 4396 406 4467 μετ’
420 4395 550 4454 ἐπιτάσεως
559 4391 628 4456 εἶπε,
645 4391 685 4442 καὶ
699 4393 736 4443 ότι
753 4390 780 4442 οὑ
792 4393 911 4461 δεινότητι
991 4394 1051 4457 515,
1068 4397 1107 4456 14.
1125 4391 1224 4458 Ἐπειδή
1235 4412 1270 4454 τις
1284 4393 1391 4465 εἰσάγει]
1406 4394 1475 4447 Μετά
1485 4393 1532 4464 γάρ
1545 4394 1574 4447 τδ
1588 4393 1732 4465 ἀποκληρω-

136 4484 167 4552 τῆ
181 4477 229 4551 έμῇ
241 4475 388 4548 παραχθείς,
403 4499 413 4519 ι
428 4473 463 4544 ἔφ’
474 4469 511 4534 οἷς
526 4471 665 4542 ἠδικημένῳ
677 4491 727 4541 μοι.
746 4493 756 4520 ι
956 4475 1026 4540 θῆναι
1039 4473 1067 4525 τδ
1081 4474 1233 4543 δικαστήριον
1244 4472 1350 4527 ἐδίδοντο
1362 4477 1413 4536 τοῖς
1429 4475 1581 4545 θεσμοθέταις
1593 4475 1617 4526 αί
1631 4476 1730 4544 γραφαί,

171 4559 232 4620 514,
250 4572 290 4608 ιο.
304 4553 380 4605 Ὥστε
388 4553 466 4605 πάντα
474 4554 599 4611 ποιοῦντος
613 4549 819 4620 τοὺτου]ἳφόδρα
831 4549 913 4618 βιαίως
955 4552 1062 4605 κάκεῖνοι
1076 4549 1177 4621 ἠρώτων
1191 4551 1293 4613 λοιπδν,
1311 4552 1392 4621 βοὺλει
1404 4553 1566 4622 κατηγορεῖν;
1582 4551 1597 4616 ἢ
1614 4553 1733 4622 μάρτυρας

135 4635 165 4688 οὑ
183 4636 257 4706 μόνον
271 4629 384 4692 δικαστὰς
396 4630 436 4682 καὶ
448 4631 544 4699 δῆμον,
556 4627 620 4680 άλλὺ
634 4627 675 4680 καί
689 4627 761 4680 αὑτὸν
776 4627 860 4680 ἑαυτοῦ
872 4648 913 4682 κα-
956 4629 1020 4701 έχεις
1033 4629 1116 4692 εἰςτὰς
1128 4629 1256 4691 ἀποδείξεις
1271 4629 1395 4700 έτοίμουςς
1411 4631 1452 4683 καί
1463 4629 1484 4682 εἰ
1495 4630 1641 4700 συνέφησεν,
1657 4629 1732 4692 οὑτως

135 4714 274 4786 τεγνωκότα
290 4713 430 4777 πεποίηκεν.
480 4707 508 4760 Εἰ
526 4707 626 4778 γὰρκαὶ
646 4707 762 4771 ἱκέτευεν,
787 4707 910 4778 πρόδηλον
956 4709 1001 4778 ήδη
1016 4709 1101 4762 λοιπδν
1117 4707 1236 4780 εἰσήγετο.
1275 4701 1416 4762 Τοῦτόέστι
1431 4703 1463 4762 τὺ
1480 4708 1561 4774 έπειδή
1577 4728 1612 4770 τις
1628 4708 1729 4780 εἰσάγει.

133 4793 172 4842 ότι
183 4791 333 4860 κατέγνωκεν
347 4786 442 4839 ἑαυτοῦ.
465 4785 500 4836 Tb
514 4783 560 4854 γάρ
570 4783 682 4837 ίκετεὺειν
695 4789 742 4836 τῶν
754 4783 909 4840 ἑαλωκότων.
957 4787 1085 4858 Ἄρχοντες
1095 4786 1125 4838 δέ’
1142 4781 1203 4852 ήσαν
1224 4787 1247 4838 οἷ
1262 4785 1294 4838 έν
1310 4787 1403 4858 ἑκάστῳ
1422 4787 1569 4858 δικαστηρίῳ
1586 4786 1629 4848 τάς
1644 4789 1731 4858 κρίσεις

169 4869 215 4920 ίίαί
225 4887 297 4921 τινων
314 4867 398 4918 ἄλλων
410 4865 467 4934 ὑπὲρ
481 4863 570 4933 αὑτοῦ]
586 4862 765 4932 Προδιαόέλλει
779 4864 833 4924 τοὺς
854 4866 911 4935 μάρ-
954 4864 1100 4936 εἰσάγοντες.
1149 4863 1281 4934 Πίσαγωγὴ
1300 4867 1347 4934 γάρ
1368 4863 1433 4918 ἔστιν
1457 4864 1579 4930 Ἀθήνησιν
1599 4864 1662 4936 άρχὴ
1683 4873 1730 4919 τῶν

132 4967 203 5018 τυρας
211 4951 254 5000 τοῖν
264 4945 364 4998 Μειδίου
375 4944 406 5004 ὡς
416 4943 456 4994 καί
466 4941 550 5002 αὑτοὺς
562 4942 799 5012 συγκατεγνωκότας.
813 4943 909 5012 Προϊὼν
954 4943 984 4996 τίι
999 4942 1142 5014 ἐγκλήματα
1157 4941 1315 5012 εἰσαγόντων.

133 5029 180 5100 γάρ
191 5045 277 5098 φησιν,
296 5023 455 5092 «Εὐκτήμων
470 5021 484 5074 ό
498 5021 620 5090 κονιορτδς
638 5020 679 5072 καί
698 5021 796 5087 τοιαὺτη
811 5023 845 5083 τίς
861 5021 911 5074 έστι
990 5022 1051 5086 515,
1073 5021 1114 5074 15.
1134 5021 1220 5072 Πολλὰ
1235 5020 1291 5090 μέν,
1307 5017 1328 5074 ὦ
1342 5021 1424 5091 άνδρες
1447 5018 1584 5092 Ἀθηναῖοι]
1600 5022 1728 5092 Πόρρωθεν

135 5133 148 5158 ε
163 5109 217 5178 περὶ
228 5105 301 5158 αὑτδν
316 5104 442 5175 μαρτύρων
465 5107 604 5154 συνεστῶσα
622 5100 723 5169 έταιρία.
744 5123 754 5149 ι
768 5101 822 5161 Πῶς
833 5095 908 5172 [οὑν]
954 5101 1081 5170 ἀποτρέπει
1094 5103 1137 5151 τοῖν
1149 5099 1276 5169 λήμματος
1287 5099 1342 5160 τοὺς
1352 5099 1473 5160 δικαστάς.
1484 5097 1516 5152 Εἰ
1529 5099 1576 5169 γάρ
1586 5099 1636 5170 ἐγὼ
1648 5100 1730 5156 πολλά

133 5187 247 5238 δύνανται
262 5183 356 5250 τάληθῆ
373 5183 502 5252 μαρτυρεῖν
517 5180 540 5231 οἱ
556 5180 607 5249 μετ’
622 5177 695 5232 αὑτοῦ
705 5179 908 5244 αυνικετεὺοντεςς
954 5179 1086 5250 λαμόάνων
1101 5177 1145 5230 οὑκ
1155 5176 1286 5248 ἐδεξάμην,
1299 5184 1348 5239 τοῖός
1362 5177 1431 5248 ὑμεῖς
1440 5177 1530 5248 ὀλίγας
1544 5179 1666 5248 κρόταλον
1683 5179 1729 5250 γάρ

170 5266 232 5332 515,
252 5283 272 5318 1.
288 5263 338 5317 Οὔκ
359 5263 474 5339 ἐπείσθη]
489 5245 603 5314 Ἐπαινεῖ
612 5261 654 5314 τὀν
673 5259 798 5330 δῆμον“ιὺς
811 5260 908 5314 πάντων
954 5259 991 5312 ότι
1005 5257 1040 5312 ἱνί
1055 5257 1097 5328 μὲν
1112 5257 1191 5319 διδοὺς
1205 5257 1246 5310 καί
1260 5256 1325 5330 αὑτῷ
1340 5262 1376 5330 τῷ
1390 5258 1519 5312 πεπονθότι
1532 5258 1613 5311 πολλὰ
1626 5257 1729 5324 ῆδὺνατο
