4114 6088
675 477 714 538 11.
739 476 830 538 ΠΕΡΙ
854 478 1189 539 ΠΑΡΑΠΡΕΣΒΕΙΔΣ.
1685 489 1737 540 501

171 605 224 674 Τήν
243 606 360 680 θμετίρσν
377 605 474 680 ὀργήν]
494 606 527 671 τίς
544 605 621 680 όργήν
640 608 701 679 ὑμᾶς
724 611 800 680 μόνον
820 612 917 675 κινῆσαι
1001 625 1042 665 11.
1061 610 1212 680 Τερατείαν]
1222 609 1300 664 οίονέι
1310 609 1483 682 ψευδολογίαν,
1494 610 1555 665 καθδ
1566 611 1607 665 καί
1618 610 1649 664 τά
1658 612 1744 683 τέρατα

135 685 211 740 θέλει.
223 687 263 740 Μ.
962 689 1081 758 γινόμενα
1093 687 1204 758 ψεόδεται
1218 687 1263 754 τὴν
1276 689 1354 760 φόσιν.
1370 691 1453 743 FLM.

174 764 304 826 Ἀπίθανος
321 765 375 831 ὢν]
396 762 424 817 οθ
444 765 527 828 πιστδς
546 767 591 830 ὢν,
612 765 646 838 μή
668 768 800 839 δυνάμενος
822 771 914 821 πεῖσαι,
997 763 1032 836 ᾞ
1046 766 1087 832 δ’]
1101 767 1149 818 Δόο
1164 768 1223 837 μέρη
1237 767 1289 821 ἐστί
1300 771 1344 820 τοῦ
1361 767 1454 838 λόγου,
1472 769 1624 840 σημαίνοντα
1641 771 1696 822 καθ’
1714 771 1743 822 θν

133 842 282 897 Τοθναντίον
298 843 325 896 δέ
343 842 457 912 βούλεται
470 843 562 909 λέγειν,
581 845 619 898 ότι
637 847 761 918 γνώριμος
775 849 810 898 ὢν
829 845 868 900 ἐπὶ
886 849 917 918 τῇ
963 841 1105 914 δὴτρόπον.
1123 847 1205 902 FLM.

134 922 203 994 αίρίρ
219 923 295 994 ταύτῃ
316 923 359 976 καλ
378 922 585 994 ὁμολογουμένως
600 926 745 996 δωροδόκος.
764 927 845 980 BLM.
882 925 916 978 *fl
1001 939 1042 976 ευ.
1062 923 1206 997 Σπονδαῖς]
1222 925 1423 998 Οίκαταγγελεῖς
1434 932 1482 979 τῶν
1495 925 1599 996 ἀγώνων
1609 926 1744 980 καλοῦνται

135 1002 221 1065 οὕτως·
237 1001 359 1063 ἀπιθάνως
369 1003 484 1070 τοιαύτην
498 1001 600 1075 ίεποψίαν
613 1004 669 1077 ἐμοί
679 1005 805 1076 ἐπιφέρων.
816 1006 846 1060 Β.
963 1004 1123 1074 σπονδοφόροι
1133 1005 1197 1058 καλό
1210 1007 1299 1076 χρόνος
1311 1005 1412 1069 ἐκεῖνος,
1425 1006 1480 1058 καθ’
1492 1007 1520 1058 δν
1532 1005 1635 1076 ἀγονται
1647 1007 1671 1058 οί
1681 1005 1745 1075 ἀγώ·

171 1086 199 1146 ῖς,
218 1083 471 1154 Ψυχαγενγηθῖνττς]
492 1081 547 1136 ἀντὶ
563 1087 608 1136 τοῦ
630 1083 791 1152 ammom
809 1084 856 1138 θςςὸ
875 1089 919 1153 πῆς
963 1099 1014 1146 νες,
1030 1082 1146 1146 σπονδαί,
1168 1083 1257 1138 διὰτὸ
1277 1086 1330 1147 τοῖς
1352 1085 1418 1146 θεοῖς
1433 1085 1488 1137 τότε
1512 1084 1622 1154 γίνεσθαι
1640 1083 1746 1146 σπονδὰς

134 1158 235 1227 ἡδονῆς.
248 1163 301 1214 FL.
339 1161 453 1214 Τουτίστε
466 1163 498 1232 τῇ
511 1167 559 1214 τῶν
573 1161 657 1234 λόγων
670 1161 831 1234 αθτοῦὴδονῇ
843 1183 918 1234 παρα-
962 1161 1073 1234 θπέρτῆς
1089 1160 1220 1226 Ἑλλάδος.
1256 1157 1347 1216 Τδοθν
1359 1161 1384 1215 ἐν
1394 1164 1449 1224 ταῖς
1458 1163 1574 1224 σπονδαῖς
1585 1163 1638 1224 ταῖς
1652 1162 1744 1235 Ὀλυμ-

136 1241 280 1302 πεισθέντες.
291 1241 374 1295 Bm.
963 1243 1061 1302 πιακαῖς
1071 1240 1096 1294 ἐν
1108 1247 1143 1313 τῷ
1155 1243 1240 1314 χρόνῳ
1249 1237 1312 1314 ᾧτά
1325 1239 1449 1312 Ὀλόμπια
1458 1235 1531 1310 ἦγον.
1543 1239 1624 1294 BLM.
1643 1239 1686 1294 Ἐν
1697 1242 1746 1314 γὰρ

175 1317 329 1386 Ἆντιθίτοις]
340 1319 392 1382 τοῖς
403 1318 427 1382 ἐξ
441 1317 612 1390 ἀντικειμένων
629 1318 780 1390 λεγομένοις.
799 1318 918 1374 λντίθετα
962 1321 1017 1382 ταῖς
1028 1319 1154 1390 ἐπισήμοις
1166 1321 1261 1392 ἑορταῖς
1277 1319 1421 1374 ἐσπένδοντο
1435 1319 1459 1372 οί
1470 1317 1593 1386 Ἕλληνες
1608 1319 1666 1390 πρός
1679 1320 1745 1373 οἷον·

136 1397 184 1468 γίιρ
196 1397 294 1462 λέγουσι
305 1397 336 1451 τά
350 1395 375 1450 ἐν
389 1399 494 1470 περιόδῳ
511 1397 587 1468 διπλῇ
599 1395 647 1450 ἀπδ
666 1397 849 1470 ἀντικειμίνων,
863 1399 917 1452 οίον
962 1399 1053 1465 δήποτε
1068 1397 1140 1468 εἶχον
1155 1399 1265 1472 πόλεμον
1279 1399 1312 1463 είς
1329 1399 1372 1453 τόν
1384 1399 1476 1470 χρόνον
1488 1401 1531 1464 τῆς
1545 1396 1637 1469 έορτῆς.
1652 1400 1733 1452 BFM.

140 1498 152 1524 α
172 1476 228 1538 τους
240 1476 325 1547 φίλους
342 1476 384 1548 μίν
399 1499 411 1527 ν
425 1477 523 1542 λυπῶν,
534 1477 590 1538 τοίες
599 1477 621 1527 δ’
634 1476 735 1548 ἐχθροδς
748 1477 889 1549 εθεργετιῦν.
904 1501 914 1528 ν
1001 1483 1041 1542 14.
1067 1476 1291 1550 Ἐπιγρσψάμενοι]
1306 1477 1362 1532 ἀντί
1375 1481 1419 1532 τοῦ
1432 1477 1617 1548 προγράψαντες
1631 1479 1673 1530 καί
1686 1477 1745 1531 ίντο·

138 1555 210 1608 Ἐστι
232 1555 280 1627 γάρ
308 1559 381 1608 τοῦτο
403 1556 509 1608 δίκωλον
532 1554 708 1626 ἀντικείμενον.
768 1555 874 1624 Ἡδονήν
894 1559 917 1611 δ’
963 1555 1094 1621 δαλόντες,
1109 1557 1235 1620 ῖνααθτθς
1248 1557 1415 1630 κατηγορήσῃ.
1431 1558 1512 1610 BFM.

137 1631 191 1703 έχει
200 1633 230 1686 τδ
248 1632 373 1687 ἀντίθετον
390 1637 487 1704 σχῆμα,
500 1630 575 1704 σίου(
584 1635 661 1690 Dem.
675 1651 700 1705 p.
717 1634 778 1699 315,
792 1637 824 1707 θ)
837 1635 917 1689 ἐδίδα-
1002 1635 1227 1708 Ἆπολογοόμενος]
1244 1637 1258 1690 ό
1271 1637 1373 1697 Λυκῖνος
1383 1635 1510 1704 δηλονότι.
1526 1635 1556 1690 θ’.

137 1728 192 1772 σπες
203 1711 352 1782 γράμματα,
368 1709 419 1783 ἐγώ
431 1711 457 1764 δέ
469 1709 580 1781 ἐφοίτων.
596 1731 607 1760 ιι
622 1711 704 1768 BLM.
1001 1715 1042 1768 1⁵.
1066 1713 1217 1786 Ἱκετηρίαν]
1232 1713 1351 1784 Ἱκετηρία
1373 1716 1415 1786 μέν
1430 1713 1494 1766 ἐστιν
1507 1712 1523 1778 ί]
1542 1712 1599 1781 θπέρ
1615 1731 1658 1766 του
1678 1732 1746 1784 γινο-

172 1793 200 1846 5.
222 1788 300 1862 Ὕμοῖς
313 1789 356 1862 μέν
371 1785 431 1858 οθν]
444 1790 523 1843 Τοῦτο
536 1788 598 1851 τινές
610 1790 691 1860 τρίτον
701 1793 839 1865 προοίμιον.
847 1792 919 1846 Ἔστι
964 1795 1023 1864 μένη
1044 1795 1139 1860 δέησις,
1157 1792 1267 1863 ίκετηρία
1277 1791 1311 1845 ’δέ
1332 1791 1408 1852 οίίτως
1426 1790 1535 1860 ἐγίνετο·
1556 1789 1645 1860 ῥάῦδον
1661 1791 1747 1864 θαλλῷ

136 1869 163 1924 δέ
176 1873 220 1922 τοῦ
230 1871 340 1941 δευτέρου
354 1871 524 1940 συμπέρασμα.
538 1869 598 1923 Lm.
963 1871 1046 1934 ἐλαίας
1067 1873 1151 1943 στέψας
1168 1873 1277 1938 καθῆστο
1298 1872 1410 1941 κατέχων
1430 1869 1464 1931 είς
1482 1869 1525 1923 τόν
1541 1867 1627 1924 Ἐλέου
1649 1870 1744 1941 βωμόν,

172 1949 354 2019 Διαφτρόντως]
371 1947 426 2000 ἀντί
437 1950 481 2000 τοῦ
495 1947 558 2002 πάνυ
575 1946 618 1999 καί
627 1945 682 1999 καθ’
694 1945 841 2017 θπερδολήν.
856 1950 917 2002 LM.
964 1951 1047 2020 μέχρις
1060 1945 1089 2002 σθ
1102 1969 1167 2012 τινος
1180 1949 1252 2020 ίτυχε
1264 1954 1311 2003 τῦιν
1324 1948 1436 2001 δικαίων.
1450 1947 1530 2002 BLM.

177 2025 300 2096 λνόσιον]
314 2027 358 2080 τδν
379 2025 442 2097 θμὴ
457 2025 624 2096 ἐπιτέτραπται
640 2029 774 2080 ποιοῦντα·
788 2027 856 2080 όσιον
870 2027 918 2098 γάρ
1001 2027 1172 2100 Ἀριστόδημον
1182 2031 1192 2097 ]
1202 2025 1280 2090 Οότος
1300 2026 1443 2082 ἐπεκαλεῖτο
1458 2025 1501 2098 μέν
1515 2025 1675 2096 Στεμφίλιος,
1693 2027 1746 2082 θέε·

136 2105 166 2158 τό
180 2104 207 2158 ίκ
217 2111 266 2158 τῶν
281 2107 364 2176 νόμων
376 2104 593 2177 ἐπιτετραμμένον.
607 2106 688 2160 BLM.
962 2109 1107 2170 ταποντῖνος
1117 2108 1138 2159 δ’
1150 2102 1181 2174 ἦν
1193 2105 1222 2161 τθ
1233 2108 1316 2178 γένος,
1335 2105 1376 2158 καί
1390 2104 1457 2158 ἐνίκα
1468 2105 1503 2166 δίς
1515 2103 1554 2158 ἐπί
1568 2105 1689 2171 θηναίων·
1705 2107 1746 2160 διέι

173 2189 200 2236 θ.
220 2183 374 2255 Παράδοξος]
393 2184 488 2251 Ταθτην
503 2184 527 2236 οί
540 2184 595 2255 περί
608 2183 781 2255 Μαρκελλῖνον
796 2205 918 2256 προκατα-
963 2183 1008 2250 τὴν
1022 2187 1124 2256 γνώμην
1138 2183 1165 2238 δέ
1177 2183 1233 2251 ήτοι
1247 2189 1337 2256 γνοῦσιν
1351 2183 1366 2250 ἢ
1379 2184 1499 2248 διάνοιαν,
1519 2183 1552 2244 ώς
1570 2183 1640 2245 όντος
1652 2181 1746 2256 ἀγαθοῦ

137 2263 225 2329 σκευήν
238 2282 319 2334 φασιν·
337 2263 389 2317 ἐστι
404 2263 430 2317 δὲ
444 2265 525 2335 τρίτον
536 2264 675 2335 προοίμιον.
691 2263 771 2318 BLM.
965 2263 1027 2319 LM.

176 2339 326 2414 Ἐπηρώτα]
340 2342 422 2396 Ταῦτά
433 2361 506 2413 φησιν
518 2342 638 2414 εζοηκέναι
649 2343 919 2415 Δημοσθένην,ἀ[οιίκ]
1001 2345 1043 2398 ιθ.
1066 2340 1132 2394 Ἀλλ’
1155 2341 1275 2412 ἔφθασεν]
1291 2339 1322 2393 Ἦ
1346 2339 1454 2401 σόνταξίς
1473 2339 1547 2405 ἐστιν,
1571 2340 1628 2392 ἀλλ’
1642 2340 1744 2411 ίφθασεν

138 2418 285 2487 ἀπαιτητέον
304 2420 330 2474 ἐκ
348 2425 392 2474 τοῦ
404 2421 483 2492 λόγου
501 2426 545 2475 τοῦ
567 2421 760 2492 Δημοσθενικοῦ·
775 2422 859 2476 πολλά
871 2422 920 2494 γὰρ
964 2417 1037 2472 αθτδν
1055 2419 1195 2492 ’ίατρτκλῆς
1209 2419 1288 2473 ἐλθών
1307 2418 1334 2473 ἐκ
1349 2419 1518 2482 Μακεδονίας,
1541 2421 1568 2480 θς
1587 2417 1747 2489 αἰχμάλωτος

135 2498 200 2560 είκδς
209 2497 285 2552 εἰπεῖν
299 2497 373 2552 αθτδν
384 2499 457 2571 ἐντῷ
464 2499 542 2570 ἀγιῦνι
550 2500 592 2552 καί
600 2499 747 2570 παραλιπεῖν
755 2499 780 2554 ἐν
790 2505 826 2574 τῷ
834 2501 915 2574 λόγῳ,
964 2500 1096 2571 γενόμενος
1109 2499 1195 2572 ἀφείθη
1206 2499 1252 2554 ίιπδ
1266 2498 1391 2552 Φιλίππου
1404 2497 1462 2550 ἀνευ
1473 2497 1579 2568 λότρων.
1596 2499 1657 2551 LM.

135 2578 469 2650 δοκιμάσανταώςπεριττά.
485 2579 566 2634 BLM.
857 2576 861 2586 ’
1002 2595 1043 2647 ¹7-
1064 2577 1115 2644 Τὴν
1128 2577 1237 2650 βουλήν]
1250 2576 1486 2632 τῶνπεντακοοίων.
1502 2578 1532 2630 F.

175 2653 348 2726 ’λπογνῦεναι]
364 2655 419 2709 οίον
435 2655 468 2728 μὴ
482 2655 709 2727 καταψηφίσασθαι·
727 2655 776 2711 ἀπθ
794 2662 878 2710 κοινοῦ
893 2657 920 2712 δέ
1001 2659 1043 2712 18.
1064 2656 1119 2710 Τῶν
1134 2657 1192 2710 δέκα
1204 2655 1346 2727 πρέσόεων]
1359 2655 1413 2732 θῶν
1429 2653 1487 2707 δέκα
1503 2652 1612 2725 ῥητόρων
1632 2654 1746 2725 όσκάρι·

135 2734 166 2787 τδ
181 2731 204 2786 εί
214 2731 268 2788 οίόν
282 2753 319 2790 τε.
333 2736 414 2790 Fffl.
963 2755 1018 2806 φος’
1036 2735 1127 2798 Ἰσαῖος
1135 2735 1225 2806 λόγους
1237 2733 1270 2800 τ’,
1287 2730 1428 2804 Ὑπερείδης
1437 2732 1528 2804 λόγους
1541 2731 1589 2803 ρο’,
1606 2730 1746 2804 Ἰσοκράτης

175 2811 245 2884 Ἐγὼ
259 2813 299 2882 δ’]
312 2811 343 2866 Ἦ
357 2813 437 2876 λόσις·
453 2812 505 2867 ίστι
516 2813 543 2866 δέ
551 2813 580 2867 τθ
592 2817 678 2884 σχῆμα
685 2815 825 2884 περιτροπή.
836 2816 918 2872 FLM.
963 2805 1053 2886 λόγους
1065 2815 1099 2878 ο’,
1115 2813 1229 2884 ’λντιφιῦν
1242 2813 1333 2883 λόγους
1348 2809 1379 2876 ν’,
1393 2811 1526 2882 Δείναρχος
1545 2809 1636 2882 λόγους
1648 2810 1681 2876 ν’,
1699 2813 1745 2864 Λυ-

175 2890 352 2963 ’λπογνοθς]ό
366 2889 399 2963 μὴ
413 2892 638 2964 κατσήηριζόμενος
652 2891 738 2946 ἐαυτοῦ
747 2891 848 2960 ἀδικίαν,
860 2893 919 2947 ἀλλ’
965 2898 1016 2959 σίας
1029 2897 1119 2968 λόγους
1133 2901 1166 2968 θ’,
1188 2898 1326 2966 Λυκοῦργος
1339 2894 1429 2966 λόγους
1441 2893 1477 2960 η’,
1496 2891 1633 2961 Ἀνδοκίδης
1655 2893 1746 2966 λόγους

137 2969 254 3026 ἀπολόων
266 2977 301 3044 τῷ
316 2970 349 3044 μή
361 2972 494 3025 συνειδέναι
506 2971 583 3042 ἐαυτῷ
594 2969 727 3024 ἀδικοῦντι.
742 2973 824 3028 BLM.
966 2976 1016 3048 μδ’,
1032 2975 1149 3047 Αἰσχίνης
1161 2975 1251 3046 λόγους
1268 2973 1304 3046 γ’,
1323 2974 1479 3044 Δημοσθένης
1492 2972 1582 3044 λόγους
1593 2973 1642 3027 σε’.
1655 2975 1686 3028 F.

172 3055 198 3105 θ.
219 3050 364 3118 Εῦθοίλου]
377 3047 454 3112 Οότος
464 3049 613 3122 δημαγωγός
628 3049 859 3115 ἐνδοξοςκατάτοός
866 3052 921 3124 περί
1002 3072 1044 3124 19.
1065 3055 1107 3118 Είς
1123 3055 1154 3108 τά
1167 3055 1321 3125 πράγματα]
1339 3052 1371 3115 είς
1384 3052 1413 3106 τθ
1427 3053 1539 3124 γενέσθαι
1556 3051 1663 3124 είρήνην.
1679 3055 1708 3106 F.

134 3129 294 3200 Δημοσθένην
308 3130 419 3200 γεγονὼς
431 3129 543 3200 χρόνους·
560 3125 589 3181 οδ
602 3127 766 3191 ἀποθανόντος
781 3127 920 3201 Ὑπερείδης
999 3135 1094 3197 Οῖτινες
1107 3165 1141 3176 -
1154 3133 1362 3204 παραιτήσονται]
1377 3131 1453 3184 οἱονεί
1466 3135 1617 3204 συγγνώμην
1629 3131 1745 3200 αἰτήσον-

134 3209 192 3279 περί
201 3215 250 3263 τῶν
264 3215 341 3280 τιμῶν
353 3209 431 3280 λόγον
446 3207 545 3280 ἔγραψε.
584 3209 725 3278 Δεγομίνου
745 3207 771 3262 δέ
783 3213 826 3262 τοῦ
842 3210 920 3282 λόγου
965 3232 1013 3266 ται.
1027 3216 1108 3267 FLM.
1146 3210 1207 3266 Οίον
1226 3211 1284 3283 ῦπέρ
1300 3215 1344 3265 τοῦ
1360 3211 1434 3281 χάριν
1446 3209 1512 3282 αυτῷ
1529 3209 1685 3282 ὁμολογῆσαι
1703 3211 1746 3265 τδν

135 3289 223 3340 τοότου
242 3287 281 3342 ἐπί
294 3287 359 3342 τέλει
373 3287 388 3341 ό
400 3285 522 3358 Αἰσχίνης
543 3284 617 3339 αθτδν
631 3286 751 3339 συνδικεῖν
765 3285 831 3358 αίιτῷ
843 3307 919 3360 παρα·
964 3293 1043 3362 δῆμον
1053 3292 1093 3345 διὰ
1104 3292 1133 3346 τό
1144 3291 1263 3363 ἀγγεῖλαι
1275 3289 1321 3357 τήν
1333 3289 1441 3360 είρήνην.
1457 3291 1486 3344 F.

136 3365 221 3420 καλεῖ.
235 3367 317 3420 BLM.
998 3369 1049 3437 Τὴν
1063 3370 1242 3444 ίκμαρτυρίαν]
1257 3371 1375 3442 μαρτυρία
1390 3371 1433 3440 μέν
1448 3367 1513 3423 ἐστιν
1528 3370 1587 3422 όταν
1605 3369 1666 3431 τινές
1685 3389 1746 3440 μαρ-

171 3465 199 3514 9·
222 3442 367 3516 ’Δτῑμέζυῑί
383 3442 438 3497 ἀντὶ
448 3447 492 3497 τθῦ
504 3441 630 3504 duma,
647 3444 676 3496 F.
964 3449 1085 3518 τυρήσωσι
1096 3450 1198 3520 παρόντι
1211 3447 1269 3514 τινί,
1281 3447 1428 3518 ἐκμαρτυρία
1439 3445 1466 3499 δέ
1476 3443 1492 3512 ἡ
1504 3446 1558 3516 περί
1570 3443 1674 3508 ἀπόντος
1683 3447 1748 3510 τινός

170 3523 252 3578 Ὅπου
264 3523 351 3595 τόχοι]
368 3521 424 3576 ἀντὶ
442 3525 486 3577 τοῦ
501 3521 526 3576 ἐν
540 3521 676 3594 οίῳδήποτε
692 3523 758 3593 μέρει
770 3527 814 3576 τοῦ
830 3523 916 3595 λόγον.
963 3527 1005 3580 καί
1015 3525 1142 3598 ἀποδήμου
1153 3527 1319 3598 ῦπάρχοντος,
1334 3526 1449 3596 λέγοντες
1463 3526 1502 3577 ότι
1514 3529 1679 3596 μαρτυροῦμεν
1693 3526 1745 3590 ότι,

135 3603 218 3656 ΠΜ.
964 3607 1005 3659 ὅτε
1016 3609 1106 3676 παρῆν,
1123 3605 1195 3676 ίλεγε
1208 3607 1274 3659 τόδε.
1303 3603 1456 3666 Ιίαίλοιπδν,
1470 3602 1643 3657 εἰίπανελθθεν
1656 3602 1747 3666 ἐκεῖνος

173 3697 214 3734 εο.
239 3677 396 3752 Ἐνεχείρησε
417 3679 460 3748 δ’]
475 3677 515 3732 ἐπί
535 3683 583 3731 τῶν
600 3680 730 3746 διαιτητῶν
749 3677 804 3734 είπε
817 3685 889 3736 τοῦτο
905 3683 920 3736 ό
964 3682 1033 3739 εἶπεν
1043 3686 1081 3738 ότι
1091 3683 1160 3738 οῦδὲν
1171 3682 1252 3749 εἶπον,
1264 3683 1388 3753 ἐκρίνοντο
1397 3677 1466 3734 οῦτοι
1475 3681 1629 3751 συκοφάνται,
1642 3681 1745 3736 BFLM.

133 3760 303 3830 Δημοσθένης,
319 3757 398 3812 ονἰκέτι
414 3759 498 3829 μέντοι
515 3757 557 3810 καί
576 3755 601 3811 ίν
618 3763 654 3829 τῷ
671 3758 819 3832 δικαστηρίῳ
831 3759 872 3812 διὰ
889 3760 919 3813 τό
963 3763 1035 3817 θέλει
1048 3761 1125 3818 εἰπεῖν
1146 3764 1184 3817 ότι
1198 3761 1338 3834 ἀρραὸὣνας
1350 3757 1380 3828 ήν
1399 3759 1556 3831 δεξάμενοςό
1574 3757 1745 3830 Ἀριστόδημος

134 3836 262 3893 ἀπίθανον,
303 3835 376 3904 Ἐξῆν
390 3838 438 3908 γάρ
455 3853 511 3889 τινα
524 3836 721 3906 παραιτήσασθαι
734 3835 837 3907 ῥηθέντα
855 3837 919 3908 παρὰ
964 3840 1012 3895 ἀπό
1024 3859 1098 3894 τινων
1113 3840 1211 3896 πόλεων
1230 3839 1289 3910 πρός
1300 3839 1329 3892 τδ
1343 3837 1513 3910 ἀγωνίσασθαι
1525 3835 1549 3891 έν
1565 3835 1659 3900 αῦταῖς.
1683 3837 1754 3891 ’Ἧικ

134 3921 187 3980 τοῖς
197 3918 347 3986 διαιτηταῖς,
365 3915 431 3983 πλὴν
444 3921 493 3970 τῶν
511 3915 641 3986 ἐγγράφων
655 3916 696 3966 καί
710 3914 881 3986 ίμθληθέντων
894 3917 919 3970 ἐν
964 3921 1011 3994 γὰρ
1021 3921 1162 3992 τραγῳδός,
1174 3919 1216 3973 καί
1227 3920 1276 3972 ίδει
1284 3918 1357 3971 αθτθν
1365 3917 1380 3984 ή
1388 3916 1555 3988 ἀγωνίσασθαι
1565 3917 1581 3983 ἢ
1593 3915 1693 3969 διπλοῦν
1704 3916 1747 3970 τθν

134 3999 186 4058 τοῖς
199 3997 297 4066 ἔχθιοῑε-
314 3997 396 4050 Fffl·
964 3999 1093 4070 ἀρραθῦενα
1101 3997 1260 4054 καταθαλεῖν.
1285 3996 1355 4050 ’Ἔδει
1365 3991 1409 4049 οθν
1418 3995 1542 4065 πρέσόεων
1556 4000 1604 4048 τῶν
1616 3995 1747 4049 πεισόντων

174 4075 289 4148 Ἱῑρῑίας]
305 4075 364 4148 Περὶ
377 4075 421 4142 τὴν
435 4074 531 4147 γραφὴν
546 4073 697 4146 ἡμάρτηται·
715 4069 758 4126 δεῖ
768 4073 816 4144 γάρ
828 4075 919 4145 γεγρά·
963 4078 1006 4140 τὰς
1025 4077 1108 4140 πόλεις
1130 4075 1163 4149 μὴ
1185 4076 1287 4131 διπλοῦν
1301 4075 1345 4130 τόν
1361 4074 1491 4147 ἀρραόῶνα
1512 4074 1673 4146 κομίσασθαι,
1690 4071 1747 4127 ἀλλί

133 4157 192 4226 φθαι
210 4153 340 4226 Ἱμερσίας.
378 4155 480 4226 Τίμαιος
492 4153 541 4226 γάρ
555 4153 623 4226 ἐντῇ
639 4153 697 4226 ἕκτη
710 4152 806 4223 ἱστορεῖ
815 4155 919 4224 γυναῖκά
964 4157 1185 4212 άπλοῦν.“Βί·Ὶ.Μ.
1226 4152 1465 4228 Ἐκμαρτυρίαέστίν
1478 4154 1536 4206 όταν
1552 4150 1584 4223 μὴ
1597 4151 1666 4214 είδίνς
1676 4151 1748 4216 αθτθς

134 4253 190 4288 τινα
202 4233 232 4286 τδ
245 4235 315 4305 γένος
330 4233 453 4306 Ἱμεραίου
468 4231 529 4286 ίδεῖν
541 4233 601 4304 όναρ
614 4231 728 4286 ἀνιοῦσαν
741 4229 817 4297 αθτὴν
829 4231 862 4294 είς
876 4232 918 4286 τόν
965 4239 1090 4308 μσρτυρῇ,
1105 4233 1171 4288 ἀλλά
1181 4236 1261 4308 φάσκη
1275 4233 1414 4301 ἀκηκοέναι.
1429 4231 1532 4294 Ἄλλως.
1557 4228 1589 4284 ‘fl
1603 4229 1747 4302 τοῦμήπα-

134 4311 238 4382 οθρανδν
251 4311 293 4365 καί
307 4314 365 4384 πρός
375 4331 441 4375 τινος
454 4312 556 4383 ἀγεσθαι
575 4311 725 4382 θεασομένην
737 4309 780 4371 τάς
797 4315 846 4362 τῶν
857 4309 918 4363 θεῶν
964 4316 1049 4386 ρόνςος
1068 4315 1186 4387 μαρτυρία
1194 4313 1307 4367 καλεῖται
1325 4311 1486 4383 ίκμαρτυρία,
1502 4307 1556 4363 οἷον
1567 4313 1611 4363 τοῦ
1621 4307 1668 4372 ἔξω
1677 4311 1748 4374 ὄντος

134 4390 249 4458 οἰκήσεις.
288 4389 367 4445 Ἔνθα
381 4389 442 4444 ίδεῖν
460 4389 501 4444 καί
517 4388 560 4443 τδν
573 4389 620 4442 Δία
632 4390 796 4459 καθεζόμενον
811 4387 850 4442 ἐπὶ
863 4389 919 4459 θρό-
966 4393 1092 4464 μαρτυρία.
1112 4393 1167 4446 Τῶν
1179 4391 1372 4462 ἀποδημοίντων
1386 4389 1435 4461 γάρ
1446 4388 1488 4442 καί
1498 4393 1547 4442 τῶν
1560 4386 1594 4460 μὴ
1606 4389 1747 4458 δυναμένων
1803 4449 1805 4464 Ι

135 4489 193 4536 νου,
209 4468 280 4544 ίφ’ᾧ
295 4469 388 4525 ίδίδετο
402 4471 489 4541 πυρρός
508 4487 543 4532 τις
556 4469 681 4539 ἀνθρωπος
692 4469 734 4522 καί
746 4469 822 4540 μέγας
835 4467 919 4522 ἀλθσει
965 4469 1046 4524 ἐλθεῖν
1065 4471 1098 4532 είς
1115 4470 1144 4525 εδ
1165 4471 1321 4541 δικαστήριον
1341 4468 1383 4522 καί
1405 4466 1448 4528 τάς
1467 4472 1516 4520 τῶν
1536 4466 1747 4533 τετελευτηκότων

135 4549 177 4602 καί
188 4549 274 4623 κλοιῷ·
292 4549 385 4621 ἐρέσθαι
401 4545 445 4603 οὖν
459 4549 503 4602 τόν
516 4549 667 4619 περιάγοντα
681 4550 747 4610 όστις
761 4547 822 4613 ἐστί,
836 4547 879 4601 τδν
894 4549 920 4604 δέ
966 4552 1096 4622 μαρτυρίας
1115 4549 1142 4603 ἐκ
1163 4549 1338 4620 γραμματείων
1364 4545 1540 4616 ἀνεγίνωσκον,
1563 4545 1590 4598 αἳ
1614 4543 1747 4600 ἐκαλοῦντο

135 4625 224 4691 είπεῖν,
246 4627 362 4699 ἀλάστωρ
377 4627 428 4682 ἐστί
444 4631 488 4694 τῆς
504 4627 613 4689 Σικελίας
631 4627 672 4680 καί
689 4625 808 4690 Ἰταλίας,
822 4626 864 4678 καί
878 4625 919 4681 ίάν
965 4625 1129 4698 έκμαρτυρίαι.
1143 4627 1224 4680 BLM.

134 4723 179 4776 περ
201 4704 296 4778 ἀφεθῇ,
320 4707 363 4769 τάς
386 4710 470 4778 χώρας
498 4707 632 4777 διαφθερεῖ.
670 4707 867 4777 Περιαναστᾶσαν
893 4707 920 4761 δέ
1002 4707 1050 4758 Καὶ
1064 4705 1181 4768 τίςότάς
1191 4705 1302 4776 δωρεθις]
1319 4702 1453 4773 Ὗπέσχετο
1462 4702 1520 4773 γὰρ,
1539 4702 1560 4755 εί
1575 4702 1618 4773 μέν
1631 4703 1657 4754 αί
1666 4703 1748 4764 πόλεις

134 4787 220 4858 χρόνῳ
233 4787 334 4858 ὕστερον
345 4785 482 4854 ὑπαντῆσαι
493 4785 612 4856 Διονυσίῳ
625 4790 661 4857 τῷ
673 4785 783 4856 τυράννῳ
799 4783 919 4856 μετὰτῶν
966 4789 1120 4860 συγχωροῖεν
1130 4785 1171 4848 τάς
1182 4787 1271 4856 ζημίας
1283 4781 1458 4854 Ἀριστοδήμῳ,
1469 4782 1545 4853 όρθῦις
1556 4781 1635 4854 ίχειν,
1645 4781 1667 4836 εί
1676 4783 1702 4837 δέ
1712 4782 1746 4854 μή

134 4865 285 4936 δορυφόρων,
302 4865 401 4920 ίδοῦσαν
421 4866 448 4919 δέ
467 4864 616 4935 ἀνακραγεῖν
633 4864 667 4925 ώς
686 4859 757 4926 οὗτος
773 4861 812 4930 είη
835 4863 919 4919 ότότε
964 4868 1118 4939 συγχωροῖεν
1131 4865 1174 4918 τόν
1188 4866 1268 4935 δῆμον
1280 4863 1370 4917 πείσειν
1381 4859 1473 4931 δωρεὰς
1488 4860 1555 4932 αιίτῷ
1567 4862 1648 4914 δοῦναι
1667 4863 1683 4915 ἀ
1700 4877 1746 4916 κα·
1779 4905 1784 4910 .

135 4945 251 5018 ἀλάστωρ
261 4945 382 5016 δειχθείς,
395 4945 437 4998 καί
446 4945 498 5016 ἅμα
513 4945 590 4996 ταῦτα
605 4941 728 5013 λέγουσαν
739 4943 877 5012 περιπεσεῖν
887 4941 920 5006 είς
964 4947 1068 5014 καθέλοι
1082 4947 1091 5012 ί
1102 4945 1176 4998 λάθοι
1186 4944 1284 5010 codd.)
1296 4941 1429 5010 ἀλλαχόθι.
1444 4941 1523 4995 BLM.
1782 4955 1788 4966 ·

134 5027 164 5081 τδ
186 5013 443 5098 ίδαροςέκλυθτῖσαν·
469 5021 531 5096 μετά
547 5021 574 5076 δέ
586 5023 704 5093 τρίμηνον
721 5021 801 5076 οῦκίτι
815 5021 920 5093 όφθῆναι
1000 5043 1043 5080 οο.
1068 5023 1146 5076 Ἧ-
1160 5023 1283 5089 ίνσταοις]
1300 5018 1355 5072 ἀντί
1373 5022 1416 5072 τοῦ
1434 5017 1526 5088 ἡάρχὴ
1538 5023 1582 5085 τῆς
1599 5018 1692 5090 είρήνης
1706 5017 1756 5075 καί·

134 5103 181 5171 τὴν
193 5105 317 5175 γυναῖκα,
331 5103 517 5159 θπδΔιονυσίου
529 5103 702 5175 δισρθσρεῖσαν
718 5103 805 5173 λάθρα.
843 5099 920 5165 Οότος
964 5105 1044 5172 ὥσπερ
1059 5103 1152 5172 κρηπίς.
1168 5103 1249 5154 FLM.

134 5183 223 5252 ίίριιάν
243 5201 316 5252 φησιν
331 5181 396 5236 εἶναι
416 5182 460 5251 τὴν
477 5183 596 5254 γυναῖκα,
613 5182 718 5253 μηδενός
733 5187 807 5237 τοῦτο
820 5181 918 5253 ίστορή-
1001 5197 1044 5235 σε.
1071 5178 1444 5250 ὈλοσχοίνῳῙΤθόλόσχοινον
1457 5179 1530 5246 φυτόν
1544 5173 1746 5248 ἐστιν,ᾧχρῶν·

135 5279 233 5324 σαντος.
246 5263 329 5318 BLM.
966 5279 1003 5313 ται
1017 5259 1068 5313 ἀντί
1081 5258 1192 5330 βελόνης,
1231 5257 1350 5330 ’Ᾰόροχον
1370 5257 1403 5312 δέ,
1417 5253 1498 5312 εἶπεν·
1517 5255 1615 5312 είιίιθασι
1636 5255 1683 5325 γὰρ
1697 5256 1752 5326 βρόι·
