4114 6088
754 453 777 512 1.
805 454 905 514 ΚΑΤΑ
928 455 1135 517 ΤΙΜΑΡΧΟΥ.
1688 481 1743 532 491

176 577 383 649 Τερατευόμενος]
399 574 454 631 οίον
473 579 506 642 ιὐς
523 581 591 652 τέρας
609 601 632 635 τι
649 582 690 635 καί
703 583 839 654 παράδοξον
853 585 919 657 λέγει
1005 585 1152 658 Ἱκετηρίαν]
1171 586 1289 662 Ὶκετηρία
1299 591 1350 646 ἐστί
1364 594 1455 658 θαλλός
1470 596 1552 659 ἐλαίας
1564 596 1620 670 ἐρίῳ
1635 593 1752 673 ἀνεστεμ-

142 679 172 730 με
187 658 360 730 ἐπαγγέλλειν.
374 659 458 750 Ὲλγρ.
966 666 1047 736 μένος.
1061 667 1145 736 BMQ.
1165 667 1211 721 Ὃν
1221 672 1338 742 κατεῖχον
1353 675 1407 735 ταῖς
1416 674 1500 744 χερσίν
1514 676 1537 728 οί
1546 675 1622 731 ίκέται
1637 677 1680 731 καί
1689 681 1750 733 ’δεό-

176 739 221 808 95.
235 737 403 808 Ἐπικλήρου]
426 737 471 792 Οτι
482 738 613 810 έπίκληρόν
621 759 676 793 τινα
687 745 794 812 συγγενῆ
803 742 863 814 πρός
874 745 920 812 γά·
967 761 1036 814 μενοι
1050 749 1133 797 τινῶν.
1148 747 1204 814 BQ.
1428 733 1435 744 ’

140 837 189 888 μον
204 817 292 872 έλαδεν
313 817 327 870 ό
348 815 517 888 Ἡγήσανδρος
531 817 661 875 πλουσίαν.
699 819 784 891 Νόμος
797 821 845 892 γὰρ
858 817 888 889 ήν
907 822 921 875 ὁ
1001 821 1163 895 Πρυτανείεις]
1183 825 1213 877 Οί
1232 829 1358 896 πρυτάνεις
1377 834 1509 903 συνάγουσι
1523 832 1568 900 τήν
1584 834 1677 905 βουλὴν
1691 837 1750 906 όση-

139 897 249 950 ιιελεῦων
271 897 314 951 τδν
330 896 452 968 ἐγγυτέρω
464 902 512 950 τῶν
533 897 618 950 ἀλλων
637 905 763 970 συγγενῶν
780 899 922 971 ῦπάρχοντοι
967 903 1046 972 μέραι,
1060 901 1125 968 πλὴν
1141 905 1170 957 ἂν
1183 905 1269 977 άφετός
1283 929 1318 972 τις
1336 907 1362 982 ᾖ,
1382 912 1425 964 τδν
1439 911 1465 965 δέ
1477 915 1557 984 δῆμον
1575 917 1684 986 τετράκις
1698 917 1752 970 ἓκά-

140 975 309 1072 Ντῗχέπικλήρῳ
317 976 408 1046 γαμεῖν
418 973 504 1040 αῦτήν.
519 977 600 1030 Bm.
616 974 763 1068 ’ἐθπθιληρος
771 978 797 1031 δὲ
805 977 867 1049 γονὴ
877 997 921 1030 κα·
966 1005 1023 1052 στης
1036 989 1190 1056 πρυτανείας,
1212 991 1254 1042 καί
1274 994 1453 1064 προγράφωσιν
1470 997 1517 1066 πρδ
1533 999 1623 1068 βουλῆς
1641 1001 1683 1052 καί
1705 1003 1751 1072 τρο

140 1073 236 1120 κειται,
253 1054 312 1121 ήνό
332 1050 412 1124 πατήρ
427 1052 525 1124 μέλλων
546 1053 662 1106 τελευταν
682 1055 861 1127 καταλιμπάνει
874 1055 923 1108 τινί
966 1064 1094 1132 ἐκκλησίας
1107 1066 1211 1137 ῦπὲρῶν
1227 1070 1268 1122 δεῖ
1276 1073 1447 1142 χρηματίζειν.
1490 1073 1521 1127 ‘H
1537 1077 1580 1131 μὲν
1599 1079 1682 1148 κυρία,
1695 1079 1719 1132 ἐν
1735 1076 1749 1146 ἦ

141 1135 200 1203 προς
217 1135 311 1205 γάμον,
325 1132 406 1203 λέγων
421 1132 463 1230 §tt
480 1133 542 1203 τῷδε
561 1130 636 1198 αθῖθί
649 1133 713 1187 θῖλοο
727 1135 821 1188 δοῦναί·
837 1135 893 1188 ΒΜ·
965 1143 1008 1205 τάς
1019 1143 1096 1216 ἀρχάς
1108 1145 1330 1218 ἐπιχειροτονοῦσιν
1342 1153 1368 1220 οθ
1380 1153 1461 1215 καλῶς
1478 1134 1606 1224 ἄρχουσιν,
1619 1159 1635 1224 ἢ
1651 1137 1751 1228 ἀπογεί-

153 1212 370 1309 κίίιιτεκεκῦὸευτο
390 1229 432 1264 w
456 1211 666 1282 κατωψοφάγητο]
683 1211 760 1283 ἤγοοο
783 1211 816 1276 οἷς
836 1213 922 1275 Ἀθὸοος
966 1231 1122 1295 ροτονοῦσιν·
1138 1227 1163 1280 ἐν
1177 1223 1193 1300 ᾔ
1206 1229 1300 1292 καίτάς
1314 1229 1491 1302 είσαγγελίαςδ
1505 1235 1654 1307 βουλόμενος
1667 1219 1750 1308 εἰσαγ·

140 1291 334 1358 ἐοαπανήθηκαί
347 1288 621 1389 εέςθήιθνιαῦνηλιῦθη.
636 1291 672 1343 Μ.
799 1368 805 1386 .
966 1303 1049 1374 γέλλει
1068 1305 1169 1368 καὶτὰς
1193 1305 1334 1378 ἀπογραφάς
1357 1317 1405 1364 τῶν
1428 1313 1603 1384 δημευομένων
1626 1315 1750 1386 ἀναγινῶ·

177 1369 357 1442 Ἐξωοοςίῖξῑο
375 1369 542 1466 *fik-filus&
594 1369 825 1466 Υξῑροθῑοθδῑῑῖηί
844 1373 919 1441 ὥραν,
966 1401 1049 1435 σκουσι
1064 1383 1088 1435 οί
1101 1384 1159 1454 πρδς
1173 1388 1227 1448 ταῖς
1240 1388 1330 1453 δίκαις,
1353 1391 1394 1443 καί
1411 1391 1454 1454 τάς
1475 1393 1555 1459 λήξεις
1570 1400 1619 1447 τῶν
1639 1396 1748 1466 κλήρων.

138 1451 248 1502 τουτέστι
263 1447 308 1515 τήν
323 1448 405 1520 ἀκμην
413 1468 456 1516 της
465 1447 570 1516 ἡλικίας.
587 1446 648 1519 &VHp
662 1447 709 1516 θοη
724 1449 844 1521 ἐγῑγοθοῑ·
855 1453 918 1519 MQ·
969 1459 1000 1515 Ἦ
1014 1463 1040 1516 δέ
1050 1464 1148 1535 δευτέρα
1159 1465 1276 1535 ἐκκλησία
1290 1468 1385 1523 ἀνεῖται
1395 1474 1447 1534 τοῖς
1458 1473 1616 1542 βουλομένοις
1627 1474 1751 1541 ίκητεοίας

178 1529 300 1626 Ἀνοοῑγς]
311 1529 345 1581 Το
355 1528 452 1590 avam
465 1527 575 1594 θηλυκῶς
589 1527 708 1590 οοοέτοξο·
724 1529 759 1584 M·
967 1541 1074 1612 θεμένοις
1082 1542 1163 1614 λέγειν
1173 1543 1248 1608 ἀδεῶς
1257 1549 1312 1617 περί
1325 1569 1351 1602 τε
1361 1556 1409 1602 τῶν
1420 1550 1488 1603 ἰδίων
1498 1521 1541 1603 καί
1550 1557 1598 1604 τῶν
1609 1523 1747 1619 δημοσίων.

177 1614 221 1678 96.
239 1608 376 1676 Τυπλέον]
389 1607 431 1660 τον
445 1607 584 1677 παρέχοντα
598 1605 665 1678 οθῖῷ
677 1607 789 1662 πλοίοοοῑ·
803 1609 842 1661 Μ·
969 1617 1000 1671 Ἥ
1018 1619 1044 1674 δέ
1059 1622 1126 1691 τρίτη
1150 1623 1232 1694 κήρυξι
1252 1627 1293 1678 καί
1314 1629 1450 1698 πρεσθείαις
1472 1629 1558 1698 [ἀξιοῖ]
1576 1601 1749 1701 χρηματίζειν,
1777 1680 1782 1688 ,

139 1766 150 1780 ,
175 1704 219 1783 527·
242 1688 291 1754 Τῆς
312 1689 419 1758 πόλεως]
437 1691 481 1752 τῆς
496 1685 653 1757 ἆοροπθλοοος
670 1686 747 1757 um.
762 1688 797 1741 Τδ
812 1687 861 1760 γέφ
878 1705 922 1741 πα·
966 1699 1007 1760 οθς
1016 1701 1180 1770 δεῖπρότερον
1189 1705 1241 1764 τοῖς
1250 1711 1408 1774 πρυτανεῦσιν
1418 1707 1588 1761 ἀποδοῦναιτά
1602 1710 1748 1779 γράμματα.

140 1785 210 1819 mov
223 1765 379 1838 ἦᾶκοοποδῑς
394 1765 498 1834 Ἀθηθθο
510 1764 623 1819 {mesto
634 1765 714 1827 πόλος·
731 1767 814 1834 BMQ·
969 1775 1001 1829 Ἥ
1012 1777 1038 1831 δέ
1052 1780 1154 1850 τετάρτη
1167 1781 1221 1851 περί
1233 1782 1303 1853 ίερῶν
1314 1784 1356 1837 καί
1365 1785 1450 1842 ὁσίων.
1461 1787 1627 1854 erolluce
1642 1791 1668 1850 8,
1684 1787 1728 1857 95.

179 1843 329 1942 ’[θσχπιάν]
341 1844 472 1914 Ἐσχατιαί
482 1843 528 1896 είσι
539 1844 611 1897 τόποι
619 1843 721 1914 ἔσχατοι
731 1848 773 1910 τῆς
783 1846 866 1938 χώρας
878 1863 921 1898 ²²2·
1000 1857 1164 1928 Πρυτανείας]
1180 1859 1280 1927 Ἐπειδὴ
1293 1859 1355 1916 δέκοιΙ
1363 1860 1425 1930 ήσαν
1439 1869 1591 1936 πρυτανεῖαι,
1608 1867 1710 1933 ἑκάστης
1723 1867 1750 1920 δὲ

139 1941 285 1994 ρατουμενοι
298 1925 315 1990 ἢ
326 1923 358 1986 είς
374 1925 444 1994 θρηῆ
459 1922 492 1984 εἷς
504 1922 638 1976 θέλοοοοο·
652 1924 756 1991 BFMQ-
772 1922 856 1976 Τοέπῖ
869 1925 921 1984 τοῖς
965 1937 1058 1988 τούτων
1076 1939 1228 2004 πεντήκοντα
1249 1941 1393 2012 βουλευταί,
1414 1943 1498 2014 άνδρες
1515 1947 1669 1999 πεντακόσιοι
1691 1965 1749 2016 πρυ-

139 2005 241 2074 ῖέρίέοοῑ
256 2003 282 2056 δὲ
300 2009 348 2057 τῶν
369 2003 456 2072 ῧθμῑοί
476 2002 571 2074 ἕοχαῖα
587 2004 688 2074 ’‘fist-‘⁵22²
710 2005 790 2074 χωρία
808 2002 922 2093 {ww
965 2016 1121 2082 τανεῦουσιν,
1137 2019 1239 2081 ἕκαστος
1251 2025 1317 2091 μῆνα
1328 2022 1370 2074 καί
1380 2021 1471 2093 ἡμέρας
1481 2021 1516 2088 ἒξ,
1528 2025 1591 2078 ὥστε
1602 2024 1632 2076 τδ
1644 2023 1697 2086 ἔτος
1707 2045 1749 2078 πε-

138 2083 284 2140 ἐκαλοῦντυ,
296 2085 379 2154 BMQ.
394 2084 497 2145 Ἀλλως,
519 2081 562 2134 Ἐν
574 2085 627 2145 τοῖς
638 2084 738 2154 χωρίοις
748 2081 921 2152 έναπολαμθά-
965 2094 1056 2164 μίχθη]
1069 2095 1112 2158 τὰς
1124 2097 1183 2150 ηέχα
1198 2099 1284 2170 φυγάς,
1329 2098 1358 2154 Ὁ
1372 2099 1402 2168 δὴ
1423 2103 1527 2174 7P⁶V0cv
1542 2105 1571 2156 η,
1584 2103 1655 2174 γρφεῑ
1670 2103 1686 2170 ἦ
1706 2105 1750 2174 μγ,

139 2183 223 2215 *W*
234 2165 278 2234 ὅθί]
290 2165 306 2231 θ
319 2163 380 2234 ἄκρα
394 2163 456 2217 δοῐᾶ
471 2161 515 2227 ῐθθ
536 2160 653 2229 anm.
671 2163 731 2232 Ποῦ
744 2161 805 2215 αθῑᾶ
816 2161 842 2214 δέ
854 2159 922 2232 θὶλοέ
964 2172 1045 2244 φυλή,
1064 2177 1195 2246 πρυτανεία
1211 2179 1334 2233 καλεῖται.
1372 2181 1420 2233 ίίαί
1434 2159 1550 2254 μετροῦσι
1566 2159 1705 2252 κοινότερον
1722 2183 1750 2234 οῦ

138 2243 211 2296 τόποι
225 2242 295 2308 εἰσὶν,
309 2245 336 2296 αἳ
348 2243 457 2310 ἐσχατιαί
468 2241 612 2295 καλοῦνται.
650 2242 719 2304 Τινὲς
734 2241 761 2296 δέ
775 2241 921 2312 ἐργάζονται
965 2253 1024 2324 πρῂς
1046 2258 1124 2325 μῆνας
1142 2255 1208 2308 ἀλλὰ
1228 2259 1287 2328 πρὸς
1310 2261 1452 2330 πρυτανείας
1468 2261 1523 2324 τοῦς
1546 2281 1572 2316 τε
1592 2263 1691 2334 μισθοῦς
1708 2262 1750 2315 καί

138 2321 234 2385 αῦτοῦς.
247 2325 301 2376 ΒΜ.
964 2333 1050 2394 τόκους
1064 2333 1105 2386 καὶ
1117 2333 1217 2388 ἐνοίκια.
1233 2336 1268 2390 Μ.

138 2403 295 2550 Βγῖῧηττοῖ]
312 2401 421 2473 Σφηττδς
439 2401 465 2454 δέ
478 2400 556 2472 δῆμος
573 2399 671 2452 ὅπῑοθεο
689 2402 732 2465 ῖῆς
753 2397 918 2469 ἆγςοοπολοος-
1004 2415 1063 2464 ιοίὶ.
1083 2411 1174 2478 Λσχὼν
1188 2411 1236 2466 ἀπό
1250 2413 1361 2484 κλήρου,
1381 2415 1563 2486 χειροτονηθείς
1578 2415 1604 2468 δέ
1618 2414 1667 2468 ἀπδ
1681 2418 1748 2471 δοκι-

215 2525 220 2536 ,
966 2489 1063 2558 μασίας.
1080 2489 1165 2556 FMQ.

178 2559 208 2613 Ὀ
219 2562 241 2612 δ’
260 2559 361 2631 ἡγεμών
372 2562 381 2627 ]
392 2558 406 2612 ό
418 2563 467 2612 τῶν
479 2559 635 2629 δημιουργῶν
651 2555 861 2628 χοροδιδάσκαλος
880 2555 921 2608 καί
1002 2582 1061 2634 107.
1080 2565 1215 2639 λογιστὴς]
1229 2570 1348 2640 Λυγισταί
1368 2570 1476 2642 κρίνουσι
1496 2574 1552 2635 τοῦς
1571 2573 1687 2646 ἄρξαντας
1707 2577 1749 2628 καί

136 2641 263 2716 ῦφηγητής
274 2641 315 2695 καί
324 2639 379 2692 οίον
390 2640 484 2710 ἀρχων,
497 2639 549 2692 δτά
561 2639 622 2710 ἔργα
631 2637 804 2708 ἐκλαμδάνων.
819 2636 881 2704 MQ.
964 2641 1108 2707 θπευθῦνους
1126 2645 1207 2707 ὄντας.
1221 2647 1282 2715 MQ.

179 2717 381 2793 Ἀμόργινα]Τὴν
393 2718 564 2790 λινοκαλάμην
574 2717 697 2788 ἀμοργίδα
705 2716 828 2786 λέγουσιν.
840 2714 920 2767 Ἔνιοι
1001 2722 1107 2796 Ἀνδρῳ]
1119 2725 1173 2778 Τῶν
1189 2726 1322 2779 Κυκλάδων
1337 2728 1418 2794 νήσων
1434 2729 1478 2799 μία
1493 2728 1600 2802 Ἀνδρος.
1616 2731 1651 2784 Μ.

137 2804 165 2856 δέ
185 2802 307 2874 ἀμόργινα
320 2800 399 2853 πάντα
412 2797 443 2852 τά
456 2797 534 2851 λεπτὰ
552 2797 694 2868 θφάσματα,
717 2793 828 2866 ἁλουργὰ
846 2794 879 2847 δὲ·
890 2794 920 2846 τὰ
1000 2802 1090 2873 θίνῶν]
1110 2800 1144 2856 Ἦ
1156 2808 1206 2876 μνᾶ
1217 2804 1267 2859 ἐστι
1281 2809 1395 2878 μέγιστον
1407 2813 1457 2862 τῶν
1469 2813 1513 2861 τοῦ
1523 2809 1645 2863 ταλάντου
1657 2816 1747 2882 μερῶν,

137 2882 227 2948 εθανθῆ
247 2879 288 2932 διδ
305 2877 350 2944 τήν
372 2877 460 2948 βαφήν.
497 2877 578 2930 Λεπτά
597 2877 623 2930 δὲ
636 2876 770 2946 λεπτυῦρῆ.
810 2874 920 2928 Ἔτ’-οπλα
964 2883 1040 2946 άιςείς
1053 2883 1074 2946 ξ’
1084 2887 1144 2955 μνᾶς
1154 2887 1359 2957 κατακερματίσαι
1372 2887 1481 2941 λῦσαντα
1494 2887 1523 2940 τδ
1533 2889 1666 2943 τάλαντον.
1696 2889 1748 2942 Ἦν

136 2962 163 3015 δὲ
171 2961 244 3028 σκεῦη
256 2957 368 3030 περισσδι,
377 2959 393 3009 ά
403 2961 445 3010 νῦν
455 2957 578 3028 καλοῦμεν
591 2955 727 3008 οίκόσκευα.
738 2956 799 3023 MQ.
812 2953 919 3026 Ἀμόργη
964 2961 990 3014 δέ
1003 2960 1018 3028 ή
1036 2965 1087 3033 μνᾶ
1104 2965 1214 3036 σταθμοῦ
1233 2985 1259 3018 τε
1269 2965 1332 3036 ὁμσῦ
1346 2967 1387 3018 καί
1398 2967 1548 3038 νομίσματος
1560 2969 1656 3039 ὄνομα,
1668 2971 1749 3039 ὥσπερ

138 3039 384 3102 ἱῖοοςθθλοοποῑοῦθ
400 3035 465 3107 {pm
482 3036 628 3107 ὦοπῑρέοτέ
642 3035 671 3088 τί)
684 3034 815 3106 ἔρῑοξοδοο·
835 3033 920 3085 ’mm
965 3040 1005 3092 καί
1025 3041 1054 3095 τδ
1068 3044 1199 3099 τάλαντον.
1242 3041 1272 3096 ‘0
1297 3046 1379 3115 μέντοι
1394 3044 1483 3106 όδολδς
1498 3045 1565 3098 όκτὼ
1584 3046 1693 3116 χαλκοῦς
1716 3045 1750 3100 εί-

135 3122 164 3174 δὲ
177 3121 276 3190 λέγουσι
287 3117 316 3170 τδ
328 3117 352 3170 ἐν
365 3117 417 3178 τοῖς
430 3116 551 3186 καλάμοις
560 3117 641 3185 ῶσπερ
657 3113 721 3186 ἔριον
737 3113 918 3184 εῦρισκόμενον.
964 3139 1018 3190 χεν,
1032 3125 1066 3190 Q,
1390 3167 1395 3179 ,

141 3201 252 3266 Ἐσθῆτα
260 3197 287 3250 δέ
299 3200 399 3263 ποιῆσαι
410 3194 457 3248 ἀπό
465 3195 558 3247 τοῦτων
570 3194 622 3247 ἐστί
632 3193 754 3264 δυσχερές,
766 3191 920 3245 καθολικοῦ-
1003 3198 1057 3254 Ἐπ’
1068 3201 1150 3274 ἐννέα]
1162 3201 1217 3254 ἀντί
1230 3205 1273 3254 τοῦ
1287 3201 1326 3257 ἐπί
1344 3205 1389 3273 μιᾷ
1404 3203 1446 3256 καί
1458 3201 1558 3274 ἡμισείᾳ
1573 3203 1711 3274 έκατοστῇ,
1728 3203 1751 3256 εί

136 3280 242 3334 τατάντί
253 3278 328 3341 ἐστιν,
338 3274 452 3346 ιὐςίνμήν.
465 3273 532 3327 Κατά
544 3277 617 3327 τοῦτο
628 3273 655 3326 δὲ
666 3273 708 3325 καί
718 3270 849 3342 affirm·
860 3271 917 3325 ΡΜ.
964 3297 992 3347 γε
1007 3280 1031 3331 οἱ
1045 3281 1070 3343 ἓξ
1082 3281 1170 3334 όῦολοί
1184 3285 1281 3335 ποιοῦσι
1298 3283 1356 3352 μίαν
1368 3281 1493 3354 δραχμήν,
1506 3282 1559 3349 ήτις
1576 3280 1675 3354 δραχμὴ
1693 3282 1748 3336 έκα·

174 3354 323 3427 Ποικιλτὴν]
340 3356 369 3408 δν
381 3354 488 3424 λέγομεν
500 3353 662 3424 πλουμάριον.
679 3352 740 3420 MQ.
963 3358 1039 3426 τοστή
1051 3359 1102 3413 ἐστι
1115 3364 1158 3426 τῆς
1171 3363 1240 3432 μνᾶς.
1254 3363 1338 3429 FMQ.
1633 3342 1640 3353 “

173 3440 219 3506 98.
244 3433 274 3487 ‘0
288 3432 513 3506 χοροδικάσκαλος]
528 3433 542 3484 θ
556 3437 599 3486 τοῦ
609 3433 686 3502 χόρου
702 3429 837 3502 θφηγητής.
852 3429 880 3484 Β.
1002 3433 1212 3510 Ἐκμαρτυρῆσαι]
1224 3438 1248 3490 ἐν
1264 3439 1336 3510 ἀλλῳ
1358 3439 1400 3510 μέν
1414 3441 1483 3512 τόπῳ
1502 3443 1513 3508 (
1520 3457 1560 3495 or.
1573 3457 1600 3504 ο,
1614 3443 1628 3507 S
1642 3442 1692 3509 ιφ)
1705 3461 1748 3508 ση·
1842 3433 1845 3442 ’

177 3515 390 3586 Ἐξηγριωμένον]
410 3513 464 3566 ἀντλ
478 3517 522 3566 τοῦ
535 3515 624 3584 χέρσον
636 3513 781 3583 γενόμενον.
793 3512 854 3580 MQ.
964 3514 1080 3583 μαίνειτδ
1088 3522 1238 3588 μαρτυρῆσαι
1247 3518 1301 3588 περί
1312 3517 1415 3580 ἀπόντος
1426 3518 1490 3580 τινδς
1498 3517 1636 3589 ἀποδήμου,
1646 3519 1749 3572 ἐνταῦθα

176 3615 234 3651 τοο.
258 3593 476 3664 Ἀπέδωκε]ήγουν
489 3599 620 3664 χρεωστῶν
631 3593 754 3660 έδωκεΩ
963 3596 989 3651 δέ
1011 3597 1040 3650 τδ
1060 3596 1160 3667 ἐκφῆναι
1181 3593 1225 3660 τὴν
1245 3595 1319 3648 αῦτοῦ
1335 3595 1460 3666 συμφορὰν
1479 3595 1521 3647 διὰ
1541 3600 1584 3662 τῆς
1609 3598 1747 3668 μαρτυρίας.

173 3677 298 3747 Κηφισίῳ]
309 3677 389 3746 ὄνομα
401 3675 491 3744 δήμου.
510 3675 539 3726 F.
964 3681 1048 3744 FMQ.

176 3757 333 3828 Ἀργυρείοις]
352 3755 388 3807 Tb
412 3753 549 3825 Ἀργυρείον
569 3755 611 3818 τῆς
629 3751 736 3816 Ἀττικῆς
753 3753 840 3816 τόπος,
860 3749 919 3803 ἔνθα
1001 3759 1060 3810 108.
1084 3752 1205 3820 Ὦνητής]
1225 3749 1278 3804 οἷον
1301 3751 1418 3823 πολέμιός
1440 3769 1475 3813 τις
1498 3751 1649 3822 βουλόμενος
1672 3751 1747 3820 αθτὴν

50 3881 54 3887 .
139 3837 325 3907 άργυρωρυχεῖα
341 3831 386 3902 ήν,
401 3835 416 3885 ἀ
432 3834 545 3903 λέγουσιν
565 3831 691 3903 ἀργυρεῖα.
710 3829 767 3884 Ἐπί
782 3829 919 3899 θρασιίλλῳ
964 3834 1093 3905 ἀγοράσαι.
1131 3832 1232 3891 Πάντως
1249 3828 1296 3898 γάρ
1313 3829 1364 3900 [ἀν]
1383 3827 1458 3895 αθτήν
1481 3829 1548 3893 εθθδς
1564 3826 1635 3894 οὗτος
1648 3831 1747 3888 ἐπώλει.

134 3917 164 3970 δέ
181 3913 355 3976 mamm
372 3917 415 3966 ῑοῦ
428 3913 487 3982 προς
500 3917 535 3983 τῷ
552 3911 696 3982 θροοίλλοο
712 3910 829 3982 μνήματι.
868 3909 919 3962 Ἶίν
964 3915 1022 3967 FM.
1043 3909 1085 3972 Ὧς
1105 3908 1290 3979 θποῦαλομένου
1307 3912 1351 3960 τοῦ
1376 3908 1504 3980 Τιμάρχου
1523 3909 1663 3975 ὠνήσασθαι
1684 3911 1748 3982 παρὰ

135 3997 163 4049 δέ
178 3995 236 4065 πρδς
250 3993 316 4066 σῦτῷ
326 3993 437 4064 μέταλλα
449 3991 573 4062 ἀργυρίου.
588 3991 650 4058 MQ.
964 3997 1006 4058 τῆς
1024 3990 1120 4051 πόλεως
1137 3990 1223 4059 φόρον,
1240 3989 1303 4039 ὥστε
1327 3986 1399 4050 σῦτδς
1422 3989 1632 4060 προκαταθέμενος
1655 3989 1748 4053 ἐκλέξαι

177 4093 236 4129 τοο.
255 4072 305 4138 Τὴν
322 4075 394 4125 νόσον
405 4069 467 4140 ]τὴν
482 4063 599 4141 πήρωσιν.
616 4071 645 4123 Β.
964 4071 1122 4138 ἐπιπλώσας,
1140 4068 1224 4121 ἔπειτα
1235 4065 1367 4135 σφαλέντος
1377 4072 1413 4137 τῷ
1429 4067 1584 4137 βουλεῦματι.
1604 4067 1640 4122 Μ.

173 4152 371 4224 Συνταξάμενος]
391 4151 494 4222 φανερόν
511 4171 535 4203 τι
558 4149 701 4221 συνθέμενος
714 4151 828 4220 παρέχειν
842 4148 917 4220 αθτῷ.
1002 4169 1060 4220 ¹⁰9·
1081 4147 1244 4217 Νικοφήμου]
1257 4141 1334 4208 Οὗτος
1347 4141 1402 4217 ήρξε
1419 4146 1466 4216 πρδ
1484 4144 1694 4216 θεμιστοκλέους,
1712 4146 1750 4216 ἐρ’

137 4237 158 4288 F
162 4238 223 4302 MQ.
963 4229 991 4283 οὗ
1008 4230 1137 4299 βουλεῦσαι
1149 4227 1191 4280 τδν
1205 4227 1346 4296 Τίμαρχον.
1385 4225 1434 4278 Ἠν
1454 4225 1475 4277 δ’
1493 4224 1532 4278 ἐπὶ
1554 4229 1598 4278 τοῦ
1617 4225 1692 4278 αὗτυῦ
1709 4225 1750 4295 ἀρ-

177 4317 235 4366 103.
260 4308 407 4377 Ἀδυνάτοις]
426 4307 493 4360 Κατά
507 4311 572 4378 μῆνα
590 4305 616 4360 ἐκ
636 4311 680 4359 τοῦ
693 4306 813 4376 δημοσίου
827 4305 919 4360 δίδοται
963 4329 1052 4380 χοντος
1071 4307 1113 4361 καί
1137 4305 1305 4376 Ἡγήσανδρος
1330 4307 1373 4370 τῆς
1398 4305 1454 4357 θεοῦ
1478 4303 1573 4374 ταμίας.
1614 4303 1661 4355 Καί
1678 4307 1749 4374 κοινῇ

135 4398 190 4452 τοῖς
204 4390 331 4452 ἀδυνάτοις
342 4389 453 4449 πολίταις
468 4389 561 4458 μισθός.
579 4385 716 4448 Ἀδυνάτους
732 4387 759 4438 δέ
779 4387 869 4448 πάντας
882 4387 920 4440 λέ·
963 4387 1104 4441 διέκλεπτον
1117 4389 1162 4439 τοῦ
1175 4384 1294 4455 δημοσίου
1305 4383 1389 4454 χιλίας
1406 4383 1531 4454 δραχμὰς,
1548 4385 1580 4445 ὣς
1597 4402 1670 4454 φησιν
1682 4381 1696 4435 ό
1710 4383 1750 4454 ῥή-

136 4490 209 4540 γουσι
228 4471 284 4532 τοῦς
300 4469 492 4536 όπωσδηποτοῦν
509 4466 691 4537 ήχρειωμένους
708 4465 765 4536 πρδς
782 4465 919 4534 ἐπικουρίαν
964 4487 1024 4536 τωρ.
1040 4466 1095 4518 ΒΜ.

137 4551 240 4603 ἑαυτῶν.
258 4551 362 4612 Ἀλλως.
373 4549 435 4609 Τοῖς
447 4546 573 4609 ἀδυνάτοις
586 4549 638 4608 τοῖς
648 4549 757 4616 σώμασιν
773 4545 919 4617 ἐχορηγεῖτο
1000 4545 1063 4615 Πρδς
1077 4542 1163 4614 μικρδν
1177 4543 1265 4612 μέρος]
1286 4543 1300 4593 δ
1315 4540 1365 4594 ἐστι
1380 4540 1438 4610 πρδς
1450 4540 1479 4593 τδ
1494 4539 1611 4593 ἀπυδοθέν
1622 4539 1695 4610 ὕδωρ.
1711 4539 1746 4593 Μ.

135 4629 242 4695 ἑκάστης
259 4627 349 4700 ἡμέρας
365 4627 391 4680 ἐκ
406 4630 449 4680 τοῦ
469 4627 589 4697 δημοσίου
608 4625 641 4686 εἰς
661 4623 752 4696 τροφὴν
771 4625 917 4695 τριώῦολον.
1004 4623 1152 4694 Ἐγγντάτω
1164 4624 1208 4686 τῆς
1217 4619 1308 4690 αἰτίας]
1322 4619 1363 4670 διὰ
1375 4617 1404 4672 τῦ
1420 4617 1548 4690 ἐπιφέρειν·
1566 4617 1696 4670 κλέπτουσι
1706 4622 1749 4685 τῆς

138 4709 223 4776 BMQ.
966 4703 1060 4763 πόλεως
1075 4699 1136 4771 ἀνὴρ
1152 4699 1193 4752 καί
1203 4698 1275 4769 γυνή.
1289 4699 1351 4766 MQ.
1786 4693 1791 4700 '

173 4787 391 4855 Μισθοφοροῦντα]
405 4783 460 4838 ἀντὶ
475 4789 518 4837 τοῦ
532 4784 618 4854 μισθόν
632 4783 770 4853 δεχόμενον
786 4780 810 4834 ἐν
823 4787 858 4854 τῷ
875 4803 919 4835 κα·
1003 4800 1061 4836 ιιο.
1082 4777 1175 4850 Οὗτος]
1191 4777 1345 4848 Ἀναρορικόν
1362 4775 1426 4830 ἐστιν
1443 4775 1641 4842 ήέπιδεικτικδν,
1660 4777 1693 4840 ὡς
1706 4781 1749 4830 τοῦ

136 4866 241 4936 ταλόγῳ
256 4871 304 4918 τῶν
314 4865 495 4936 λελωῦημένων
506 4863 547 4916 καί
562 4862 695 4916 ἀδυνάτων.
733 4861 817 4932 Νόμος
830 4861 877 4933 γὰρ
889 4859 919 4929 ήν
968 4861 1141 4933 Ἡγησάνδρου
1152 4860 1345 4928 συνηγοροῦντος
1354 4860 1396 4910 νῦν
1409 4861 1444 4928 τῷ
1451 4856 1586 4928 Τιμάρχῳ.
1602 4857 1659 4910 ΡΜ.

136 4945 256 5006 Σόλωνος
271 4943 402 4996 όκελεθων
416 4944 471 5006 τοῦς
484 4942 607 5004 τοιοῦτους
625 4941 711 4995 ἐκτῶν
726 4941 850 5010 δημοσίων
867 4943 919 5012 τρέ-
1004 4939 1185 5011 Ἀχερδούσιος]
1198 4935 1246 4990 ἀπδ
1257 4937 1346 5008 δήμου.
1361 4938 1392 4990 F.

135 5024 233 5092 φεσθαι.
248 5024 352 5091 BFMQ.
1003 5036 1061 5072 ιιι.
1086 5015 1357 5088 Ἐκφυλλοφορήσασα]
1379 5013 1433 5069 ἀντὶ
1448 5018 1491 5068 τοῦ
1503 5013 1543 5066 διίι
1556 5015 1657 5085 φύλλων
1676 5014 1750 5068 αθτοῦ

177 5107 235 5165 ιοή,
261 5099 471 5173 Ἀπολειφθέντος]
488 5096 548 5154 Οἴον
570 5099 657 5170 ἔτυχεν
677 5098 750 5151 αθτδν
764 5095 797 5170 μὴ
813 5117 919 5170 παραγε-
965 5100 1170 5171 καταψηφίσηται.
1207 5095 1361 5168 Διδφῦλλων
1376 5095 1423 5168 γάρ
1436 5095 1750 5168 οίβουλενταίέήηφίζοντσ

137 5181 221 5234 νέσθαι
238 5177 262 5232 ἐν
279 5185 309 5250 τῇ
323 5179 401 5251 ήμέρᾳ
414 5181 509 5253 ἐκείνη,
532 5179 590 5232 ἔνθα
603 5179 779 5248 δοκιμάζονται
797 5178 820 5230 οί
835 5179 919 5248 τρερό-
978 5198 990 5229 ν
1002 5183 1032 5250 τῇ
1046 5180 1130 5250 πρώτη
1146 5177 1295 5246 δοκιμασίᾳ,
1308 5175 1332 5229 ἐν
1345 5175 1371 5228 δέ
1384 5178 1416 5246 τῇ
1425 5177 1524 5245 δευτέρα
1535 5175 1630 5245 ψήφοις.
1669 5173 1751 5226 Δεῦτε·

139 5279 210 5330 μενοι
224 5258 311 5312 ἐκτῶν
324 5260 448 5330 δημοσίων
461 5261 494 5322 ὡς
511 5259 634 5314 ἀδύνατοι.
650 5259 732 5326 FMQ.
966 5277 1008 5328 ρον
1019 5257 1235 5330 γδρέόσυλεῦοντο
1246 5255 1354 5327 περὶτοῦ
1376 5254 1460 5310 αῦτοῦ.
1481 5255 1563 5323 FMQ.
1582 5253 1681 5313 Ἄλλως.
1720 5251 1750 5304 Οἱ

234 5367 355 5404 οοιτοιιικ
375 5369 397 5403 ιι.
927 5373 929 5376 ·
1609 5349 1636 5390 ⁵²
