4158 6114
356 504 412 553 οοι
1082 481 1254 544 arcuum

718 617 732 652 r

718 639 765 678 or.
1182 628 1326 672 auctorem
1345 616 1502 672 Croconem
1522 617 1569 672 alii
1583 616 1751 692 Triptolemi
1774 615 1876 690 filium,
1889 623 1965 679 Celei

394 715 517 776 guida„
544 707 1035 790 &conpatnffpmfomtofim
1058 733 1137 766 xm.
1182 715 1329 778 nepotem,
1357 705 1404 760 aiii
1427 703 1502 758 Celei
1530 721 1665 778 generum
1692 705 1775 760 luisse
1797 708 1961 768 narrabant.

354 804 565 888 σφραγίσοσθαι,
583 805 662 860 τοῦτο
675 801 699 858 ol
719 797 823 877 ῥήτορες
844 793 1073 872 συσσημοίνεσθαι
1091 795 1136 853 λέ-
1181 793 1274 861 Quare
1286 803 1381 865 partes
1395 791 1532 864 quasdam
1542 790 1602 864 ejus
1613 794 1703 865 gentis
1717 791 1800 848 fuisse
1814 795 1843 848 in
1856 795 1964 850 Cereris

353 917 437 973 γουσι.
449 895 595 970 Λυκοῦργος
606 889 631 946 lv
640 891 677 967 τῷ
687 885 747 966 erpi
759 885 829 963 [τῆς]
841 885 964 962 ἱερείας.
975 882 1044 942 ὥστε
1054 907 1136 964 προσ.
1181 888 1209 932 ct
1223 879 1397 954 Proserpinae
1410 879 1495 932 saeris
1510 879 1650 934 obeundis
1661 898 1721 934 non
1731 891 1773 934 est
1784 881 1866 953 quod
1877 884 1964 937 mire-

353 977 509 1056 τεταγμένον
528 977 570 1035 pp
582 974 750 1056 ψηφίσματος
760 971 861 1044 κριτὴς
873 973 969 1051 tipum,
986 973 1133 1048 quw-,pat
1181 983 1255 1022 mur.
1271 966 1336 1036 Quo
1351 964 1531 1020 referendum
1552 984 1610 1021 esse
1622 978 1693 1042 puto
1704 967 1758 1041 irg.
1776 967 1803 1023 6.
1820 969 1895 1022 Huic
1908 969 1964 1025 diei

352 1075 441 1126 νισθαι
455 1065 488 1126 eir
500 1063 680 1145 γραμματεῖα.
698 1089 709 1114 ν
723 1061 778 1120 Καὶ
792 1059 927 1136 σύσσημον
939 1060 969 1119 rb
978 1068 1095 1136 σημεῖον.
1181 1051 1250 1106 sesto
1266 1064 1378 1120 autem,
1393 1071 1453 1126 quo
1465 1053 1595 1108 Liberam
1607 1055 1775 1151 morientem
1792 1054 1916 1128 (Preller
1929 1056 1965 1114 de

719 1158 768 1221 52,
1181 1139 1243 1193 Cer.
1259 1149 1287 1194 et
1299 1137 1379 1196 Pros.
1392 1157 1421 1214 p.
1446 1137 1521 1216 rao)
1539 1141 1631 1196 valere
1649 1141 1799 1214 juberent,
1817 1153 1899 1214 patet
1917 1162 1965 1218 op-

395 1259 554 1318 Priscianus
573 1255 743 1326 xvl11,26
764 1275 795 1330 p.
823 1264 879 1322 aba
900 1253 1026 1313 lirehi.:
1051 1257 1137 1310 Attici

355 1345 417 1424 napi
430 1342 519 1409 τόσους
531 1341 576 1401 καί
595 1339 656 1418 περὶ
669 1338 763 1406 τόσοις.
789 1340 949 1418 Θεόπομπος
964 1339 1136 1400 Φιλιππικῶν

355 1431 423 1490 θ’·ιι
448 1429 478 1488 rb
502 1429 550 1505 μίν
574 1431 657 1506 μῆκος
679 1425 739 1506 περὶ
754 1426 950 1507 τεσσαράκοντα
976 1427 1136 1492 σταδίους..

356 1524 498 1595 Lycurgus
512 1520 538 1576 iv
556 1517 594 1596 τῷ
608 1515 669 1594 περί
680 1517 727 1586 τῆς
738 1515 844 1596 ἱερείας·
858 1517 893 1580 ὡς
906 1513 967 1593 πορθ
978 1513 1075 1573 είκοσιν
1095 1515 1137 1572 αἰν-

356 1608 478 1687 θρώποις.
502 1609 575 1664 Hine
601 1611 696 1672 nostri,
721 1610 825 1678 uiginti
845 1624 960 1678 passus,
985 1615 1013 1659 et
1034 1609 1138 1678 viginti

353 1697 481 1770 passibus
492 1693 601 1752 aberat.
617 1689 660 1748 Cf.
676 1693 711 1748 ir.
728 1711 775 1766 90·

473 1787 557 1847 Vlla.
576 1785 668 1846 ΠΕΡΙ
689 1785 767 1844 ΤΗΣ
788 1784 1019 1844 ΙΕΡΩΣΥΝΗΣ.

396 1980 517 2037 Suidas:
537 1975 830 2056 Προχαριστήριοι·
849 1977 937 2055 ἡμίρα
951 1977 977 2034 ἐν
994 1967 1136 2054 {olive}

357 2071 427 2146 ἀρχῇ
442 2064 554 2141 πάντας,
574 2063 728 2143 ἀρχομένων
742 2066 851 2139 καρπῶν
872 2062 997 2141 φύεσθαι,
1015 2061 1138 2139 λήγοντος

356 2154 408 2224 ἠδη
429 2157 475 2214 τοῦ
499 2154 646 2232 χειμῶνος,
671 2150 744 2208 ἔθυον
766 2153 800 2229 τῇ
823 2149 928 2230 Ἀθηνᾷ·
950 2153 983 2230 τῇ
1009 2148 1036 2208 δί
1061 2149 1136 2230 θυσία

358 2241 442 2317 ὄνομα
456 2237 685 2320 Προχοριανήρια.
702 2241 850 2316 Λυκοῦργος
864 2238 890 2294 δν
905 2239 944 2316 τῷ
961 2235 1023 2316 περὶ
1036 2240 1082 2306 τῆς
1096 2238 1132 2294 le·

358 2327 486 2406 ρωσθνης·
507 2326 577 2395 ιτὴν
590 2323 672 2385 τοίνυν
694 2324 872 2405 ἀρχαιοτάτην
890 2323 979 2384 ἄνοδον
993 2328 1039 2393 τῆς
1060 2329 1135 2398 θεοῦ,

357 2416 544 2489 ὀνομασθεῖσαν
563 2411 590 2470 bl
610 2411 846 2492 Προχοριστιίρια,
870 2411 913 2470 διδ
932 2410 979 2482 rlp
992 2411 1137 2490 βλάστησιν

357 2505 408 2560 τῶν
420 2501 528 2576 καρπῶν
542 2501 595 2556 τῶν
606 2498 752 2578 ρυομίνων.
767 2523 779 2549 ιι
793 2501 835 2554 Cl.
849 2501 884 2557 ir.
901 2501 950 2556 60.

538 2587 617 2646 Vlll.
641 2587 744 2719 llei5l
765 2585 956 2644 ΙΣΚΥΡΙΟΥ.
1031 2609 1037 2618 ·

398 2761 588 2835 Harpocratio
604 2779 611 2816 :
630 2670 771 2838 Zeporll
778 2779 801 2838 ρ·
830 2761 978 2836 Λυκοῦργος
997 2758 1067 2817 κατίι
1082 2757 1137 2818 Ἰσ-

357 2847 447 2924 χυρίου
470 2847 571 2924 (aeq.
587 2845 675 2902 codd.
692 2845 709 2918 ).
726 2843 768 2902 Tb
788 2843 870 2923 μικρὰ
885 2843 985 2902 δοκίδια
1002 2841 1034 2902 rit
1050 2845 1137 2903 ἐπιίνω

357 2937 409 2992 τῶν
430 2931 572 3012 δοροδδκοιν
585 2930 707 3007 τιθίμινα
726 2935 877 3010 στρωτῆρας
892 2929 993 3008 ἔλεγον,
1014 2929 1050 3000 ῶς
1072 2955 1137 3012 φησι

358 3021 481 3097 Δίδυμος.
496 3018 576 3096 Ἔστι
594 3016 707 3096 τοῦνομα
723 3019 771 3078 καί
788 3021 814 3078 ἰν
831 3017 1006 3084 uenatorio<
1020 3019 1137 3100 'apien-

358 3131 462 3188 W*
505 3187 554 3248 rx.
576 3187 678 3246 rara
699 3185 981 3247 ruoraoao'ror.

398 3375 612 3450 Harpocratio:
637 3371 672 3433 ‘0
697 3279 826 3440 tibicinis<
851 3373 938 3453 ῥήτωρ
959 3375 1136 3453 (Lycurgos)

359 3461 404 3518 καὶ
418 3463 445 3518 iv
458 3463 497 3539 τῷ
517 3458 585 3518 κατὰ
604 3459 783 3540 Κηφισοδότου
807 3461 871 3541 φησί
894 3464 1073 3540 κιχιλιῶσθιιι.
1091 3466 1135 3524 cf.

359 3551 412 3624 [ις.
434 3567 465 3606 ιι
488 3559 517 3604 et
538 3569 600 3623 quae
620 3549 777 3624 fragrnento
795 3569 806 3606 ι
831 3553 1018 3626 praemisimus
1031 3553 1068 3609 de
1083 3555 1138 3628 Ly·

358 3639 438 3710 curgi
451 3638 612 3692 orationum
625 3655 756 3696 numeru.

359 3734 396 3792 Κ.
421 3731 914 3879 ΚΡΩΚΟΝΙΔΩἨΚΙὲίΙθΔΔΑΙΙὲΑΣΙΑ
936 3735 1039 3794 ΠΡΟΣ
1061 3736 1135 3795 tiot-

398 3934 410 3957 ·
442 3905 667 3964 Croconidarum
701 3927 768 3983 gens
793 3909 925 3966 eleusinia
951 3909 1022 3983 luit,
1057 3909 1137 3984 cujus

390 4149 603 4212 Συσσημιιίννσθαι.
624 4150 664 4199 stc
677 4078 784 4200 eradii·
804 4156 898 4210 vocent,
912 4151 976 4213 quod
995 4151 1035 4200 aiii
1055 4151 1137 4202 dicuat

358 4221 599 4284 κατυσρραγὶσοσθαι,
615 4219 630 4266 i.
646 4233 668 4268 e.
682 4217 826 4280 obsianam.
845 4223 969 4284 Lycurgus
989 4223 1013 4271 io
1030 4225 1138 4274 oratione

359 4293 389 4340 cte
402 4292 525 4342 sacerdote
538 4304 545 4334 ι
564 4309 576 4333 ι
589 4292 670 4346 Quare
683 4289 825 4352 populiscitu
839 4297 937 4341 erutum
950 4297 1001 4354 est,
1015 4297 1043 4345 ut
1057 4307 1136 4345 secer·

358 4361 403 4410 rios
415 4361 508 4410 unates
518 4361 635 4422 obeigrret.
649 4359 967 4424 arcesseremusne.

390 4520 511 4578 incursus
527 4515 551 4564 iu
566 4527 602 4564 or.
621 4513 652 4564 ile
674 4445 820 4565 caeciliis:
845 4533 857 4558 ι
880 4516 964 4578 detriti
983 4518 1077 4569 circiter
1096 4519 1138 4569 bo·

358 4588 442 4636 urirnu.
455 4607 467 4630 ν

573 4655 642 4704 Vile,
660 4655 700 4704 ur:
720 4657 922 4707 sscucuorm.

728 4737 757 4783 ee

391 4809 590 4872 Ηροχιιριστὴρια.
613 4809 812 4872 Proeharisten'e,
837 4809 888 4861 dies
913 4825 960 4873 qua
986 4813 1138 4875 magistratus

359 4887 454 4934 ortruet,
467 4878 572 4938 irugiinn
583 4879 751 4942 incipientibus
769 4881 852 4942 uesci,
871 4880 918 4930 sub
942 4881 1028 4930 hiemis
1050 4881 1137 4944 linem,

358 4945 472 4994 Μίιιοινοι
483 4949 491 5006 t
502 4950 660 5009 Proserpinae
666 4949 769 5012 potins)
782 4949 955 4999 meniieabant.
974 4950 1036 5000 ttuic
1047 4951 1138 5000 saniss-

359 5014 397 5060 cio
414 5027 500 5064 ιιοιιιοιι
517 5020 569 5065 erat
590 5019 782 5069 t’rociuristerie.
799 5023 919 5081 Lyeurgus
937 5021 961 5068 in
980 5021 1089 5071 οιιθοιιο
1109 5022 1139 5070 de

359 5082 513 5131 sacerdotio:
535 5101 548 5126 a
562 5087 762 5148 Antiquissimum
786 5089 859 5150 igitur
881 5090 1023 5138 artificium
1044 5095 1139 5152 propter

359 5153 417 5200 tiezo
434 5151 552 5212 reditum,
570 5155 755 5206 Proetnrieterta
774 5159 881 5218 dietum,
902 5160 934 5207 cb
956 5161 1065 5208 noreiies
1092 5161 1137 5208 iru-

357 5235 435 5282 iffi·

1180 1227 1306 1296 positum
1319 1226 1403 1281 luisse
1421 1226 1521 1295 iilum,
1540 1245 1599 1300 quo
1617 1226 1698 1283 deam
1714 1245 1781 1283 vere
1793 1229 1964 1286 redeuntem

1180 1313 1349 1386 salutarent,
1361 1309 1584 1390 προχαριστήριο.
1596 1316 1690 1386 Quare
1701 1315 1806 1370 horum
1818 1333 1964 1373 sacrorum

1181 1403 1354 1456 mentionem
1368 1402 1552 1474 conjunctam
1569 1402 1654 1458 luisse
1663 1414 1693 1458 et
1704 1405 1865 1458 orationem
1876 1407 1963 1474 iilam,

1182 1507 1267 1560 quam
1277 1489 1376 1546 Suidas
1389 1487 1450 1566 περὶ
1464 1491 1510 1558 τῆς
1529 1487 1671 1568 ἱιρωούνης
1695 1492 1862 1566 inscriptam
1877 1493 1961 1550 luisse

1183 1577 1268 1644 dicit,
1284 1596 1341 1632 non
1357 1578 1496 1634 diversam
1518 1597 1577 1634 esse
1590 1577 1714 1649 conjicio
1728 1580 1764 1634 ab
1779 1581 1833 1635 hac
1848 1581 1893 1636 vel
1909 1584 1965 1654 Ly—

1182 1666 1260 1738 curgi
1276 1665 1322 1718 vei
1345 1665 1448 1719 Philini
1472 1668 1602 1722 oratione
1625 1665 1661 1722 de
1685 1666 1915 1726 Croconidarum
1937 1679 1966 1723 et

1181 1752 1400 1807 Coeronidarum
1412 1755 1604 1811 contentione.
1615 1753 1835 1814 Coerouidarum
1849 1773 1920 1810 vero
1935 1765 1965 1810 et

1182 1841 1262 1913 origo
1275 1850 1303 1894 et
1316 1857 1421 1896 nomen
1436 1841 1570 1896 videntur
1584 1841 1673 1896 dubia
1695 1839 1792 1898 scrisse.
1806 1843 1876 1900 Cum
1889 1844 1965 1897 enim

1181 1927 1226 1981 alii
1247 1931 1415 1997 Coeronem,
1438 1929 1575 1984 Croconis
1596 1927 1728 2000 fratrem,
1753 1930 1921 2002 Triptolemi
1936 1928 1967 1984 fi-

1181 2013 1249 2068 lium
1276 2015 1420 2088 spurium,
1448 2017 1538 2089 gentis
1564 2020 1714 2074 auctorem
1743 2017 1828 2072 luisse
1860 2036 1967 2091 eosque

1182 2100 1348 2156 Coemnidas
1362 2103 1548 2176 appellandos
1560 2121 1619 2159 esse
1634 2115 1833 2174 autumarent,
1855 2107 1904 2160 alii
1919 2109 1964 2161 vi-

1182 2188 1289 2244 dentur
1300 2208 1349 2246 eos
1364 2192 1519 2246 Coronides
1541 2192 1680 2248 dicendos
1694 2210 1753 2249 esse
1769 2193 1964 2263 contendisse,

1182 2277 1319 2334 oriundos
1329 2278 1373 2334 vel
1387 2298 1401 2332 a
1416 2281 1543 2354 Dionyso
1559 2281 1686 2336 Theoeno
1702 2291 1731 2336 et
1750 2281 1897 2337 Coronide
1910 2279 1965 2358 (ci.

1183 2367 1335 2438 Dionysius
1359 2365 1436 2440 apud
1470 2367 1564 2424 Treta.
1595 2368 1632 2423 ad
1658 2369 1844 2442 Lycophron.
1877 2376 1965 2439 ¹²47·

1181 2453 1348 2508 Fritzscbius
1370 2455 1390 2510 i.
1409 2454 1467 2530 d),
1490 2456 1533 2510 vel
1553 2457 1588 2511 ab
1610 2457 1667 2511 alia
1691 2457 1836 2512 Coronide
1860 2456 1918 2530 (ri.
1932 2458 1966 2516 C.

1181 2541 1216 2600 Ο.
1233 2541 1344 2598 liiiiller.
1358 2542 1494 2597 Orchom.
1522 2561 1551 2616 p.
1579 2538 1665 2618 203).
1686 2545 1728 2598 Ita
1748 2545 1869 2618 intelligi
1882 2563 1969 2618 posse

1181 2629 1329 2698 existimo,
1344 2648 1402 2702 quo
1420 2631 1621 2686 Theoeniorum
1636 2633 1874 2686 commemoratio
1895 2632 1967 2705 (frg.
2071 2663 2072 2676 ι

1183 2711 1238 2790 56)
1253 2727 1281 2770 et
1295 2729 1475 2788 oenoptarum
1491 2715 1558 2791 (lrg.
1574 2716 1628 2790 58)
1641 2719 1821 2792 pertinuerit.
1837 2719 1969 2773 Breviter

1181 2802 1227 2856 bie
1246 2801 1353 2858 addere
1363 2805 1463 2872 liceat,
1484 2805 1564 2878 quod
1584 2806 1638 2859 alio
1654 2807 1720 2860 loco
1741 2807 1903 2860 accuratius
1918 2805 1968 2861 de·

1181 2889 1396 2944 monstrandum
1414 2891 1484 2960 erit,
1504 2889 1678 2946 Croconldas
1698 2889 1752 2947 sibi
1773 2891 1970 2966 principatum

1180 2975 1375 3030 vindicaturos
1397 2976 1614 3032 Coeronidarum
1643 2979 1783 3052 originem
1807 2997 1825 3033 a
1846 2979 1970 3034 Coeroue

1180 3064 1247 3138 iiio,
1263 3062 1398 3120 Croconis
1418 3064 1517 3134 fratre,
1535 3063 1693 3134 rleeivasse,
1710 3065 1878 3124 Coeronidas
1898 3084 1970 3122 vero

1180 3151 1225 3206 vel
1254 3149 1412 3208 Coronides
1436 3152 1492 3206 iroe
1517 3169 1633 3228 negasse
1659 3163 1687 3208 et
1713 3155 1853 3227 originem
1887 3172 1969 3209 suam

1180 3237 1263 3292 aliam
1276 3229 1335 3293 es'se
1347 3239 1435 3294 saeris
1449 3237 1637 3310 quibusdam,
1654 3258 1780 3312 qnorum
1799 3257 1900 3294 curam
1915 3241 1969 3294 ha-

1180 3323 1291 3392 berent,
1303 3324 1450 3380 ostendere
1461 3325 1608 3381 studuisse.
1621 3327 1695 3381 lluic
1708 3328 1831 3381 orationi
1847 3329 1971 3402 opposi-

1181 3419 1237 3466 tam
1258 3411 1443 3467 iuisserideri
1455 3413 1589 3468 Dinarchi
1610 3413 1781 3490 Κροκωνιδῶν
1797 3412 1969 3469 διαδικασίαν

1180 3499 1292 3554 monuit
1305 3501 1338 3554 E.
1351 3497 1449 3558 bieier.
1465 3499 1500 3556 rie
1514 3501 1555 3555 lit.
1571 3509 1621 3556 att.
1635 3519 1666 3576 p.
1682 3499 1748 3557 568.
1764 3525 1777 3550 ι
1794 3501 1948 3559 sacremus.

1548 3617 1593 3676 56.

1220 3740 1411 3811 Harpocratio
1427 3759 1434 3794 z
1446 3737 1510 3796 Θου
1520 3737 1617 3796 ίνιον·
1631 3739 1779 3817 Λυκοῦργος
1793 3741 1820 3798 ἐν
1834 3741 1871 3818 τῇ
1885 3741 1968 3798 buli·

1180 3823 1259 3902 κασίορ
1274 3824 1445 3902 Κροκωνιδῶν
1455 3824 1520 3904 πρὸς
1534 3825 1702 3901 Κοιρωνίδας.
1726 3825 1770 3884 Tb
1784 3825 1853 3885 κατίι
1869 3827 1969 3902 δήμους

1179 3910 1302 3969 Διονύσια
1318 3909 1426 3970 Θιοίνιο
1439 3909 1558 3990 illaeso,
1573 3914 1598 3970 tv
1614 3902 1650 3978 οἷς
1664 3914 1687 3970 οἱ
1701 3915 1824 3990 γεννῆται
1839 3913 1968 3972 ίπέθυσν·

1366 4079 1435 4128 vlu.
1453 4079 1577 4206 corrup
1594 4079 1774 4132 tscttYrttmt.

1566 4159 1589 4204 i.

1212 4229 1326 4290 Στρωτήρ.
1344 4230 1466 4290 Lyeurgus
1479 4229 1715 4290 neminemnam.
1733 4233 1875 4294 Στρωσῦρας
1890 4245 1968 4282 rora·
2070 4215 2071 4280 i

1183 4295 1240 4347 baut
1253 4298 1445 4360 trabicuiasquae
1460 4299 1530 4360 tignis
1551 4300 1680 4360 majoribus
1697 4313 1711 4350 e
1728 4303 1870 4350 ίιαιιονοτιυ
1888 4301 1968 4364 impo-

1181 4371 1279 4429 nuntur,
1296 4373 1324 4418 ut
1335 4367 1369 4417 eti
1381 4369 1509 4432 Didymus.
1534 4371 1618 4420 Exstat
1632 4371 1697 4422 idem
1714 4382 1803 4421 nemen
1818 4371 1844 4421 in
1864 4373 1968 4434 Babylo·

1182 4441 1227 4492 niis
1242 4442 1415 4505 Aristophanis.

1344 4523 1386 4572 iV.
1404 4523 1528 4572 coti'liti
1544 4523 1797 4577 curfflsuuorutt.

1181 4736 1205 4785 d·
1222 4669 1345 4748 lycurgus
1369 4670 1394 4718 in
1415 4681 1451 4719 or.
1480 4607 1773 4732 scardonitanum
1805 4671 1970 4732 ιιχνλιῦσοσι

1199 4743 1502 4868 Κίθθθθοθίῦλίθθδί
1518 4817 1583 4866 cmi
1599 4819 1781 4868 cOEttotttnts
1796 4819 1945 4870 murno-

1514 4889 1633 4938 VERSiA.

1213 5023 1327 5074 Orcivios.
1354 5025 1478 5089 Lycurgus
1500 5027 1525 5076 tn
1542 4963 1925 5078 rbdntmrerete'croeonidaron
1944 5033 1969 5079 ei

1183 5095 1374 5144 Gmrooidamm.
1396 5097 1567 5156 Bacchanalia,
1580 5111 1636 5160 qun
1650 5097 1675 5147 in
1693 5098 1795 5159 singuiis
1814 5099 1885 5160 pagis
1905 5101 1970 5150 teir·

1184 5165 1322 5224 orabuntur,
1346 5167 1434 5216 θεοίνια
1458 5168 1609 5228 dicebantur,
1632 5169 1655 5216 in
1677 5167 1765 5228 quibus
1789 5169 1896 5232 gentiles
1919 5171 1972 5220 sire

1183 5235 1285 5284 ciresad
1301 5249 1373 5286 ιιοαιιι
1385 5237 1534 5302 candentque
1546 5241 1640 5300 geniem
1656 5239 1749 5300 (γένος)
1762 5245 1811 5299 pet
1824 5247 1916 5289 rentes
1929 5255 1970 5288 sa-
