<?xml version="1.0" encoding="UTF-8"?>
<!DOCTYPE html PUBLIC "-//W3C//DTD XHTML 1.0 Transitional//EN"
    "http://www.w3.org/TR/xhtml1/DTD/xhtml1-transitional.dtd">
<html xmlns="http://www.w3.org/1999/xhtml" xml:lang="en" lang="en">
 <head>
  <title>
</title>
<meta http-equiv="Content-Type" content="text/html;charset=utf-8" />
  <meta name='ocr-system' content='tesseract 3.04.00' />
  <meta name='ocr-capabilities' content='ocr_page ocr_carea ocr_par ocr_line ocrx_word'/>
</head>
<body>
  <div class='ocr_page' id='page_1' title='image "./oratoresatticia00unkngoog/oratoresatticia00unkngoog_0716.png"; bbox 0 0 3934 6350; ppageno 0'>
   <div class='ocr_carea' id='block_1_1' title="bbox 999 227 1540 296">
    <p class='ocr_par' dir='ltr' id='par_1_1' title="bbox 999 227 1540 296">
     <span class='ocr_line' id='line_1_1' title="bbox 999 227 1540 296; baseline -0.004 -9"><span class='ocrx_word' id='word_1_1' title='bbox 999 227 1106 288; x_wconf 78' lang='lat' dir='ltr'>XXW.</span> <span class='ocrx_word' id='word_1_2' title='bbox 1131 228 1231 288; x_wconf 74' lang='grc' dir='ltr'>ΚΑΤΑ</span> <span class='ocrx_word' id='word_1_3' title='bbox 1254 227 1540 296; x_wconf 75' lang='grc' dir='ltr'>ΤΙΜΟΚΡΑΤΟΥΣ.</span> 
     </span>
    </p>
   </div>
   <div class='ocr_carea' id='block_1_2' title="bbox 453 353 1618 5151">
    <p class='ocr_par' dir='ltr' id='par_1_2' title="bbox 453 353 1618 5151">
     <span class='ocr_line' id='line_1_2' title="bbox 458 353 1618 430; baseline 0.002 -22"><span class='ocrx_word' id='word_1_4' title='bbox 458 354 496 428; x_wconf 78' lang='grc' dir='ltr'>μὴ</span> <span class='ocrx_word' id='word_1_5' title='bbox 512 355 619 427; x_wconf 79' lang='grc' dir='ltr'>καθαρὰς</span> <span class='ocrx_word' id='word_1_6' title='bbox 642 353 751 426; x_wconf 83' lang='grc' dir='ltr'>ἐχόντων</span> <span class='ocrx_word' id='word_1_7' title='bbox 765 355 809 417; x_wconf 79' lang='grc' dir='ltr'>τάς</span> <span class='ocrx_word' id='word_1_8' title='bbox 824 355 924 427; x_wconf 78' lang='grc' dir='ltr'>χεῖρας,</span> <span class='ocrx_word' id='word_1_9' title='bbox 946 355 1022 423; x_wconf 78' lang='grc' dir='ltr'>δῆλός</span> <span class='ocrx_word' id='word_1_10' title='bbox 1035 355 1086 410; x_wconf 88' lang='grc' dir='ltr'>έστι</span> <span class='ocrx_word' id='word_1_11' title='bbox 1099 375 1245 428; x_wconf 78' lang='grc' dir='ltr'>παρεσεευα·</span> <span class='ocrx_word' id='word_1_12' title='bbox 1291 355 1370 410; x_wconf 82' lang='grc' dir='ltr'>ἐστιν·</span> <span class='ocrx_word' id='word_1_13' title='bbox 1391 356 1414 410; x_wconf 88' lang='grc' dir='ltr'>ιί</span> <span class='ocrx_word' id='word_1_14' title='bbox 1429 357 1470 410; x_wconf 81' lang='grc' dir='ltr'>διδ</span> <span class='ocrx_word' id='word_1_15' title='bbox 1492 359 1559 428; x_wconf 80' lang='grc' dir='ltr'>αέρδι</span> <span class='ocrx_word' id='word_1_16' title='bbox 1617 383 1618 430; x_wconf 74' lang='grc' dir='ltr'>γ</span> 
     </span>
     <span class='ocr_line' id='line_1_3' title="bbox 458 432 1618 510; baseline -0.002 -20"><span class='ocrx_word' id='word_1_17' title='bbox 458 438 550 508; x_wconf 85' lang='grc' dir='ltr'>σμένος</span> <span class='ocrx_word' id='word_1_18' title='bbox 563 435 669 507; x_wconf 74' lang='grc' dir='ltr'>καθαράς</span> <span class='ocrx_word' id='word_1_19' title='bbox 682 433 749 506; x_wconf 89' lang='grc' dir='ltr'>ίχιιν</span> <span class='ocrx_word' id='word_1_20' title='bbox 763 433 806 497; x_wconf 82' lang='grc' dir='ltr'>τάς</span> <span class='ocrx_word' id='word_1_21' title='bbox 817 436 903 506; x_wconf 79' lang='grc' dir='ltr'>χεῖρας</span> <span class='ocrx_word' id='word_1_22' title='bbox 916 433 955 488; x_wconf 84' lang='grc' dir='ltr'>άεί</span> <span class='ocrx_word' id='word_1_23' title='bbox 970 436 1034 488; x_wconf 81' lang='grc' dir='ltr'>ὥστε</span> <span class='ocrx_word' id='word_1_24' title='bbox 1052 432 1086 505; x_wconf 78' lang='grc' dir='ltr'>μή</span> <span class='ocrx_word' id='word_1_25' title='bbox 1102 433 1168 488; x_wconf 80' lang='grc' dir='ltr'>εἶναι</span> <span class='ocrx_word' id='word_1_26' title='bbox 1181 434 1244 496; x_wconf 85' lang='grc' dir='ltr'>είκδτ</span> <span class='ocrx_word' id='word_1_27' title='bbox 1290 438 1389 502; x_wconf 80' lang='grc' dir='ltr'>θεῖναι,</span> <span class='ocrx_word' id='word_1_28' title='bbox 1405 441 1455 492; x_wconf 77' lang='grc' dir='ltr'>τῶν</span> <span class='ocrx_word' id='word_1_29' title='bbox 1469 439 1553 510; x_wconf 88' lang='grc' dir='ltr'>νόμων</span> <span class='ocrx_word' id='word_1_30' title='bbox 1617 481 1618 488; x_wconf 73' lang='grc'>,</span> 
     </span>
     <span class='ocr_line' id='line_1_4' title="bbox 458 513 1618 587; baseline 0.002 -19"><span class='ocrx_word' id='word_1_31' title='bbox 458 516 504 568; x_wconf 88' lang='grc' dir='ltr'>τδν</span> <span class='ocrx_word' id='word_1_32' title='bbox 526 515 603 577; x_wconf 87' lang='grc' dir='ltr'>οότως</span> <span class='ocrx_word' id='word_1_33' title='bbox 625 513 717 585; x_wconf 73' lang='grc' dir='ltr'>ἔχοντα</span> <span class='ocrx_word' id='word_1_34' title='bbox 737 516 839 584; x_wconf 86' lang='grc' dir='ltr'>γνώμης</span> <span class='ocrx_word' id='word_1_35' title='bbox 851 514 894 566; x_wconf 85' lang='grc' dir='ltr'>τθν</span> <span class='ocrx_word' id='word_1_36' title='bbox 916 513 1008 584; x_wconf 88' lang='grc' dir='ltr'>πατέρα</span> <span class='ocrx_word' id='word_1_37' title='bbox 1030 517 1134 568; x_wconf 84' lang='grc' dir='ltr'>κτεῖναι.</span> <span class='ocrx_word' id='word_1_38' title='bbox 1183 513 1246 585; x_wconf 88' lang='grc' dir='ltr'>ίίρδς</span> <span class='ocrx_word' id='word_1_39' title='bbox 1288 517 1405 586; x_wconf 83' lang='grc' dir='ltr'>γράφειν,</span> <span class='ocrx_word' id='word_1_40' title='bbox 1424 516 1449 570; x_wconf 93' lang='grc' dir='ltr'>τί</span> <span class='ocrx_word' id='word_1_41' title='bbox 1464 517 1494 570; x_wconf 80' lang='grc' dir='ltr'>έν</span> <span class='ocrx_word' id='word_1_42' title='bbox 1513 535 1560 587; x_wconf 84' lang='grc' dir='ltr'>προ</span> <span class='ocrx_word' id='word_1_43' title='bbox 1617 551 1618 562; x_wconf 66' lang='lat'>¹</span> 
     </span>
     <span class='ocr_line' id='line_1_5' title="bbox 462 591 1618 666; baseline -0.001 -18"><span class='ocrx_word' id='word_1_44' title='bbox 462 592 625 666; x_wconf 73' lang='grc' dir='ltr'>Ἀνδροτίωνα</span> <span class='ocrx_word' id='word_1_45' title='bbox 638 594 665 648; x_wconf 89' lang='grc' dir='ltr'>δέ</span> <span class='ocrx_word' id='word_1_46' title='bbox 678 595 716 648; x_wconf 86' lang='grc' dir='ltr'>δτι</span> <span class='ocrx_word' id='word_1_47' title='bbox 727 593 770 646; x_wconf 88' lang='grc' dir='ltr'>τδν</span> <span class='ocrx_word' id='word_1_48' title='bbox 782 594 873 664; x_wconf 85' lang='grc' dir='ltr'>πατέρα</span> <span class='ocrx_word' id='word_1_49' title='bbox 886 591 993 646; x_wconf 84' lang='grc' dir='ltr'>ἐκάκωσε</span> <span class='ocrx_word' id='word_1_50' title='bbox 1007 593 1125 664; x_wconf 82' lang='grc' dir='ltr'>περιιδὼν</span> <span class='ocrx_word' id='word_1_51' title='bbox 1135 591 1208 648; x_wconf 77' lang='grc' dir='ltr'>αὖτδν</span> <span class='ocrx_word' id='word_1_52' title='bbox 1220 592 1245 646; x_wconf 85' lang='grc' dir='ltr'>ἐν</span> <span class='ocrx_word' id='word_1_53' title='bbox 1288 594 1360 648; x_wconf 83' lang='grc' dir='ltr'>λῦετο</span> <span class='ocrx_word' id='word_1_54' title='bbox 1373 593 1479 650; x_wconf 79' lang='grc' dir='ltr'>ίιπδτῶν</span> <span class='ocrx_word' id='word_1_55' title='bbox 1502 597 1562 666; x_wconf 90' lang='grc' dir='ltr'>νόμο</span> <span class='ocrx_word' id='word_1_56' title='bbox 1617 596 1618 648; x_wconf 72' lang='grc' dir='ltr'>ί</span> 
     </span>
     <span class='ocr_line' id='line_1_6' title="bbox 457 671 1563 745; baseline 0 -20"><span class='ocrx_word' id='word_1_57' title='bbox 457 678 497 745; x_wconf 82' lang='grc' dir='ltr'>τῷ</span> <span class='ocrx_word' id='word_1_58' title='bbox 508 671 670 744; x_wconf 69' lang='grc' dir='ltr'><strong>δεσμωτηρίῳ</strong></span> <span class='ocrx_word' id='word_1_59' title='bbox 683 671 778 732; x_wconf 80' lang='grc' dir='ltr'>πολλάς</span> <span class='ocrx_word' id='word_1_60' title='bbox 792 671 987 742; x_wconf 73' lang='grc' dir='ltr'>πενταετηρίδας.</span> <span class='ocrx_word' id='word_1_61' title='bbox 1001 674 1059 725; x_wconf 84' lang='lat' dir='ltr'>RY.</span> <span class='ocrx_word' id='word_1_62' title='bbox 1323 691 1385 743; x_wconf 79' lang='grc' dir='ltr'>γει,</span> <span class='ocrx_word' id='word_1_63' title='bbox 1402 673 1443 730; x_wconf 84' lang='lat'>15.</span> <span class='ocrx_word' id='word_1_64' title='bbox 1461 673 1520 736; x_wconf 80' lang='grc' dir='ltr'>Τοῖς</span> <span class='ocrx_word' id='word_1_65' title='bbox 1530 673 1563 726; x_wconf 83' lang='grc' dir='ltr'>άλ</span> 
     </span>
     <span class='ocr_line' id='line_1_7' title="bbox 496 751 1528 830; baseline -0.002 -18"><span class='ocrx_word' id='word_1_66' title='bbox 496 771 561 828; x_wconf 83' lang='lat'><strong>719,</strong></span> <span class='ocrx_word' id='word_1_67' title='bbox 576 761 621 820; x_wconf 66' lang='grc' dir='ltr'>τί.</span> <span class='ocrx_word' id='word_1_68' title='bbox 633 751 676 818; x_wconf 83' lang='grc' dir='ltr'>Οίς</span> <span class='ocrx_word' id='word_1_69' title='bbox 689 757 777 812; x_wconf 85' lang='grc' dir='ltr'>άπααιν</span> <span class='ocrx_word' id='word_1_70' title='bbox 790 756 814 810; x_wconf 89' lang='grc' dir='ltr'>οί</span> <span class='ocrx_word' id='word_1_71' title='bbox 824 756 867 828; x_wconf 88' lang='grc' dir='ltr'>μίν</span> <span class='ocrx_word' id='word_1_72' title='bbox 879 756 1029 828; x_wconf 77' lang='grc' dir='ltr'>όπιίρχοντις</span> <span class='ocrx_word' id='word_1_73' title='bbox 1040 758 1129 830; x_wconf 90' lang='grc' dir='ltr'>νόμοι]</span> <span class='ocrx_word' id='word_1_74' title='bbox 1144 758 1244 828; x_wconf 77' lang='grc' dir='ltr'>Σοφίζο·</span> <span class='ocrx_word' id='word_1_75' title='bbox 1287 770 1335 804; x_wconf 67' lang='lat' dir='ltr'>w·</span> <span class='ocrx_word' id='word_1_76' title='bbox 1349 753 1528 807; x_wconf 77' lang='lat' dir='ltr'><strong>ACDGRTV·</strong></span> 
     </span>
     <span class='ocr_line' id='line_1_8' title="bbox 456 829 1553 906; baseline -0.003 -17"><span class='ocrx_word' id='word_1_77' title='bbox 456 855 501 889; x_wconf 90' lang='grc' dir='ltr'>ται</span> <span class='ocrx_word' id='word_1_78' title='bbox 513 834 646 890; x_wconf 88' lang='grc' dir='ltr'>κάνταῦθα.</span> <span class='ocrx_word' id='word_1_79' title='bbox 661 834 697 888; x_wconf 80' lang='grc' dir='ltr'>Οί</span> <span class='ocrx_word' id='word_1_80' title='bbox 711 834 760 906; x_wconf 82' lang='grc' dir='ltr'>γάρ</span> <span class='ocrx_word' id='word_1_81' title='bbox 771 834 827 896; x_wconf 90' lang='grc' dir='ltr'>τοίις</span> <span class='ocrx_word' id='word_1_82' title='bbox 837 835 995 906; x_wconf 77' lang='grc' dir='ltr'>προδιδόντας</span> <span class='ocrx_word' id='word_1_83' title='bbox 1006 835 1100 890; x_wconf 83' lang='grc' dir='ltr'>ιιιλεῦει</span> <span class='ocrx_word' id='word_1_84' title='bbox 1113 831 1216 890; x_wconf 83' lang='grc' dir='ltr'>λόεσθαι</span> <span class='ocrx_word' id='word_1_85' title='bbox 1230 835 1244 889; x_wconf 86' lang='grc' dir='ltr'>ό</span> <span class='ocrx_word' id='word_1_86' title='bbox 1323 847 1385 899; x_wconf 74' lang='lat'>721.</span> <span class='ocrx_word' id='word_1_87' title='bbox 1400 835 1442 884; x_wconf 84' lang='lat'>16.</span> <span class='ocrx_word' id='word_1_88' title='bbox 1458 829 1553 901; x_wconf 75' lang='grc' dir='ltr'>Ὠσπερ</span> 
     </span>
     <span class='ocr_line' id='line_1_9' title="bbox 456 905 1565 986; baseline -0.004 -20"><span class='ocrx_word' id='word_1_89' title='bbox 456 915 625 986; x_wconf 86' lang='grc' dir='ltr'>Τιμοκράτους</span> <span class='ocrx_word' id='word_1_90' title='bbox 632 915 721 986; x_wconf 87' lang='grc' dir='ltr'>νόμος,</span> <span class='ocrx_word' id='word_1_91' title='bbox 735 913 853 976; x_wconf 81' lang='grc' dir='ltr'>οθδέτοδς</span> <span class='ocrx_word' id='word_1_92' title='bbox 863 912 1024 986; x_wconf 71' lang='grc' dir='ltr'>ἀνδροφόνους</span> <span class='ocrx_word' id='word_1_93' title='bbox 1035 914 1090 968; x_wconf 78' lang='grc' dir='ltr'>οὐδὲ</span> <span class='ocrx_word' id='word_1_94' title='bbox 1101 917 1156 976; x_wconf 73' lang='grc' dir='ltr'>τοὺς</span> <span class='ocrx_word' id='word_1_95' title='bbox 1166 916 1246 969; x_wconf 85' lang='grc' dir='ltr'>κακώ-</span> <span class='ocrx_word' id='word_1_96' title='bbox 1286 908 1386 980; x_wconf 87' lang='grc' dir='ltr'>όμοίσυ·</span> <span class='ocrx_word' id='word_1_97' title='bbox 1400 911 1488 982; x_wconf 83' lang='grc' dir='ltr'>δμοιον</span> <span class='ocrx_word' id='word_1_98' title='bbox 1497 910 1545 980; x_wconf 89' lang='grc' dir='ltr'>γάρ</span> <span class='ocrx_word' id='word_1_99' title='bbox 1555 905 1565 962; x_wconf 87' lang='grc' dir='ltr'>ἐ</span> 
     </span>
     <span class='ocr_line' id='line_1_10' title="bbox 457 987 1618 1065; baseline -0.003 -21"><span class='ocrx_word' id='word_1_100' title='bbox 457 1011 551 1054; x_wconf 82' lang='grc' dir='ltr'>σαντες</span> <span class='ocrx_word' id='word_1_101' title='bbox 566 992 622 1056; x_wconf 83' lang='grc' dir='ltr'>τοδς</span> <span class='ocrx_word' id='word_1_102' title='bbox 633 993 735 1064; x_wconf 90' lang='grc' dir='ltr'>γονίας,</span> <span class='ocrx_word' id='word_1_103' title='bbox 750 991 816 1044; x_wconf 83' lang='grc' dir='ltr'>άλλά</span> <span class='ocrx_word' id='word_1_104' title='bbox 834 992 889 1055; x_wconf 85' lang='grc' dir='ltr'>τοίις</span> <span class='ocrx_word' id='word_1_105' title='bbox 904 993 941 1048; x_wconf 86' lang='grc' dir='ltr'>ἐπ’</span> <span class='ocrx_word' id='word_1_106' title='bbox 957 992 1083 1063; x_wconf 78' lang='grc' dir='ltr'>ὀφλήμασι</span> <span class='ocrx_word' id='word_1_107' title='bbox 1093 994 1242 1065; x_wconf 80' lang='grc' dir='ltr'>δεδεμένους.</span> <span class='ocrx_word' id='word_1_108' title='bbox 1285 988 1387 1053; x_wconf 82' lang='grc' dir='ltr'>λαόεῗν,</span> <span class='ocrx_word' id='word_1_109' title='bbox 1404 988 1447 1040; x_wconf 87' lang='grc' dir='ltr'>καί</span> <span class='ocrx_word' id='word_1_110' title='bbox 1468 987 1566 1060; x_wconf 81' lang='grc' dir='ltr'>Τιμοαρι</span> <span class='ocrx_word' id='word_1_111' title='bbox 1617 1021 1618 1040; x_wconf 68' lang='grc' dir='ltr'>ι</span> 
     </span>
     <span class='ocr_line' id='line_1_11' title="bbox 457 1066 1567 1142; baseline -0.005 -19"><span class='ocrx_word' id='word_1_112' title='bbox 457 1071 495 1124; x_wconf 82' lang='grc' dir='ltr'>Το</span> <span class='ocrx_word' id='word_1_113' title='bbox 508 1071 536 1124; x_wconf 87' lang='grc' dir='ltr'>δί</span> <span class='ocrx_word' id='word_1_114' title='bbox 548 1072 655 1142; x_wconf 75' lang='grc' dir='ltr'><strong>σόφισμα</strong></span> <span class='ocrx_word' id='word_1_115' title='bbox 668 1070 709 1122; x_wconf 81' lang='grc' dir='ltr'>διὰ</span> <span class='ocrx_word' id='word_1_116' title='bbox 723 1073 766 1136; x_wconf 80' lang='grc' dir='ltr'>τῆς</span> <span class='ocrx_word' id='word_1_117' title='bbox 777 1069 926 1141; x_wconf 72' lang='grc' dir='ltr'>ὁμωνυμίας.</span> <span class='ocrx_word' id='word_1_118' title='bbox 967 1067 998 1123; x_wconf 82' lang='grc' dir='ltr'>Ὁ</span> <span class='ocrx_word' id='word_1_119' title='bbox 1017 1071 1065 1142; x_wconf 77' lang='grc' dir='ltr'>γὰρ</span> <span class='ocrx_word' id='word_1_120' title='bbox 1079 1070 1167 1142; x_wconf 81' lang='grc' dir='ltr'>δεσμός</span> <span class='ocrx_word' id='word_1_121' title='bbox 1183 1069 1245 1124; x_wconf 79' lang='grc' dir='ltr'>κατά</span> <span class='ocrx_word' id='word_1_122' title='bbox 1286 1066 1415 1122; x_wconf 89' lang='grc' dir='ltr'>τάναντία·</span> <span class='ocrx_word' id='word_1_123' title='bbox 1432 1068 1567 1138; x_wconf 70' lang='grc' dir='ltr'>προοιμιάζ.</span> 
     </span>
     <span class='ocr_line' id='line_1_12' title="bbox 458 1143 1496 1222; baseline -0.001 -20"><span class='ocrx_word' id='word_1_124' title='bbox 458 1151 560 1204; x_wconf 87' lang='grc' dir='ltr'>πάντων</span> <span class='ocrx_word' id='word_1_125' title='bbox 579 1151 654 1206; x_wconf 86' lang='grc' dir='ltr'>ἐστίν·</span> <span class='ocrx_word' id='word_1_126' title='bbox 674 1148 703 1203; x_wconf 85' lang='grc' dir='ltr'>σθ</span> <span class='ocrx_word' id='word_1_127' title='bbox 718 1148 765 1222; x_wconf 77' lang='grc' dir='ltr'>μὴν</span> <span class='ocrx_word' id='word_1_128' title='bbox 780 1149 907 1220; x_wconf 84' lang='grc' dir='ltr'>ἐπειδήπερ</span> <span class='ocrx_word' id='word_1_129' title='bbox 928 1149 981 1203; x_wconf 84' lang='grc' dir='ltr'>λόει</span> <span class='ocrx_word' id='word_1_130' title='bbox 1001 1149 1061 1221; x_wconf 76' lang='grc' dir='ltr'>πρὸς</span> <span class='ocrx_word' id='word_1_131' title='bbox 1081 1151 1172 1220; x_wconf 92' lang='grc' dir='ltr'>χρόνον</span> <span class='ocrx_word' id='word_1_132' title='bbox 1192 1153 1245 1212; x_wconf 75' lang='grc' dir='ltr'>τοῖς</span> <span class='ocrx_word' id='word_1_133' title='bbox 1286 1143 1401 1201; x_wconf 79' lang='grc' dir='ltr'>ἐνταῦθα.</span> <span class='ocrx_word' id='word_1_134' title='bbox 1414 1147 1496 1201; x_wconf 81' lang='lat' dir='ltr'>TCV.</span> 
     </span>
     <span class='ocr_line' id='line_1_13' title="bbox 453 1224 1618 1300; baseline -0.005 -18"><span class='ocrx_word' id='word_1_135' title='bbox 453 1229 586 1300; x_wconf 75' lang='grc' dir='ltr'>ὀφείλουσι</span> <span class='ocrx_word' id='word_1_136' title='bbox 601 1230 658 1293; x_wconf 73' lang='grc' dir='ltr'>τοῦς</span> <span class='ocrx_word' id='word_1_137' title='bbox 669 1229 793 1300; x_wconf 82' lang='grc' dir='ltr'>δισμοὶις,</span> <span class='ocrx_word' id='word_1_138' title='bbox 814 1227 861 1296; x_wconf 81' lang='grc' dir='ltr'>ήδη</span> <span class='ocrx_word' id='word_1_139' title='bbox 874 1227 916 1281; x_wconf 84' lang='grc' dir='ltr'>καί</span> <span class='ocrx_word' id='word_1_140' title='bbox 928 1229 1008 1282; x_wconf 87' lang='grc' dir='ltr'>πάντα</span> <span class='ocrx_word' id='word_1_141' title='bbox 1029 1229 1158 1300; x_wconf 89' lang='grc' dir='ltr'>δεσμώτην</span> <span class='ocrx_word' id='word_1_142' title='bbox 1180 1228 1241 1282; x_wconf 85' lang='grc' dir='ltr'>λόει·</span> <span class='ocrx_word' id='word_1_143' title='bbox 1322 1241 1371 1292; x_wconf 78' lang='lat'>7²¹</span> <span class='ocrx_word' id='word_1_144' title='bbox 1376 1265 1384 1290; x_wconf 93' lang='lat'><em>,</em></span> <span class='ocrx_word' id='word_1_145' title='bbox 1398 1228 1439 1280; x_wconf 85' lang='lat'>18.</span> <span class='ocrx_word' id='word_1_146' title='bbox 1450 1224 1512 1286; x_wconf 85' lang='grc' dir='ltr'>Τοὶις</span> <span class='ocrx_word' id='word_1_147' title='bbox 1525 1224 1568 1295; x_wconf 79' lang='grc' dir='ltr'>δ’μι</span> <span class='ocrx_word' id='word_1_148' title='bbox 1617 1247 1618 1262; x_wconf 93' lang='lat'>¹</span> 
     </span>
     <span class='ocr_line' id='line_1_14' title="bbox 457 1303 1618 1375; baseline -0.005 -15"><span class='ocrx_word' id='word_1_149' title='bbox 457 1309 587 1362; x_wconf 80' lang='lat' dir='ltr'><strong>RYTCV.</strong></span> <span class='ocrx_word' id='word_1_150' title='bbox 1286 1303 1401 1366; x_wconf 80' lang='grc' dir='ltr'>ίξαθτιῖιν</span> <span class='ocrx_word' id='word_1_151' title='bbox 1418 1309 1466 1358; x_wconf 74' lang='grc' dir='ltr'>τῶν</span> <span class='ocrx_word' id='word_1_152' title='bbox 1483 1323 1568 1375; x_wconf 80' lang='grc' dir='ltr'>πραγμ</span> <span class='ocrx_word' id='word_1_153' title='bbox 1617 1331 1618 1354; x_wconf 76' lang='grc' dir='ltr'>ι</span> 
     </span>
     <span class='ocr_line' id='line_1_15' title="bbox 495 1382 1618 1457; baseline -0.004 -17"><span class='ocrx_word' id='word_1_154' title='bbox 495 1391 598 1456; x_wconf 73' lang='lat'><strong>720,4.</strong></span> <span class='ocrx_word' id='word_1_155' title='bbox 619 1385 823 1457; x_wconf 80' lang='grc' dir='ltr'>Ἐξωσθήσομαι]</span> <span class='ocrx_word' id='word_1_156' title='bbox 846 1384 909 1439; x_wconf 75' lang='grc' dir='ltr'>Ἀντί</span> <span class='ocrx_word' id='word_1_157' title='bbox 924 1389 968 1438; x_wconf 91' lang='grc' dir='ltr'>τοῦ</span> <span class='ocrx_word' id='word_1_158' title='bbox 987 1384 1033 1448; x_wconf 82' lang='grc' dir='ltr'>έξω</span> <span class='ocrx_word' id='word_1_159' title='bbox 1047 1389 1091 1439; x_wconf 86' lang='grc' dir='ltr'>τοῦ</span> <span class='ocrx_word' id='word_1_160' title='bbox 1104 1389 1189 1457; x_wconf 84' lang='grc' dir='ltr'>καιροῦ</span> <span class='ocrx_word' id='word_1_161' title='bbox 1201 1405 1243 1456; x_wconf 84' lang='grc' dir='ltr'>γε·</span> <span class='ocrx_word' id='word_1_162' title='bbox 1322 1399 1439 1454; x_wconf 78' lang='lat'>721,22.</span> <span class='ocrx_word' id='word_1_163' title='bbox 1453 1382 1570 1453; x_wconf 82' lang='grc' dir='ltr'>θάτερον</span> <span class='ocrx_word' id='word_1_164' title='bbox 1617 1385 1618 1436; x_wconf 63' lang='grc' dir='ltr'>ξ</span> 
     </span>
     <span class='ocr_line' id='line_1_16' title="bbox 458 1461 1570 1537; baseline -0.004 -19"><span class='ocrx_word' id='word_1_165' title='bbox 458 1466 567 1537; x_wconf 83' lang='grc' dir='ltr'>νήσομαι</span> <span class='ocrx_word' id='word_1_166' title='bbox 577 1469 622 1520; x_wconf 87' lang='grc' dir='ltr'>τοῦ</span> <span class='ocrx_word' id='word_1_167' title='bbox 637 1466 724 1528; x_wconf 83' lang='grc' dir='ltr'>δδιιτος</span> <span class='ocrx_word' id='word_1_168' title='bbox 737 1464 959 1528; x_wconf 81' lang='grc' dir='ltr'>καταναλωθέντος.</span> <span class='ocrx_word' id='word_1_169' title='bbox 976 1467 1010 1521; x_wconf 84' lang='lat' dir='ltr'>Y.</span> <span class='ocrx_word' id='word_1_170' title='bbox 1287 1463 1357 1533; x_wconf 81' lang='grc' dir='ltr'>νόμῳ</span> <span class='ocrx_word' id='word_1_171' title='bbox 1370 1467 1405 1533; x_wconf 81' lang='grc' dir='ltr'>τῷ</span> <span class='ocrx_word' id='word_1_172' title='bbox 1417 1461 1500 1515; x_wconf 70' lang='grc' dir='ltr'>αὑτοῦ.</span> <span class='ocrx_word' id='word_1_173' title='bbox 1514 1465 1570 1516; x_wconf 79' lang='lat' dir='ltr'>AR.</span> 
     </span>
     <span class='ocr_line' id='line_1_17' title="bbox 497 1539 1618 1615; baseline -0.006 -16"><span class='ocrx_word' id='word_1_174' title='bbox 497 1561 559 1613; x_wconf 77' lang='lat'><strong>7²0,</strong></span> <span class='ocrx_word' id='word_1_175' title='bbox 577 1550 619 1598; x_wconf 88' lang='lat'>16.</span> <span class='ocrx_word' id='word_1_176' title='bbox 636 1543 813 1615; x_wconf 80' lang='grc' dir='ltr'>Σιωπήσομαι]</span> <span class='ocrx_word' id='word_1_177' title='bbox 832 1542 901 1597; x_wconf 85' lang='grc' dir='ltr'>Ἀντί</span> <span class='ocrx_word' id='word_1_178' title='bbox 913 1549 958 1598; x_wconf 85' lang='grc' dir='ltr'>τοῦ</span> <span class='ocrx_word' id='word_1_179' title='bbox 972 1543 1052 1598; x_wconf 82' lang='grc' dir='ltr'>οθκέτι</span> <span class='ocrx_word' id='word_1_180' title='bbox 1066 1562 1113 1614; x_wconf 87' lang='grc' dir='ltr'>μου</span> <span class='ocrx_word' id='word_1_181' title='bbox 1126 1542 1151 1596; x_wconf 86' lang='grc' dir='ltr'>ἐν</span> <span class='ocrx_word' id='word_1_182' title='bbox 1164 1542 1244 1613; x_wconf 76' lang='grc' dir='ltr'>τούτῳ</span> <span class='ocrx_word' id='word_1_183' title='bbox 1323 1555 1384 1608; x_wconf 82' lang='lat'>721,</span> <span class='ocrx_word' id='word_1_184' title='bbox 1401 1541 1445 1594; x_wconf 78' lang='lat'>23.</span> <span class='ocrx_word' id='word_1_185' title='bbox 1459 1539 1518 1594; x_wconf 83' lang='grc' dir='ltr'>Ὅτι</span> <span class='ocrx_word' id='word_1_186' title='bbox 1534 1539 1571 1611; x_wconf 80' lang='grc' dir='ltr'>μίν</span> <span class='ocrx_word' id='word_1_187' title='bbox 1617 1575 1618 1580; x_wconf 57' lang='lat'>¹</span> 
     </span>
     <span class='ocr_line' id='line_1_18' title="bbox 459 1616 1618 1694; baseline -0.006 -18"><span class='ocrx_word' id='word_1_188' title='bbox 459 1623 533 1694; x_wconf 83' lang='grc' dir='ltr'>χρεία</span> <span class='ocrx_word' id='word_1_189' title='bbox 544 1622 596 1678; x_wconf 81' lang='grc' dir='ltr'>ἐστί</span> <span class='ocrx_word' id='word_1_190' title='bbox 607 1626 650 1676; x_wconf 85' lang='grc' dir='ltr'>τοῦ</span> <span class='ocrx_word' id='word_1_191' title='bbox 662 1623 811 1692; x_wconf 87' lang='grc' dir='ltr'>κατηγόρου.</span> <span class='ocrx_word' id='word_1_192' title='bbox 863 1622 942 1676; x_wconf 83' lang='grc' dir='ltr'>Ἔνθα</span> <span class='ocrx_word' id='word_1_193' title='bbox 955 1621 1086 1694; x_wconf 83' lang='grc' dir='ltr'>γδιραθτδς</span> <span class='ocrx_word' id='word_1_194' title='bbox 1100 1621 1241 1674; x_wconf 83' lang='grc' dir='ltr'>ίαοτοῦΤι-</span> <span class='ocrx_word' id='word_1_195' title='bbox 1285 1616 1419 1688; x_wconf 81' lang='grc' dir='ltr'>φαλαίωεις</span> <span class='ocrx_word' id='word_1_196' title='bbox 1433 1616 1457 1671; x_wconf 88' lang='grc' dir='ltr'>έν</span> <span class='ocrx_word' id='word_1_197' title='bbox 1471 1620 1538 1690; x_wconf 77' lang='grc' dir='ltr'>μέσῳ</span> <span class='ocrx_word' id='word_1_198' title='bbox 1551 1619 1572 1669; x_wconf 84' lang='grc' dir='ltr'>λι</span> <span class='ocrx_word' id='word_1_199' title='bbox 1617 1623 1618 1662; x_wconf 64' lang='lat'>¹</span> 
     </span>
     <span class='ocr_line' id='line_1_19' title="bbox 460 1697 1618 1773; baseline -0.004 -19"><span class='ocrx_word' id='word_1_200' title='bbox 460 1703 587 1772; x_wconf 84' lang='grc' dir='ltr'>μοκράτης</span> <span class='ocrx_word' id='word_1_201' title='bbox 611 1704 759 1773; x_wconf 72' lang='grc' dir='ltr'>κατηγορεῖ,</span> <span class='ocrx_word' id='word_1_202' title='bbox 785 1701 827 1754; x_wconf 85' lang='grc' dir='ltr'>καί</span> <span class='ocrx_word' id='word_1_203' title='bbox 852 1699 896 1767; x_wconf 78' lang='grc' dir='ltr'>τήν</span> <span class='ocrx_word' id='word_1_204' title='bbox 917 1698 978 1772; x_wconf 79' lang='grc' dir='ltr'>ίμὴν</span> <span class='ocrx_word' id='word_1_205' title='bbox 1003 1699 1069 1762; x_wconf 76' lang='grc' dir='ltr'>τάξιν</span> <span class='ocrx_word' id='word_1_206' title='bbox 1094 1699 1241 1770; x_wconf 76' lang='grc' dir='ltr'>ἀναπληροῖ.</span> <span class='ocrx_word' id='word_1_207' title='bbox 1289 1715 1329 1750; x_wconf 88' lang='grc' dir='ltr'>ται</span> <span class='ocrx_word' id='word_1_208' title='bbox 1349 1697 1437 1751; x_wconf 86' lang='grc' dir='ltr'>λοιπδν</span> <span class='ocrx_word' id='word_1_209' title='bbox 1459 1699 1516 1770; x_wconf 81' lang='grc' dir='ltr'>περί</span> <span class='ocrx_word' id='word_1_210' title='bbox 1537 1705 1573 1752; x_wconf 86' lang='grc' dir='ltr'><strong>τοὶ</strong></span> <span class='ocrx_word' id='word_1_211' title='bbox 1617 1719 1618 1749; x_wconf 83' lang='grc' dir='ltr'>ι</span> 
     </span>
     <span class='ocr_line' id='line_1_20' title="bbox 460 1775 1618 1847; baseline -0.009 -13"><span class='ocrx_word' id='word_1_212' title='bbox 460 1782 566 1834; x_wconf 76' lang='grc' dir='ltr'>ΑΤΟίί.</span> <span class='ocrx_word' id='word_1_213' title='bbox 1287 1777 1458 1847; x_wconf 85' lang='grc' dir='ltr'>συμφέροντος.</span> <span class='ocrx_word' id='word_1_214' title='bbox 1499 1775 1574 1830; x_wconf 86' lang='grc' dir='ltr'>Ἐντε</span> <span class='ocrx_word' id='word_1_215' title='bbox 1617 1819 1618 1824; x_wconf 75' lang='grc'>,</span> 
     </span>
     <span class='ocr_line' id='line_1_21' title="bbox 496 1855 1618 1930; baseline -0.006 -16"><span class='ocrx_word' id='word_1_216' title='bbox 496 1875 557 1928; x_wconf 77' lang='lat'>720,</span> <span class='ocrx_word' id='word_1_217' title='bbox 582 1877 624 1930; x_wconf 75' lang='lat'>¹9·</span> <span class='ocrx_word' id='word_1_218' title='bbox 650 1858 838 1930; x_wconf 81' lang='grc' dir='ltr'>Είσαγγελίαν]</span> <span class='ocrx_word' id='word_1_219' title='bbox 866 1856 1046 1930; x_wconf 84' lang='grc' dir='ltr'>Ἐμφανισμδν,</span> <span class='ocrx_word' id='word_1_220' title='bbox 1070 1857 1182 1928; x_wconf 90' lang='grc' dir='ltr'>μήνυσιν.</span> <span class='ocrx_word' id='word_1_221' title='bbox 1208 1863 1243 1914; x_wconf 81' lang='grc' dir='ltr'>Α.</span> <span class='ocrx_word' id='word_1_222' title='bbox 1286 1855 1343 1918; x_wconf 83' lang='grc' dir='ltr'>τοδς</span> <span class='ocrx_word' id='word_1_223' title='bbox 1359 1855 1414 1926; x_wconf 87' lang='grc' dir='ltr'>περί</span> <span class='ocrx_word' id='word_1_224' title='bbox 1426 1859 1470 1910; x_wconf 86' lang='grc' dir='ltr'>τοῦ</span> <span class='ocrx_word' id='word_1_225' title='bbox 1490 1859 1574 1928; x_wconf 87' lang='grc' dir='ltr'>προσώ</span> <span class='ocrx_word' id='word_1_226' title='bbox 1617 1877 1618 1907; x_wconf 78' lang='grc' dir='ltr'>ι</span> 
     </span>
     <span class='ocr_line' id='line_1_22' title="bbox 461 1933 1618 2010; baseline -0.001 -21"><span class='ocrx_word' id='word_1_227' title='bbox 461 1935 612 2010; x_wconf 81' lang='grc' dir='ltr'>Εἰσαγγελία</span> <span class='ocrx_word' id='word_1_228' title='bbox 625 1937 723 1992; x_wconf 83' lang='grc' dir='ltr'>δι’έστιν</span> <span class='ocrx_word' id='word_1_229' title='bbox 744 1938 824 2008; x_wconf 82' lang='grc' dir='ltr'>ὄνομα</span> <span class='ocrx_word' id='word_1_230' title='bbox 838 1937 906 2004; x_wconf 88' lang='grc' dir='ltr'>δίκης</span> <span class='ocrx_word' id='word_1_231' title='bbox 924 1937 987 1992; x_wconf 78' lang='grc' dir='ltr'>κατά</span> <span class='ocrx_word' id='word_1_232' title='bbox 1002 1943 1051 1990; x_wconf 79' lang='grc' dir='ltr'>τῶν</span> <span class='ocrx_word' id='word_1_233' title='bbox 1071 1937 1243 1992; x_wconf 77' lang='grc' dir='ltr'>καταλυόντων</span> <span class='ocrx_word' id='word_1_234' title='bbox 1286 1935 1342 1997; x_wconf 85' lang='grc' dir='ltr'>τοίις</span> <span class='ocrx_word' id='word_1_235' title='bbox 1355 1935 1410 2006; x_wconf 83' lang='grc' dir='ltr'>περί</span> <span class='ocrx_word' id='word_1_236' title='bbox 1422 1936 1575 2007; x_wconf 88' lang='grc' dir='ltr'>πράγματος.</span> <span class='ocrx_word' id='word_1_237' title='bbox 1617 1933 1618 1954; x_wconf 66' lang='lat'>¹</span> 
     </span>
     <span class='ocr_line' id='line_1_23' title="bbox 463 2009 1576 2088; baseline -0.003 -20"><span class='ocrx_word' id='word_1_238' title='bbox 463 2013 506 2081; x_wconf 78' lang='grc' dir='ltr'>τήν</span> <span class='ocrx_word' id='word_1_239' title='bbox 518 2017 683 2088; x_wconf 79' lang='grc' dir='ltr'>δημοκρατίαν</span> <span class='ocrx_word' id='word_1_240' title='bbox 698 2016 753 2069; x_wconf 89' lang='grc' dir='ltr'>καθ’</span> <span class='ocrx_word' id='word_1_241' title='bbox 763 2009 817 2068; x_wconf 87' lang='grc' dir='ltr'>οίον</span> <span class='ocrx_word' id='word_1_242' title='bbox 831 2015 923 2081; x_wconf 85' lang='grc' dir='ltr'>δήποτε</span> <span class='ocrx_word' id='word_1_243' title='bbox 937 2016 1037 2086; x_wconf 89' lang='grc' dir='ltr'>τρόπον.</span> <span class='ocrx_word' id='word_1_244' title='bbox 1052 2014 1154 2070; x_wconf 68' lang='lat' dir='ltr'><strong>mcv.</strong></span> <span class='ocrx_word' id='word_1_245' title='bbox 1286 2009 1329 2076; x_wconf 83' lang='grc' dir='ltr'>τάς</span> <span class='ocrx_word' id='word_1_246' title='bbox 1347 2011 1373 2068; x_wconf 86' lang='grc' dir='ltr'>έν</span> <span class='ocrx_word' id='word_1_247' title='bbox 1388 2015 1469 2085; x_wconf 86' lang='grc' dir='ltr'>μέσοις</span> <span class='ocrx_word' id='word_1_248' title='bbox 1482 2016 1535 2076; x_wconf 77' lang='grc' dir='ltr'>τοῖς</span> <span class='ocrx_word' id='word_1_249' title='bbox 1552 2013 1576 2066; x_wconf 84' lang='grc' dir='ltr'>λι</span> 
     </span>
     <span class='ocr_line' id='line_1_24' title="bbox 496 2091 1618 2166; baseline -0.004 -20"><span class='ocrx_word' id='word_1_250' title='bbox 496 2110 558 2162; x_wconf 80' lang='lat'>721,</span> <span class='ocrx_word' id='word_1_251' title='bbox 573 2094 599 2148; x_wconf 82' lang='lat'>3.</span> <span class='ocrx_word' id='word_1_252' title='bbox 612 2095 673 2165; x_wconf 84' lang='grc' dir='ltr'>Λέγε</span> <span class='ocrx_word' id='word_1_253' title='bbox 685 2091 768 2155; x_wconf 77' lang='grc' dir='ltr'>αδτοῖς</span> <span class='ocrx_word' id='word_1_254' title='bbox 785 2093 844 2146; x_wconf 78' lang='grc' dir='ltr'>αδτδ</span> <span class='ocrx_word' id='word_1_255' title='bbox 858 2099 931 2148; x_wconf 86' lang='grc' dir='ltr'>τοῦτο</span> <span class='ocrx_word' id='word_1_256' title='bbox 948 2092 1040 2164; x_wconf 80' lang='grc' dir='ltr'>πάλιν]</span> <span class='ocrx_word' id='word_1_257' title='bbox 1059 2091 1162 2159; x_wconf 79' lang='grc' dir='ltr'>Ἐπειδὴ</span> <span class='ocrx_word' id='word_1_258' title='bbox 1185 2091 1245 2148; x_wconf 84' lang='grc' dir='ltr'>αιίτό</span> <span class='ocrx_word' id='word_1_259' title='bbox 1287 2095 1366 2148; x_wconf 79' lang='grc' dir='ltr'>ποιεῖν</span> <span class='ocrx_word' id='word_1_260' title='bbox 1380 2094 1573 2166; x_wconf 87' lang='grc' dir='ltr'>συμποράαματα</span> <span class='ocrx_word' id='word_1_261' title='bbox 1617 2115 1618 2142; x_wconf 81' lang='grc' dir='ltr'>ι</span> 
     </span>
     <span class='ocr_line' id='line_1_25' title="bbox 460 2165 1618 2244; baseline 0.001 -19"><span class='ocrx_word' id='word_1_262' title='bbox 460 2171 511 2225; x_wconf 82' lang='grc' dir='ltr'>ἐστι</span> <span class='ocrx_word' id='word_1_263' title='bbox 522 2173 550 2226; x_wconf 87' lang='grc' dir='ltr'>τδ</span> <span class='ocrx_word' id='word_1_264' title='bbox 567 2171 815 2244; x_wconf 89' lang='grc' dir='ltr'>ίσχυρδν,πολλάκις</span> <span class='ocrx_word' id='word_1_265' title='bbox 829 2171 888 2226; x_wconf 86' lang='grc' dir='ltr'>αιίτδ</span> <span class='ocrx_word' id='word_1_266' title='bbox 901 2172 983 2243; x_wconf 84' lang='grc' dir='ltr'>λέγοι,</span> <span class='ocrx_word' id='word_1_267' title='bbox 996 2171 1143 2226; x_wconf 89' lang='grc' dir='ltr'>τδδοδίσθω</span> <span class='ocrx_word' id='word_1_268' title='bbox 1157 2173 1202 2234; x_wconf 78' lang='grc' dir='ltr'>ἕως</span> <span class='ocrx_word' id='word_1_269' title='bbox 1215 2174 1244 2225; x_wconf 79' lang='grc' dir='ltr'>δν</span> <span class='ocrx_word' id='word_1_270' title='bbox 1286 2172 1442 2244; x_wconf 84' lang='grc' dir='ltr'>φυλάσσουσα</span> <span class='ocrx_word' id='word_1_271' title='bbox 1454 2173 1496 2226; x_wconf 86' lang='grc' dir='ltr'>καί</span> <span class='ocrx_word' id='word_1_272' title='bbox 1509 2165 1525 2238; x_wconf 74' lang='grc' dir='ltr'><strong>ἦ</strong></span> <span class='ocrx_word' id='word_1_273' title='bbox 1538 2191 1578 2242; x_wconf 79' lang='grc' dir='ltr'>παγ</span> <span class='ocrx_word' id='word_1_274' title='bbox 1617 2199 1618 2210; x_wconf 92' lang='lat'>¹</span> 
     </span>
     <span class='ocr_line' id='line_1_26' title="bbox 460 2249 1618 2325; baseline -0.002 -21"><span class='ocrx_word' id='word_1_275' title='bbox 460 2251 552 2325; x_wconf 71' lang='grc' dir='ltr'>ἐκτίσῃ.</span> <span class='ocrx_word' id='word_1_276' title='bbox 564 2253 645 2307; x_wconf 89' lang='lat' dir='ltr'>TCV.</span> <span class='ocrx_word' id='word_1_277' title='bbox 662 2253 780 2306; x_wconf 80' lang='grc' dir='ltr'>Δοκοῦσιν</span> <span class='ocrx_word' id='word_1_278' title='bbox 799 2251 905 2305; x_wconf 81' lang='grc' dir='ltr'>ἐναντίοι</span> <span class='ocrx_word' id='word_1_279' title='bbox 919 2271 971 2314; x_wconf 87' lang='grc' dir='ltr'>πως</span> <span class='ocrx_word' id='word_1_280' title='bbox 990 2249 1110 2317; x_wconf 77' lang='grc' dir='ltr'>αλλήλοις</span> <span class='ocrx_word' id='word_1_281' title='bbox 1123 2249 1147 2304; x_wconf 88' lang='grc' dir='ltr'>οί</span> <span class='ocrx_word' id='word_1_282' title='bbox 1161 2251 1243 2322; x_wconf 88' lang='grc' dir='ltr'>νόμοι.</span> <span class='ocrx_word' id='word_1_283' title='bbox 1287 2271 1354 2306; x_wconf 89' lang='grc' dir='ltr'>σοσιν</span> <span class='ocrx_word' id='word_1_284' title='bbox 1376 2250 1460 2305; x_wconf 80' lang='grc' dir='ltr'>αἰτιῶν</span> <span class='ocrx_word' id='word_1_285' title='bbox 1484 2253 1578 2322; x_wconf 85' lang='grc' dir='ltr'>ιιίχρητι</span> <span class='ocrx_word' id='word_1_286' title='bbox 1617 2291 1618 2312; x_wconf 55' lang='grc' dir='ltr'>γ</span> 
     </span>
     <span class='ocr_line' id='line_1_27' title="bbox 460 2328 1618 2402; baseline 0 -20"><span class='ocrx_word' id='word_1_287' title='bbox 460 2331 531 2402; x_wconf 90' lang='grc' dir='ltr'>Τάχα</span> <span class='ocrx_word' id='word_1_288' title='bbox 544 2329 570 2384; x_wconf 81' lang='grc' dir='ltr'>δέ</span> <span class='ocrx_word' id='word_1_289' title='bbox 592 2330 637 2384; x_wconf 77' lang='grc' dir='ltr'>οῦκ</span> <span class='ocrx_word' id='word_1_290' title='bbox 655 2330 715 2384; x_wconf 81' lang='grc' dir='ltr'>ιίοίν</span> <span class='ocrx_word' id='word_1_291' title='bbox 733 2329 852 2384; x_wconf 71' lang='grc' dir='ltr'>ἐναντίου</span> <span class='ocrx_word' id='word_1_292' title='bbox 866 2330 959 2384; x_wconf 81' lang='grc' dir='ltr'>κελεύοι</span> <span class='ocrx_word' id='word_1_293' title='bbox 974 2330 1017 2401; x_wconf 79' lang='grc' dir='ltr'>μίν</span> <span class='ocrx_word' id='word_1_294' title='bbox 1034 2329 1110 2401; x_wconf 84' lang='grc' dir='ltr'>γίιρό</span> <span class='ocrx_word' id='word_1_295' title='bbox 1131 2331 1245 2401; x_wconf 89' lang='grc' dir='ltr'>πρότερος</span> <span class='ocrx_word' id='word_1_296' title='bbox 1288 2331 1321 2392; x_wconf 86' lang='grc' dir='ltr'>ώς</span> <span class='ocrx_word' id='word_1_297' title='bbox 1334 2329 1377 2383; x_wconf 80' lang='grc' dir='ltr'>οθκ</span> <span class='ocrx_word' id='word_1_298' title='bbox 1392 2328 1513 2396; x_wconf 87' lang='grc' dir='ltr'>ἐναντίος,</span> <span class='ocrx_word' id='word_1_299' title='bbox 1525 2328 1579 2383; x_wconf 82' lang='grc' dir='ltr'>οθδί</span> <span class='ocrx_word' id='word_1_300' title='bbox 1617 2349 1618 2360; x_wconf 61' lang='grc'>’</span> 
     </span>
     <span class='ocr_line' id='line_1_28' title="bbox 461 2407 1574 2480; baseline -0.001 -19"><span class='ocrx_word' id='word_1_301' title='bbox 461 2409 586 2474; x_wconf 82' lang='grc' dir='ltr'>δεδέσθαι,</span> <span class='ocrx_word' id='word_1_302' title='bbox 602 2409 648 2470; x_wconf 85' lang='grc' dir='ltr'>έως</span> <span class='ocrx_word' id='word_1_303' title='bbox 663 2410 692 2462; x_wconf 76' lang='grc' dir='ltr'>ἂν</span> <span class='ocrx_word' id='word_1_304' title='bbox 708 2408 835 2473; x_wconf 86' lang='grc' dir='ltr'>ἐκτίσωαι,</span> <span class='ocrx_word' id='word_1_305' title='bbox 850 2408 916 2462; x_wconf 88' lang='grc' dir='ltr'>καίό</span> <span class='ocrx_word' id='word_1_306' title='bbox 931 2409 1040 2480; x_wconf 85' lang='grc' dir='ltr'>δεότερος</span> <span class='ocrx_word' id='word_1_307' title='bbox 1051 2407 1144 2462; x_wconf 77' lang='grc' dir='ltr'>τελείει</span> <span class='ocrx_word' id='word_1_308' title='bbox 1153 2408 1245 2480; x_wconf 87' lang='grc' dir='ltr'>δμοίως</span> <span class='ocrx_word' id='word_1_309' title='bbox 1290 2428 1336 2478; x_wconf 88' lang='grc' dir='ltr'>μης</span> <span class='ocrx_word' id='word_1_310' title='bbox 1347 2407 1421 2471; x_wconf 80' lang='grc' dir='ltr'>άξιος.</span> <span class='ocrx_word' id='word_1_311' title='bbox 1460 2407 1574 2479; x_wconf 76' lang='grc' dir='ltr'>’λρχεται</span> 
     </span>
     <span class='ocr_line' id='line_1_29' title="bbox 461 2481 1618 2558; baseline 0.003 -22"><span class='ocrx_word' id='word_1_312' title='bbox 461 2481 584 2550; x_wconf 89' lang='grc' dir='ltr'>δεδέσθαι,</span> <span class='ocrx_word' id='word_1_313' title='bbox 599 2483 656 2536; x_wconf 74' lang='grc' dir='ltr'>ἀλλ’</span> <span class='ocrx_word' id='word_1_314' title='bbox 670 2485 685 2538; x_wconf 94' lang='grc' dir='ltr'>ό</span> <span class='ocrx_word' id='word_1_315' title='bbox 705 2485 748 2557; x_wconf 80' lang='grc' dir='ltr'>μὲν</span> <span class='ocrx_word' id='word_1_316' title='bbox 762 2486 878 2552; x_wconf 75' lang='grc' dir='ltr'>διηνεκῶς</span> <span class='ocrx_word' id='word_1_317' title='bbox 890 2486 1000 2540; x_wconf 77' lang='grc' dir='ltr'>δεδόσθαι</span> <span class='ocrx_word' id='word_1_318' title='bbox 1014 2484 1122 2550; x_wconf 82' lang='grc' dir='ltr'>κολούει,</span> <span class='ocrx_word' id='word_1_319' title='bbox 1137 2485 1152 2537; x_wconf 86' lang='grc' dir='ltr'>ό</span> <span class='ocrx_word' id='word_1_320' title='bbox 1165 2485 1192 2539; x_wconf 87' lang='grc' dir='ltr'>δέ</span> <span class='ocrx_word' id='word_1_321' title='bbox 1205 2487 1245 2539; x_wconf 87' lang='grc' dir='ltr'>δι·</span> <span class='ocrx_word' id='word_1_322' title='bbox 1288 2492 1340 2542; x_wconf 84' lang='grc' dir='ltr'>τοῦ.</span> <span class='ocrx_word' id='word_1_323' title='bbox 1359 2509 1371 2539; x_wconf 81' lang='grc' dir='ltr'>ν</span> <span class='ocrx_word' id='word_1_324' title='bbox 1388 2487 1435 2542; x_wconf 79' lang='grc' dir='ltr'>’λεί</span> <span class='ocrx_word' id='word_1_325' title='bbox 1448 2487 1510 2542; x_wconf 86' lang='grc' dir='ltr'>δίαί</span> <span class='ocrx_word' id='word_1_326' title='bbox 1521 2487 1581 2558; x_wconf 77' lang='grc' dir='ltr'>ἐξαιρ</span> <span class='ocrx_word' id='word_1_327' title='bbox 1617 2507 1618 2540; x_wconf 81' lang='grc' dir='ltr'>ι</span> 
     </span>
     <span class='ocr_line' id='line_1_30' title="bbox 461 2555 1451 2635; baseline 0.007 -21"><span class='ocrx_word' id='word_1_328' title='bbox 461 2563 541 2616; x_wconf 81' lang='grc' dir='ltr'>δι’σθαι</span> <span class='ocrx_word' id='word_1_329' title='bbox 553 2563 595 2634; x_wconf 73' lang='grc' dir='ltr'>μέν</span> <span class='ocrx_word' id='word_1_330' title='bbox 608 2564 649 2616; x_wconf 87' lang='grc' dir='ltr'>καί</span> <span class='ocrx_word' id='word_1_331' title='bbox 662 2562 732 2625; x_wconf 78' lang='grc' dir='ltr'>αὗτδς</span> <span class='ocrx_word' id='word_1_332' title='bbox 743 2563 811 2616; x_wconf 82' lang='grc' dir='ltr'>οθδίν</span> <span class='ocrx_word' id='word_1_333' title='bbox 826 2555 900 2629; x_wconf 78' lang='grc' dir='ltr'>ήττον</span> <span class='ocrx_word' id='word_1_334' title='bbox 911 2565 1070 2634; x_wconf 86' lang='grc' dir='ltr'>προστάττει,</span> <span class='ocrx_word' id='word_1_335' title='bbox 1086 2565 1158 2635; x_wconf 80' lang='grc' dir='ltr'>μέχρι</span> <span class='ocrx_word' id='word_1_336' title='bbox 1168 2565 1194 2618; x_wconf 88' lang='grc' dir='ltr'>δέ</span> <span class='ocrx_word' id='word_1_337' title='bbox 1208 2584 1244 2619; x_wconf 87' lang='grc' dir='ltr'>τι·</span> <span class='ocrx_word' id='word_1_338' title='bbox 1288 2585 1380 2624; x_wconf 89' lang='grc' dir='ltr'>νουσιν.</span> <span class='ocrx_word' id='word_1_339' title='bbox 1394 2569 1451 2621; x_wconf 82' lang='lat' dir='ltr'>RY.</span> 
     </span>
     <span class='ocr_line' id='line_1_31' title="bbox 463 2641 1618 2717; baseline 0.006 -25"><span class='ocrx_word' id='word_1_340' title='bbox 463 2660 501 2702; x_wconf 88' lang='grc' dir='ltr'>νος</span> <span class='ocrx_word' id='word_1_341' title='bbox 512 2641 670 2696; x_wconf 83' lang='grc' dir='ltr'>διαπιστειίειν</span> <span class='ocrx_word' id='word_1_342' title='bbox 683 2642 771 2706; x_wconf 78' lang='grc' dir='ltr'>αὗτοδς</span> <span class='ocrx_word' id='word_1_343' title='bbox 782 2643 864 2696; x_wconf 83' lang='grc' dir='ltr'>άνεσιν</span> <span class='ocrx_word' id='word_1_344' title='bbox 882 2643 1014 2714; x_wconf 80' lang='grc' dir='ltr'>βούλεται,</span> <span class='ocrx_word' id='word_1_345' title='bbox 1033 2644 1076 2696; x_wconf 79' lang='grc' dir='ltr'>καί</span> <span class='ocrx_word' id='word_1_346' title='bbox 1096 2647 1184 2696; x_wconf 84' lang='grc' dir='ltr'>τοῦτον</span> <span class='ocrx_word' id='word_1_347' title='bbox 1203 2643 1243 2697; x_wconf 74' lang='grc' dir='ltr'>ὑπ’</span> <span class='ocrx_word' id='word_1_348' title='bbox 1323 2645 1381 2700; x_wconf 84' lang='grc' dir='ltr'>Ὅτι</span> <span class='ocrx_word' id='word_1_349' title='bbox 1395 2646 1438 2717; x_wconf 83' lang='grc' dir='ltr'>μίν</span> <span class='ocrx_word' id='word_1_350' title='bbox 1452 2644 1534 2700; x_wconf 90' lang='grc' dir='ltr'>τοίνυν</span> <span class='ocrx_word' id='word_1_351' title='bbox 1548 2645 1582 2698; x_wconf 76' lang='grc' dir='ltr'>κε’</span> <span class='ocrx_word' id='word_1_352' title='bbox 1617 2666 1618 2699; x_wconf 73' lang='grc' dir='ltr'>ι</span> 
     </span>
     <span class='ocr_line' id='line_1_32' title="bbox 462 2720 1618 2794; baseline 0.001 -20"><span class='ocrx_word' id='word_1_353' title='bbox 462 2720 591 2790; x_wconf 73' lang='grc' dir='ltr'>ἐγγυηταῖς</span> <span class='ocrx_word' id='word_1_354' title='bbox 604 2720 687 2784; x_wconf 83' lang='grc' dir='ltr'>αιίτοῖς</span> <span class='ocrx_word' id='word_1_355' title='bbox 702 2721 767 2776; x_wconf 87' lang='grc' dir='ltr'>είναι</span> <span class='ocrx_word' id='word_1_356' title='bbox 786 2721 830 2775; x_wconf 87' lang='grc' dir='ltr'>τδν</span> <span class='ocrx_word' id='word_1_357' title='bbox 850 2722 950 2793; x_wconf 88' lang='grc' dir='ltr'>χρόνον.</span> <span class='ocrx_word' id='word_1_358' title='bbox 1007 2720 1085 2776; x_wconf 75' lang='grc' dir='ltr'>Ὥστε</span> <span class='ocrx_word' id='word_1_359' title='bbox 1103 2721 1147 2776; x_wconf 81' lang='grc' dir='ltr'>οθκ</span> <span class='ocrx_word' id='word_1_360' title='bbox 1161 2723 1191 2776; x_wconf 78' lang='grc' dir='ltr'>δν</span> <span class='ocrx_word' id='word_1_361' title='bbox 1205 2721 1243 2789; x_wconf 92' lang='grc' dir='ltr'>είη</span> <span class='ocrx_word' id='word_1_362' title='bbox 1287 2743 1382 2794; x_wconf 90' lang='grc' dir='ltr'>γματος</span> <span class='ocrx_word' id='word_1_363' title='bbox 1401 2723 1528 2791; x_wconf 87' lang='grc' dir='ltr'>δηλονότι.</span> <span class='ocrx_word' id='word_1_364' title='bbox 1567 2723 1583 2775; x_wconf 78' lang='grc' dir='ltr'><strong>Ε</strong></span> <span class='ocrx_word' id='word_1_365' title='bbox 1617 2751 1618 2770; x_wconf 75' lang='lat'>¹</span> 
     </span>
     <span class='ocr_line' id='line_1_33' title="bbox 461 2797 1618 2874; baseline 0.003 -24"><span class='ocrx_word' id='word_1_366' title='bbox 461 2797 575 2860; x_wconf 77' lang='grc' dir='ltr'>ἐναντίος</span> <span class='ocrx_word' id='word_1_367' title='bbox 592 2797 702 2853; x_wconf 88' lang='grc' dir='ltr'>ἐναντίον</span> <span class='ocrx_word' id='word_1_368' title='bbox 716 2799 765 2871; x_wconf 77' lang='grc' dir='ltr'>γὰρ</span> <span class='ocrx_word' id='word_1_369' title='bbox 778 2800 807 2854; x_wconf 88' lang='grc' dir='ltr'>τδ</span> <span class='ocrx_word' id='word_1_370' title='bbox 820 2798 972 2872; x_wconf 80' lang='grc' dir='ltr'>άναιροτυιδν</span> <span class='ocrx_word' id='word_1_371' title='bbox 988 2804 1033 2854; x_wconf 85' lang='grc' dir='ltr'>τοῦ</span> <span class='ocrx_word' id='word_1_372' title='bbox 1049 2799 1139 2872; x_wconf 77' lang='grc' dir='ltr'>ἐτέρου.</span> <span class='ocrx_word' id='word_1_373' title='bbox 1176 2800 1245 2854; x_wconf 83' lang='grc' dir='ltr'>Είδέ</span> <span class='ocrx_word' id='word_1_374' title='bbox 1287 2801 1369 2874; x_wconf 81' lang='grc' dir='ltr'>λέγων</span> <span class='ocrx_word' id='word_1_375' title='bbox 1383 2799 1422 2856; x_wconf 83' lang='grc' dir='ltr'>δτι</span> <span class='ocrx_word' id='word_1_376' title='bbox 1435 2802 1463 2856; x_wconf 83' lang='grc' dir='ltr'>οθ</span> <span class='ocrx_word' id='word_1_377' title='bbox 1477 2802 1584 2873; x_wconf 83' lang='grc' dir='ltr'>τολμήσι</span> <span class='ocrx_word' id='word_1_378' title='bbox 1617 2821 1618 2846; x_wconf 85' lang='lat'>¹</span> 
     </span>
     <span class='ocr_line' id='line_1_34' title="bbox 461 2877 1572 2952; baseline 0.004 -22"><span class='ocrx_word' id='word_1_379' title='bbox 461 2877 503 2930; x_wconf 82' lang='grc' dir='ltr'>οδκ</span> <span class='ocrx_word' id='word_1_380' title='bbox 516 2877 613 2949; x_wconf 71' lang='grc' dir='ltr'>ἀναιρεῖ</span> <span class='ocrx_word' id='word_1_381' title='bbox 624 2879 667 2932; x_wconf 85' lang='grc' dir='ltr'>τδν</span> <span class='ocrx_word' id='word_1_382' title='bbox 685 2880 740 2950; x_wconf 83' lang='grc' dir='ltr'>περί</span> <span class='ocrx_word' id='word_1_383' title='bbox 757 2885 806 2934; x_wconf 82' lang='grc' dir='ltr'>τῶν</span> <span class='ocrx_word' id='word_1_384' title='bbox 821 2881 918 2952; x_wconf 78' lang='grc' dir='ltr'>δεσμῶν</span> <span class='ocrx_word' id='word_1_385' title='bbox 930 2880 1007 2936; x_wconf 88' lang='grc' dir='ltr'>πάλαι</span> <span class='ocrx_word' id='word_1_386' title='bbox 1018 2880 1132 2951; x_wconf 83' lang='grc' dir='ltr'>κείμενον</span> <span class='ocrx_word' id='word_1_387' title='bbox 1151 2882 1242 2951; x_wconf 90' lang='grc' dir='ltr'>νόμον,</span> <span class='ocrx_word' id='word_1_388' title='bbox 1288 2901 1328 2952; x_wconf 91' lang='grc' dir='ltr'>ρος</span> <span class='ocrx_word' id='word_1_389' title='bbox 1339 2881 1381 2935; x_wconf 75' lang='grc' dir='ltr'>καί</span> <span class='ocrx_word' id='word_1_390' title='bbox 1392 2879 1504 2949; x_wconf 77' lang='grc' dir='ltr'>ἰδιώτης,</span> <span class='ocrx_word' id='word_1_391' title='bbox 1517 2881 1572 2934; x_wconf 80' lang='grc' dir='ltr'>οέδί</span> 
     </span>
     <span class='ocr_line' id='line_1_35' title="bbox 461 2955 1618 3031; baseline 0.003 -22"><span class='ocrx_word' id='word_1_392' title='bbox 461 2961 497 3028; x_wconf 79' lang='grc' dir='ltr'>τῷ</span> <span class='ocrx_word' id='word_1_393' title='bbox 509 2956 550 3009; x_wconf 88' lang='grc' dir='ltr'>καί</span> <span class='ocrx_word' id='word_1_394' title='bbox 573 2955 646 3020; x_wconf 83' lang='grc' dir='ltr'>αιίτός</span> <span class='ocrx_word' id='word_1_395' title='bbox 664 2960 822 3028; x_wconf 78' lang='grc' dir='ltr'>προστάττειν</span> <span class='ocrx_word' id='word_1_396' title='bbox 845 2959 935 3030; x_wconf 79' lang='grc' dir='ltr'>δεσμόν</span> <span class='ocrx_word' id='word_1_397' title='bbox 953 2959 997 3014; x_wconf 77' lang='grc' dir='ltr'>οῦκ</span> <span class='ocrx_word' id='word_1_398' title='bbox 1018 2960 1047 3012; x_wconf 82' lang='grc' dir='ltr'>δν</span> <span class='ocrx_word' id='word_1_399' title='bbox 1070 2957 1109 3026; x_wconf 90' lang='grc' dir='ltr'>είη</span> <span class='ocrx_word' id='word_1_400' title='bbox 1127 2957 1242 3022; x_wconf 85' lang='grc' dir='ltr'>ἐναντίος.</span> <span class='ocrx_word' id='word_1_401' title='bbox 1287 2957 1478 3031; x_wconf 78' lang='grc' dir='ltr'>ήίξαίρεσιςτῷ</span> <span class='ocrx_word' id='word_1_402' title='bbox 1491 2979 1585 3030; x_wconf 87' lang='grc' dir='ltr'>καταφο</span> <span class='ocrx_word' id='word_1_403' title='bbox 1617 2985 1618 3002; x_wconf 94' lang='lat'>¹</span> 
     </span>
     <span class='ocr_line' id='line_1_36' title="bbox 462 3035 1551 3110; baseline 0.001 -21"><span class='ocrx_word' id='word_1_404' title='bbox 462 3035 585 3089; x_wconf 72' lang='lat' dir='ltr'>mcv.</span> <span class='ocrx_word' id='word_1_405' title='bbox 1290 3039 1387 3106; x_wconf 78' lang='grc' dir='ltr'>καὶτῆς</span> <span class='ocrx_word' id='word_1_406' title='bbox 1402 3036 1551 3110; x_wconf 85' lang='grc' dir='ltr'>βουλήσεως.</span> 
     </span>
     <span class='ocr_line' id='line_1_37' title="bbox 498 3115 1584 3190; baseline 0.007 -24"><span class='ocrx_word' id='word_1_407' title='bbox 498 3130 557 3182; x_wconf 80' lang='lat'>721,</span> <span class='ocrx_word' id='word_1_408' title='bbox 571 3131 612 3170; x_wconf 88' lang='grc' dir='ltr'>ιο.</span> <span class='ocrx_word' id='word_1_409' title='bbox 630 3115 771 3188; x_wconf 83' lang='grc' dir='ltr'>ίίατηγορεῖ</span> <span class='ocrx_word' id='word_1_410' title='bbox 779 3117 933 3188; x_wconf 90' lang='grc' dir='ltr'>Τιμοκράτης</span> <span class='ocrx_word' id='word_1_411' title='bbox 950 3117 1129 3189; x_wconf 83' lang='grc' dir='ltr'>Τιμοκράτους]</span> <span class='ocrx_word' id='word_1_412' title='bbox 1145 3115 1245 3172; x_wconf 85' lang='grc' dir='ltr'>Ὧσανεί</span> <span class='ocrx_word' id='word_1_413' title='bbox 1291 3140 1302 3168; x_wconf 80' lang='grc' dir='ltr'>ι</span> <span class='ocrx_word' id='word_1_414' title='bbox 1324 3119 1441 3190; x_wconf 76' lang='grc' dir='ltr'>θαυμάζω</span> <span class='ocrx_word' id='word_1_415' title='bbox 1452 3117 1478 3172; x_wconf 79' lang='grc' dir='ltr'>δέ</span> <span class='ocrx_word' id='word_1_416' title='bbox 1498 3117 1584 3174; x_wconf 68' lang='grc' dir='ltr'>αὐτοῦ.</span> 
     </span>
     <span class='ocr_line' id='line_1_38' title="bbox 461 3189 1588 3269; baseline 0.004 -23"><span class='ocrx_word' id='word_1_417' title='bbox 461 3189 541 3262; x_wconf 78' lang='grc' dir='ltr'>ἔλεγε·</span> <span class='ocrx_word' id='word_1_418' title='bbox 564 3193 718 3264; x_wconf 84' lang='grc' dir='ltr'>Τιμοκράτης</span> <span class='ocrx_word' id='word_1_419' title='bbox 738 3196 905 3266; x_wconf 69' lang='grc' dir='ltr'>Τιμοκράτους</span> <span class='ocrx_word' id='word_1_420' title='bbox 922 3195 1072 3266; x_wconf 74' lang='grc' dir='ltr'>κατηγοροῖ,</span> <span class='ocrx_word' id='word_1_421' title='bbox 1093 3193 1197 3258; x_wconf 82' lang='grc' dir='ltr'>όντιθείς</span> <span class='ocrx_word' id='word_1_422' title='bbox 1210 3201 1246 3266; x_wconf 78' lang='grc' dir='ltr'>τῷ</span> <span class='ocrx_word' id='word_1_423' title='bbox 1289 3200 1365 3268; x_wconf 88' lang='grc' dir='ltr'>μόνον</span> <span class='ocrx_word' id='word_1_424' title='bbox 1382 3197 1513 3269; x_wconf 85' lang='grc' dir='ltr'>κεφαλαίου</span> <span class='ocrx_word' id='word_1_425' title='bbox 1525 3215 1588 3269; x_wconf 90' lang='grc' dir='ltr'>τνγχ</span> 
     </span>
     <span class='ocr_line' id='line_1_39' title="bbox 462 3273 1589 3350; baseline 0.004 -24"><span class='ocrx_word' id='word_1_426' title='bbox 462 3273 530 3346; x_wconf 80' lang='grc' dir='ltr'>νόμῳ</span> <span class='ocrx_word' id='word_1_427' title='bbox 542 3275 584 3328; x_wconf 88' lang='grc' dir='ltr'>τδν</span> <span class='ocrx_word' id='word_1_428' title='bbox 599 3278 689 3346; x_wconf 90' lang='grc' dir='ltr'>νόμον·</span> <span class='ocrx_word' id='word_1_429' title='bbox 705 3276 746 3330; x_wconf 87' lang='grc' dir='ltr'>καί</span> <span class='ocrx_word' id='word_1_430' title='bbox 755 3275 869 3348; x_wconf 81' lang='grc' dir='ltr'>,περιττός</span> <span class='ocrx_word' id='word_1_431' title='bbox 880 3274 894 3328; x_wconf 88' lang='grc' dir='ltr'>ό</span> <span class='ocrx_word' id='word_1_432' title='bbox 907 3274 1052 3346; x_wconf 79' lang='grc' dir='ltr'>κατήγορος.</span> <span class='ocrx_word' id='word_1_433' title='bbox 1066 3279 1099 3330; x_wconf 84' lang='grc' dir='ltr'>Α.</span> <span class='ocrx_word' id='word_1_434' title='bbox 1288 3275 1406 3350; x_wconf 75' lang='grc' dir='ltr'>ἀπαγάγῃ</span> <span class='ocrx_word' id='word_1_435' title='bbox 1420 3276 1506 3340; x_wconf 81' lang='grc' dir='ltr'>αθτοδς</span> <span class='ocrx_word' id='word_1_436' title='bbox 1519 3281 1562 3344; x_wconf 79' lang='grc' dir='ltr'>τῆς</span> <span class='ocrx_word' id='word_1_437' title='bbox 1580 3297 1589 3330; x_wconf 85' lang='grc' dir='ltr'>ι</span> 
     </span>
     <span class='ocr_line' id='line_1_40' title="bbox 497 3352 1589 3426; baseline 0.002 -21"><span class='ocrx_word' id='word_1_438' title='bbox 497 3369 557 3422; x_wconf 78' lang='grc' dir='ltr'>ραι,</span> <span class='ocrx_word' id='word_1_439' title='bbox 573 3371 614 3407; x_wconf 87' lang='grc' dir='ltr'>ιι.</span> <span class='ocrx_word' id='word_1_440' title='bbox 629 3355 715 3408; x_wconf 83' lang='grc' dir='ltr'>Καίτοι</span> <span class='ocrx_word' id='word_1_441' title='bbox 727 3356 791 3418; x_wconf 84' lang='grc' dir='ltr'>τίνος</span> <span class='ocrx_word' id='word_1_442' title='bbox 810 3357 840 3408; x_wconf 80' lang='grc' dir='ltr'>δν</span> <span class='ocrx_word' id='word_1_443' title='bbox 859 3353 919 3426; x_wconf 81' lang='grc' dir='ltr'>όμῖν</span> <span class='ocrx_word' id='word_1_444' title='bbox 938 3353 1103 3424; x_wconf 74' lang='grc' dir='ltr'>ἀποσχέσθαι]</span> <span class='ocrx_word' id='word_1_445' title='bbox 1117 3352 1244 3409; x_wconf 79' lang='grc' dir='ltr'>Ἐντεῦθεν</span> <span class='ocrx_word' id='word_1_446' title='bbox 1288 3355 1366 3419; x_wconf 73' lang='grc' dir='ltr'>αὔξων</span> <span class='ocrx_word' id='word_1_447' title='bbox 1385 3355 1434 3410; x_wconf 85' lang='grc' dir='ltr'>άπδ</span> <span class='ocrx_word' id='word_1_448' title='bbox 1457 3359 1500 3422; x_wconf 76' lang='grc' dir='ltr'>τῆς</span> <span class='ocrx_word' id='word_1_449' title='bbox 1518 3355 1589 3422; x_wconf 82' lang='grc' dir='ltr'>πηλιι</span> 
     </span>
     <span class='ocr_line' id='line_1_41' title="bbox 464 3428 1590 3505; baseline -0.001 -22"><span class='ocrx_word' id='word_1_450' title='bbox 464 3429 562 3502; x_wconf 82' lang='grc' dir='ltr'>άρχεται</span> <span class='ocrx_word' id='word_1_451' title='bbox 584 3438 632 3485; x_wconf 81' lang='grc' dir='ltr'>τῶν</span> <span class='ocrx_word' id='word_1_452' title='bbox 647 3432 795 3505; x_wconf 81' lang='grc' dir='ltr'>έπιλογιιιῶν</span> <span class='ocrx_word' id='word_1_453' title='bbox 814 3437 857 3487; x_wconf 84' lang='grc' dir='ltr'>τοῦ</span> <span class='ocrx_word' id='word_1_454' title='bbox 881 3434 967 3505; x_wconf 83' lang='grc' dir='ltr'>νόμον·</span> <span class='ocrx_word' id='word_1_455' title='bbox 987 3431 1126 3504; x_wconf 80' lang='grc' dir='ltr'>ἐλήφθησαν</span> <span class='ocrx_word' id='word_1_456' title='bbox 1149 3433 1176 3487; x_wconf 84' lang='grc' dir='ltr'>δέ</span> <span class='ocrx_word' id='word_1_457' title='bbox 1196 3431 1244 3486; x_wconf 66' lang='lat' dir='ltr'>inb</span> <span class='ocrx_word' id='word_1_458' title='bbox 1289 3435 1384 3504; x_wconf 83' lang='grc' dir='ltr'>άπειρος</span> <span class='ocrx_word' id='word_1_459' title='bbox 1395 3435 1496 3504; x_wconf 89' lang='grc' dir='ltr'>νόμων,</span> <span class='ocrx_word' id='word_1_460' title='bbox 1512 3432 1556 3486; x_wconf 77' lang='grc' dir='ltr'>οῦκ</span> <span class='ocrx_word' id='word_1_461' title='bbox 1567 3428 1590 3498; x_wconf 71' lang='grc' dir='ltr'>ἦν</span> 
     </span>
     <span class='ocr_line' id='line_1_42' title="bbox 462 3508 1591 3584; baseline 0.002 -22"><span class='ocrx_word' id='word_1_462' title='bbox 462 3511 571 3581; x_wconf 81' lang='grc' dir='ltr'>γνώμης.</span> <span class='ocrx_word' id='word_1_463' title='bbox 612 3508 712 3577; x_wconf 83' lang='grc' dir='ltr'>Ἐπειδὴ</span> <span class='ocrx_word' id='word_1_464' title='bbox 725 3511 772 3583; x_wconf 78' lang='grc' dir='ltr'>γάρ</span> <span class='ocrx_word' id='word_1_465' title='bbox 785 3512 847 3584; x_wconf 82' lang='grc' dir='ltr'>μετά</span> <span class='ocrx_word' id='word_1_466' title='bbox 860 3512 903 3566; x_wconf 87' lang='grc' dir='ltr'>τδν</span> <span class='ocrx_word' id='word_1_467' title='bbox 914 3511 1021 3582; x_wconf 77' lang='grc' dir='ltr'>ἔλεγχον</span> <span class='ocrx_word' id='word_1_468' title='bbox 1036 3509 1117 3578; x_wconf 79' lang='grc' dir='ltr'>ἐζήτει</span> <span class='ocrx_word' id='word_1_469' title='bbox 1130 3511 1243 3582; x_wconf 81' lang='grc' dir='ltr'>μαθεΐνό</span> <span class='ocrx_word' id='word_1_470' title='bbox 1288 3513 1358 3574; x_wconf 88' lang='grc' dir='ltr'>όνιος</span> <span class='ocrx_word' id='word_1_471' title='bbox 1375 3512 1442 3583; x_wconf 68' lang='grc' dir='ltr'>αὐτῷ</span> <span class='ocrx_word' id='word_1_472' title='bbox 1458 3515 1502 3564; x_wconf 91' lang='grc' dir='ltr'>τοῦ</span> <span class='ocrx_word' id='word_1_473' title='bbox 1516 3512 1591 3582; x_wconf 86' lang='grc' dir='ltr'>συμφέ</span> 
     </span>
     <span class='ocr_line' id='line_1_43' title="bbox 462 3587 1591 3664; baseline 0.002 -24"><span class='ocrx_word' id='word_1_474' title='bbox 462 3588 580 3659; x_wconf 75' lang='grc' dir='ltr'>ἀκροατὴς</span> <span class='ocrx_word' id='word_1_475' title='bbox 594 3587 639 3656; x_wconf 77' lang='grc' dir='ltr'>τήν</span> <span class='ocrx_word' id='word_1_476' title='bbox 651 3589 730 3645; x_wconf 81' lang='grc' dir='ltr'>αἰτίαν</span> <span class='ocrx_word' id='word_1_477' title='bbox 749 3593 780 3644; x_wconf 89' lang='grc' dir='ltr'>δι’</span> <span class='ocrx_word' id='word_1_478' title='bbox 794 3595 824 3659; x_wconf 84' lang='grc' dir='ltr'>ἣν</span> <span class='ocrx_word' id='word_1_479' title='bbox 839 3591 953 3664; x_wconf 87' lang='grc' dir='ltr'>προήχθη</span> <span class='ocrx_word' id='word_1_480' title='bbox 967 3595 1079 3644; x_wconf 86' lang='grc' dir='ltr'>τοιοῦτον</span> <span class='ocrx_word' id='word_1_481' title='bbox 1097 3590 1187 3661; x_wconf 82' lang='grc' dir='ltr'>γράψαι</span> <span class='ocrx_word' id='word_1_482' title='bbox 1207 3593 1246 3645; x_wconf 86' lang='grc' dir='ltr'>νό·</span> <span class='ocrx_word' id='word_1_483' title='bbox 1289 3609 1359 3644; x_wconf 89' lang='grc' dir='ltr'>σαντι</span> <span class='ocrx_word' id='word_1_484' title='bbox 1370 3589 1515 3644; x_wconf 78' lang='grc' dir='ltr'>ίποναντίον</span> <span class='ocrx_word' id='word_1_485' title='bbox 1526 3590 1591 3660; x_wconf 81' lang='grc' dir='ltr'>γράψ</span> 
     </span>
     <span class='ocr_line' id='line_1_44' title="bbox 462 3665 1591 3742; baseline -0.001 -22"><span class='ocrx_word' id='word_1_486' title='bbox 462 3669 644 3739; x_wconf 80' lang='grc' dir='ltr'>μον,φο6ηθείς</span> <span class='ocrx_word' id='word_1_487' title='bbox 665 3667 698 3741; x_wconf 77' lang='grc' dir='ltr'>μὴ</span> <span class='ocrx_word' id='word_1_488' title='bbox 713 3669 753 3726; x_wconf 83' lang='grc' dir='ltr'>ἐπί</span> <span class='ocrx_word' id='word_1_489' title='bbox 772 3672 801 3724; x_wconf 85' lang='grc' dir='ltr'>τδ</span> <span class='ocrx_word' id='word_1_490' title='bbox 824 3673 943 3742; x_wconf 80' lang='grc' dir='ltr'>συμφέρον</span> <span class='ocrx_word' id='word_1_491' title='bbox 968 3670 1093 3740; x_wconf 77' lang='grc' dir='ltr'>τρέψεται,</span> <span class='ocrx_word' id='word_1_492' title='bbox 1109 3669 1198 3739; x_wconf 77' lang='grc' dir='ltr'>συνῆψε</span> <span class='ocrx_word' id='word_1_493' title='bbox 1216 3669 1245 3722; x_wconf 88' lang='grc' dir='ltr'>τδ</span> <span class='ocrx_word' id='word_1_494' title='bbox 1289 3689 1331 3724; x_wconf 92' lang='grc' dir='ltr'>ποι</span> <span class='ocrx_word' id='word_1_495' title='bbox 1345 3671 1507 3740; x_wconf 81' lang='grc' dir='ltr'>σιμρίροντιι.</span> <span class='ocrx_word' id='word_1_496' title='bbox 1548 3665 1591 3719; x_wconf 90' lang='grc' dir='ltr'>Ἐν</span> 
     </span>
     <span class='ocr_line' id='line_1_45' title="bbox 461 3744 1559 3820; baseline 0.002 -22"><span class='ocrx_word' id='word_1_497' title='bbox 461 3745 562 3817; x_wconf 88' lang='grc' dir='ltr'>αίσχρδν</span> <span class='ocrx_word' id='word_1_498' title='bbox 576 3748 606 3802; x_wconf 87' lang='grc' dir='ltr'>τδ</span> <span class='ocrx_word' id='word_1_499' title='bbox 617 3747 666 3802; x_wconf 84' lang='grc' dir='ltr'>άπδ</span> <span class='ocrx_word' id='word_1_500' title='bbox 679 3753 722 3815; x_wconf 81' lang='grc' dir='ltr'>τῆς</span> <span class='ocrx_word' id='word_1_501' title='bbox 741 3750 893 3820; x_wconf 88' lang='grc' dir='ltr'>μισθαρνίας,</span> <span class='ocrx_word' id='word_1_502' title='bbox 913 3749 957 3801; x_wconf 80' lang='grc' dir='ltr'>ἰ’να</span> <span class='ocrx_word' id='word_1_503' title='bbox 978 3749 1022 3800; x_wconf 86' lang='grc' dir='ltr'>τδν</span> <span class='ocrx_word' id='word_1_504' title='bbox 1038 3744 1160 3817; x_wconf 76' lang='grc' dir='ltr'>ἀκροατήν</span> <span class='ocrx_word' id='word_1_505' title='bbox 1179 3745 1246 3818; x_wconf 76' lang='grc' dir='ltr'>αθτῷ</span> <span class='ocrx_word' id='word_1_506' title='bbox 1289 3748 1374 3820; x_wconf 88' lang='grc' dir='ltr'>τισμδς</span> <span class='ocrx_word' id='word_1_507' title='bbox 1393 3749 1467 3802; x_wconf 84' lang='grc' dir='ltr'>πάλιν</span> <span class='ocrx_word' id='word_1_508' title='bbox 1484 3747 1559 3801; x_wconf 85' lang='grc' dir='ltr'>ἐστίν.</span> 
     </span>
     <span class='ocr_line' id='line_1_46' title="bbox 461 3824 1593 3899; baseline 0.001 -22"><span class='ocrx_word' id='word_1_509' title='bbox 461 3824 562 3878; x_wconf 83' lang='grc' dir='ltr'>δθσνονν</span> <span class='ocrx_word' id='word_1_510' title='bbox 581 3827 761 3890; x_wconf 82' lang='grc' dir='ltr'>κατασκευάσας</span> <span class='ocrx_word' id='word_1_511' title='bbox 781 3829 950 3899; x_wconf 76' lang='grc' dir='ltr'>παρασκευάσῃ</span> <span class='ocrx_word' id='word_1_512' title='bbox 966 3827 1028 3898; x_wconf 73' lang='grc' dir='ltr'>μηδὲ</span> <span class='ocrx_word' id='word_1_513' title='bbox 1049 3827 1105 3889; x_wconf 79' lang='grc' dir='ltr'>τοδς</span> <span class='ocrx_word' id='word_1_514' title='bbox 1119 3826 1177 3897; x_wconf 81' lang='grc' dir='ltr'>θπέρ</span> <span class='ocrx_word' id='word_1_515' title='bbox 1202 3830 1245 3880; x_wconf 86' lang='grc' dir='ltr'>τοῦ</span> <span class='ocrx_word' id='word_1_516' title='bbox 1289 3827 1451 3898; x_wconf 87' lang='grc' dir='ltr'>παραλλήλου</span> <span class='ocrx_word' id='word_1_517' title='bbox 1461 3826 1530 3896; x_wconf 83' lang='grc' dir='ltr'>λέγει</span> <span class='ocrx_word' id='word_1_518' title='bbox 1538 3825 1593 3879; x_wconf 87' lang='grc' dir='ltr'>τδοι</span> 
     </span>
     <span class='ocr_line' id='line_1_47' title="bbox 461 3904 1594 3978; baseline -0.001 -21"><span class='ocrx_word' id='word_1_519' title='bbox 461 3905 622 3976; x_wconf 76' lang='grc' dir='ltr'>συμφέροντος</span> <span class='ocrx_word' id='word_1_520' title='bbox 635 3904 749 3968; x_wconf 82' lang='grc' dir='ltr'>οδνοίιιῶς</span> <span class='ocrx_word' id='word_1_521' title='bbox 763 3907 874 3969; x_wconf 78' lang='grc' dir='ltr'>δέξασθαι</span> <span class='ocrx_word' id='word_1_522' title='bbox 892 3907 990 3978; x_wconf 92' lang='grc' dir='ltr'>λόγους.</span> <span class='ocrx_word' id='word_1_523' title='bbox 1003 3907 1084 3961; x_wconf 88' lang='lat' dir='ltr'>TCV.</span> <span class='ocrx_word' id='word_1_524' title='bbox 1326 3922 1388 3978; x_wconf 79' lang='grc' dir='ltr'>γοα,</span> <span class='ocrx_word' id='word_1_525' title='bbox 1411 3923 1453 3960; x_wconf 83' lang='lat'>12.</span> <span class='ocrx_word' id='word_1_526' title='bbox 1470 3904 1558 3977; x_wconf 74' lang='grc' dir='ltr'>ΙΟἶμαι</span> <span class='ocrx_word' id='word_1_527' title='bbox 1572 3904 1594 3956; x_wconf 73' lang='grc' dir='ltr'>δι’</span> 
     </span>
     <span class='ocr_line' id='line_1_48' title="bbox 497 3983 1594 4057; baseline 0.002 -22"><span class='ocrx_word' id='word_1_528' title='bbox 497 3983 581 4037; x_wconf 87' lang='grc' dir='ltr'>ίίαίτοι</span> <span class='ocrx_word' id='word_1_529' title='bbox 592 3984 657 4046; x_wconf 90' lang='grc' dir='ltr'>τίνος</span> <span class='ocrx_word' id='word_1_530' title='bbox 663 3985 692 4037; x_wconf 78' lang='grc' dir='ltr'>δν</span> <span class='ocrx_word' id='word_1_531' title='bbox 702 3986 712 4056; x_wconf 93' lang='grc'><strong>]</strong></span> <span class='ocrx_word' id='word_1_532' title='bbox 723 3983 851 4040; x_wconf 72' lang='grc' dir='ltr'>’Ἐντεῦθεν</span> <span class='ocrx_word' id='word_1_533' title='bbox 863 3986 966 4057; x_wconf 85' lang='grc' dir='ltr'>άρχιται</span> <span class='ocrx_word' id='word_1_534' title='bbox 977 3989 1025 4038; x_wconf 82' lang='grc' dir='ltr'>τῶν</span> <span class='ocrx_word' id='word_1_535' title='bbox 1042 3983 1189 4056; x_wconf 83' lang='grc' dir='ltr'>ίπιλογικῶν</span> <span class='ocrx_word' id='word_1_536' title='bbox 1199 3989 1243 4039; x_wconf 87' lang='grc' dir='ltr'>τοῦ</span> <span class='ocrx_word' id='word_1_537' title='bbox 1290 3987 1452 4057; x_wconf 79' lang='grc' dir='ltr'>συμφέροντος</span> <span class='ocrx_word' id='word_1_538' title='bbox 1470 3983 1594 4050; x_wconf 82' lang='grc' dir='ltr'>ἐντεῦθεν,</span> 
     </span>
     <span class='ocr_line' id='line_1_49' title="bbox 461 4060 1594 4136; baseline 0.003 -22"><span class='ocrx_word' id='word_1_539' title='bbox 461 4061 551 4132; x_wconf 90' lang='grc' dir='ltr'>νόμου·</span> <span class='ocrx_word' id='word_1_540' title='bbox 570 4060 795 4136; x_wconf 88' lang='grc' dir='ltr'>άγωνιστικώτερον</span> <span class='ocrx_word' id='word_1_541' title='bbox 817 4064 844 4118; x_wconf 86' lang='grc' dir='ltr'>δέ</span> <span class='ocrx_word' id='word_1_542' title='bbox 867 4064 1028 4136; x_wconf 86' lang='grc' dir='ltr'>προήχθησαν</span> <span class='ocrx_word' id='word_1_543' title='bbox 1045 4064 1088 4116; x_wconf 83' lang='grc' dir='ltr'>καί</span> <span class='ocrx_word' id='word_1_544' title='bbox 1104 4062 1245 4136; x_wconf 82' lang='grc' dir='ltr'>ἐλήφθησαν</span> <span class='ocrx_word' id='word_1_545' title='bbox 1290 4065 1346 4127; x_wconf 76' lang='grc' dir='ltr'>τοῦς</span> <span class='ocrx_word' id='word_1_546' title='bbox 1359 4065 1447 4127; x_wconf 80' lang='grc' dir='ltr'>τόποις</span> <span class='ocrx_word' id='word_1_547' title='bbox 1459 4068 1503 4118; x_wconf 87' lang='grc' dir='ltr'>τοῦ</span> <span class='ocrx_word' id='word_1_548' title='bbox 1517 4066 1594 4136; x_wconf 85' lang='grc' dir='ltr'>συμρί</span> 
     </span>
     <span class='ocr_line' id='line_1_50' title="bbox 461 4138 1596 4216; baseline 0.004 -23"><span class='ocrx_word' id='word_1_549' title='bbox 461 4138 510 4194; x_wconf 77' lang='grc' dir='ltr'>έπδ</span> <span class='ocrx_word' id='word_1_550' title='bbox 519 4143 634 4212; x_wconf 89' lang='grc' dir='ltr'>γνώμης·</span> <span class='ocrx_word' id='word_1_551' title='bbox 652 4141 739 4213; x_wconf 82' lang='grc' dir='ltr'>έχουσι</span> <span class='ocrx_word' id='word_1_552' title='bbox 749 4143 776 4197; x_wconf 84' lang='grc' dir='ltr'>δέ</span> <span class='ocrx_word' id='word_1_553' title='bbox 788 4143 911 4216; x_wconf 76' lang='grc' dir='ltr'>ἀναφοράν</span> <span class='ocrx_word' id='word_1_554' title='bbox 929 4143 1026 4214; x_wconf 85' lang='grc' dir='ltr'>πρδςτδ</span> <span class='ocrx_word' id='word_1_555' title='bbox 1039 4143 1179 4214; x_wconf 88' lang='grc' dir='ltr'>προοίμιον.</span> <span class='ocrx_word' id='word_1_556' title='bbox 1200 4144 1247 4198; x_wconf 86' lang='grc' dir='ltr'>ίίαί</span> <span class='ocrx_word' id='word_1_557' title='bbox 1290 4145 1356 4197; x_wconf 87' lang='grc' dir='ltr'>τάτω</span> <span class='ocrx_word' id='word_1_558' title='bbox 1372 4144 1443 4214; x_wconf 90' lang='grc' dir='ltr'>τρία·</span> <span class='ocrx_word' id='word_1_559' title='bbox 1460 4145 1487 4198; x_wconf 80' lang='grc' dir='ltr'>δν</span> <span class='ocrx_word' id='word_1_560' title='bbox 1502 4143 1563 4214; x_wconf 70' lang='grc' dir='ltr'>μὲν,</span> <span class='ocrx_word' id='word_1_561' title='bbox 1579 4145 1596 4197; x_wconf 66' lang='grc' dir='ltr'>δ4</span> 
     </span>
     <span class='ocr_line' id='line_1_51' title="bbox 461 4217 1585 4295; baseline 0.004 -24"><span class='ocrx_word' id='word_1_562' title='bbox 461 4217 509 4290; x_wconf 77' lang='grc' dir='ltr'>γάρ</span> <span class='ocrx_word' id='word_1_563' title='bbox 532 4217 557 4272; x_wconf 87' lang='grc' dir='ltr'>έν</span> <span class='ocrx_word' id='word_1_564' title='bbox 582 4225 618 4292; x_wconf 79' lang='grc' dir='ltr'>τῷ</span> <span class='ocrx_word' id='word_1_565' title='bbox 637 4223 727 4294; x_wconf 80' lang='grc' dir='ltr'>πρώτῳ</span> <span class='ocrx_word' id='word_1_566' title='bbox 750 4224 872 4295; x_wconf 82' lang='grc' dir='ltr'>προοιμίῳ</span> <span class='ocrx_word' id='word_1_567' title='bbox 886 4222 961 4294; x_wconf 82' lang='grc' dir='ltr'>φησίν</span> <span class='ocrx_word' id='word_1_568' title='bbox 983 4221 1057 4276; x_wconf 79' lang='grc' dir='ltr'>αὖτδν</span> <span class='ocrx_word' id='word_1_569' title='bbox 1077 4223 1109 4274; x_wconf 84' lang='grc' dir='ltr'>δι’</span> <span class='ocrx_word' id='word_1_570' title='bbox 1131 4221 1246 4294; x_wconf 81' lang='grc' dir='ltr'>άργόριον</span> <span class='ocrx_word' id='word_1_571' title='bbox 1293 4223 1351 4294; x_wconf 92' lang='grc' dir='ltr'>μίαν</span> <span class='ocrx_word' id='word_1_572' title='bbox 1371 4221 1438 4294; x_wconf 82' lang='grc' dir='ltr'>ἐχειν</span> <span class='ocrx_word' id='word_1_573' title='bbox 1459 4224 1585 4278; x_wconf 86' lang='grc' dir='ltr'>διάνοιαν·</span> 
     </span>
     <span class='ocr_line' id='line_1_52' title="bbox 460 4297 1597 4375; baseline 0.006 -26"><span class='ocrx_word' id='word_1_574' title='bbox 460 4297 617 4368; x_wconf 81' lang='grc' dir='ltr'>προαχθῆναι</span> <span class='ocrx_word' id='word_1_575' title='bbox 632 4302 811 4372; x_wconf 81' lang='grc' dir='ltr'>νομοθετῆσαι,</span> <span class='ocrx_word' id='word_1_576' title='bbox 837 4301 879 4354; x_wconf 83' lang='grc' dir='ltr'>καί</span> <span class='ocrx_word' id='word_1_577' title='bbox 896 4299 922 4354; x_wconf 89' lang='grc' dir='ltr'>έν</span> <span class='ocrx_word' id='word_1_578' title='bbox 945 4303 997 4362; x_wconf 78' lang='grc' dir='ltr'>τοῖς</span> <span class='ocrx_word' id='word_1_579' title='bbox 1016 4300 1140 4372; x_wconf 80' lang='grc' dir='ltr'>ἐπιλόγοις</span> <span class='ocrx_word' id='word_1_580' title='bbox 1153 4301 1247 4364; x_wconf 76' lang='grc' dir='ltr'>τούτοις</span> <span class='ocrx_word' id='word_1_581' title='bbox 1290 4303 1406 4375; x_wconf 79' lang='grc' dir='ltr'>θεότιμον</span> <span class='ocrx_word' id='word_1_582' title='bbox 1418 4302 1461 4374; x_wconf 76' lang='grc' dir='ltr'>δέ,</span> <span class='ocrx_word' id='word_1_583' title='bbox 1473 4305 1512 4358; x_wconf 84' lang='grc' dir='ltr'>ότι</span> <span class='ocrx_word' id='word_1_584' title='bbox 1525 4303 1564 4356; x_wconf 88' lang='grc' dir='ltr'>δεῖ</span> <span class='ocrx_word' id='word_1_585' title='bbox 1576 4302 1597 4356; x_wconf 87' lang='grc' dir='ltr'>τί</span> 
     </span>
     <span class='ocr_line' id='line_1_53' title="bbox 461 4373 1598 4451; baseline 0.009 -27"><span class='ocrx_word' id='word_1_586' title='bbox 461 4373 591 4427; x_wconf 85' lang='grc' dir='ltr'>διαόάλλει</span> <span class='ocrx_word' id='word_1_587' title='bbox 600 4373 644 4442; x_wconf 81' lang='grc' dir='ltr'>τὴν</span> <span class='ocrx_word' id='word_1_588' title='bbox 654 4381 757 4450; x_wconf 89' lang='grc' dir='ltr'>γνώμην</span> <span class='ocrx_word' id='word_1_589' title='bbox 772 4377 877 4451; x_wconf 91' lang='grc' dir='ltr'>όμοίως,</span> <span class='ocrx_word' id='word_1_590' title='bbox 887 4379 920 4442; x_wconf 79' lang='grc' dir='ltr'>θος</span> <span class='ocrx_word' id='word_1_591' title='bbox 930 4377 966 4433; x_wconf 83' lang='grc' dir='ltr'>ἐπ’</span> <span class='ocrx_word' id='word_1_592' title='bbox 980 4377 1087 4450; x_wconf 78' lang='grc' dir='ltr'>ἀργυρίῳ</span> <span class='ocrx_word' id='word_1_593' title='bbox 1098 4382 1248 4450; x_wconf 84' lang='grc' dir='ltr'>γεγραφότος</span> <span class='ocrx_word' id='word_1_594' title='bbox 1290 4387 1363 4437; x_wconf 85' lang='grc' dir='ltr'>τοῦτο</span> <span class='ocrx_word' id='word_1_595' title='bbox 1381 4381 1407 4436; x_wconf 87' lang='grc' dir='ltr'>δέ</span> <span class='ocrx_word' id='word_1_596' title='bbox 1419 4382 1447 4436; x_wconf 87' lang='grc' dir='ltr'>τδ</span> <span class='ocrx_word' id='word_1_597' title='bbox 1463 4381 1567 4436; x_wconf 76' lang='grc' dir='ltr'>δυνατόν</span> <span class='ocrx_word' id='word_1_598' title='bbox 1579 4402 1598 4435; x_wconf 81' lang='grc' dir='ltr'>κι</span> 
     </span>
     <span class='ocr_line' id='line_1_54' title="bbox 461 4453 1599 4532; baseline 0.004 -25"><span class='ocrx_word' id='word_1_599' title='bbox 461 4453 505 4507; x_wconf 81' lang='grc' dir='ltr'>τὀν</span> <span class='ocrx_word' id='word_1_600' title='bbox 520 4453 606 4524; x_wconf 88' lang='grc' dir='ltr'>νόμον.</span> <span class='ocrx_word' id='word_1_601' title='bbox 643 4457 701 4510; x_wconf 81' lang='grc' dir='ltr'>Τῶν</span> <span class='ocrx_word' id='word_1_602' title='bbox 714 4457 741 4511; x_wconf 86' lang='grc' dir='ltr'>δέ</span> <span class='ocrx_word' id='word_1_603' title='bbox 754 4458 835 4512; x_wconf 84' lang='grc' dir='ltr'>τόπων</span> <span class='ocrx_word' id='word_1_604' title='bbox 847 4463 895 4511; x_wconf 76' lang='grc' dir='ltr'>τῶν</span> <span class='ocrx_word' id='word_1_605' title='bbox 914 4456 939 4512; x_wconf 86' lang='grc' dir='ltr'>έν</span> <span class='ocrx_word' id='word_1_606' title='bbox 956 4459 1008 4519; x_wconf 76' lang='grc' dir='ltr'>τοῖς</span> <span class='ocrx_word' id='word_1_607' title='bbox 1022 4457 1146 4528; x_wconf 82' lang='grc' dir='ltr'>ἐπιλόγοις</span> <span class='ocrx_word' id='word_1_608' title='bbox 1164 4457 1178 4511; x_wconf 92' lang='grc' dir='ltr'>ό</span> <span class='ocrx_word' id='word_1_609' title='bbox 1202 4459 1245 4529; x_wconf 82' lang='grc' dir='ltr'>μέν</span> <span class='ocrx_word' id='word_1_610' title='bbox 1291 4463 1330 4516; x_wconf 87' lang='grc' dir='ltr'>δτι</span> <span class='ocrx_word' id='word_1_611' title='bbox 1346 4461 1441 4516; x_wconf 81' lang='grc' dir='ltr'>διίτδν</span> <span class='ocrx_word' id='word_1_612' title='bbox 1464 4463 1541 4532; x_wconf 88' lang='grc' dir='ltr'>νόμον</span> <span class='ocrx_word' id='word_1_613' title='bbox 1557 4461 1599 4531; x_wconf 89' lang='grc' dir='ltr'>μηί</span> 
     </span>
     <span class='ocr_line' id='line_1_55' title="bbox 463 4530 1599 4613; baseline 0.01 -31"><span class='ocrx_word' id='word_1_614' title='bbox 463 4530 512 4584; x_wconf 82' lang='grc' dir='ltr'>άπδ</span> <span class='ocrx_word' id='word_1_615' title='bbox 527 4535 572 4585; x_wconf 85' lang='grc' dir='ltr'>τοῦ</span> <span class='ocrx_word' id='word_1_616' title='bbox 590 4531 727 4588; x_wconf 83' lang='grc' dir='ltr'>άκολοόθου</span> <span class='ocrx_word' id='word_1_617' title='bbox 748 4538 971 4602; x_wconf 84' lang='grc' dir='ltr'>κατασκευάζεται,</span> <span class='ocrx_word' id='word_1_618' title='bbox 988 4537 1027 4590; x_wconf 85' lang='grc' dir='ltr'>δτι</span> <span class='ocrx_word' id='word_1_619' title='bbox 1043 4535 1178 4590; x_wconf 87' lang='grc' dir='ltr'>άκόλουθόν</span> <span class='ocrx_word' id='word_1_620' title='bbox 1196 4537 1248 4592; x_wconf 82' lang='grc' dir='ltr'>ἐστι</span> <span class='ocrx_word' id='word_1_621' title='bbox 1291 4543 1404 4613; x_wconf 88' lang='grc' dir='ltr'>γνώμην.</span> <span class='ocrx_word' id='word_1_622' title='bbox 1443 4539 1512 4606; x_wconf 78' lang='grc' dir='ltr'>’Ἤδη</span> <span class='ocrx_word' id='word_1_623' title='bbox 1534 4541 1560 4593; x_wconf 87' lang='grc' dir='ltr'>δέ</span> <span class='ocrx_word' id='word_1_624' title='bbox 1584 4540 1599 4593; x_wconf 82' lang='grc' dir='ltr'>ἐι</span> 
     </span>
     <span class='ocr_line' id='line_1_56' title="bbox 462 4605 1600 4701; baseline 0.007 -41"><span class='ocrx_word' id='word_1_625' title='bbox 462 4609 506 4660; x_wconf 86' lang='grc' dir='ltr'>τδν</span> <span class='ocrx_word' id='word_1_626' title='bbox 521 4608 553 4662; x_wconf 79' lang='grc' dir='ltr'>τά</span> <span class='ocrx_word' id='word_1_627' title='bbox 566 4615 668 4666; x_wconf 87' lang='grc' dir='ltr'>τοιαῦτα</span> <span class='ocrx_word' id='word_1_628' title='bbox 680 4615 892 4686; x_wconf 87' lang='grc' dir='ltr'>νονομοθετηκότα</span> <span class='ocrx_word' id='word_1_629' title='bbox 903 4615 946 4670; x_wconf 84' lang='grc' dir='ltr'>καί</span> <span class='ocrx_word' id='word_1_630' title='bbox 959 4614 1047 4687; x_wconf 78' lang='grc' dir='ltr'>πολλῷ</span> <span class='ocrx_word' id='word_1_631' title='bbox 1062 4613 1187 4686; x_wconf 85' lang='grc' dir='ltr'>τολμῆσαι</span> <span class='ocrx_word' id='word_1_632' title='bbox 1200 4617 1248 4670; x_wconf 84' lang='grc' dir='ltr'>δει-</span> <span class='ocrx_word' id='word_1_633' title='bbox 1291 4620 1378 4684; x_wconf 59' lang='lat' dir='ltr'>aestu</span> <span class='ocrx_word' id='word_1_634' title='bbox 1402 4605 1464 4701; x_wconf 60' lang='grc' dir='ltr'>μὶτρ</span> <span class='ocrx_word' id='word_1_635' title='bbox 1478 4619 1507 4674; x_wconf 77' lang='grc' dir='ltr'>τὸ</span> <span class='ocrx_word' id='word_1_636' title='bbox 1525 4621 1600 4694; x_wconf 81' lang='grc' dir='ltr'>συμφί</span> 
     </span>
     <span class='ocr_line' id='line_1_57' title="bbox 459 4688 1600 4770; baseline 0.007 -30"><span class='ocrx_word' id='word_1_637' title='bbox 459 4689 573 4758; x_wconf 83' lang='grc' dir='ltr'>νότερυν.</span> <span class='ocrx_word' id='word_1_638' title='bbox 616 4688 646 4744; x_wconf 88' lang='lat'>‘0</span> <span class='ocrx_word' id='word_1_639' title='bbox 657 4691 683 4744; x_wconf 87' lang='grc' dir='ltr'>δέ</span> <span class='ocrx_word' id='word_1_640' title='bbox 695 4693 827 4764; x_wconf 83' lang='grc' dir='ltr'>δεότεροςι</span> <span class='ocrx_word' id='word_1_641' title='bbox 843 4695 925 4764; x_wconf 80' lang='grc' dir='ltr'>ὥσπερ</span> <span class='ocrx_word' id='word_1_642' title='bbox 938 4691 1164 4765; x_wconf 75' lang='grc' dir='ltr'>τοίνυν,ιῖιάνδρος</span> <span class='ocrx_word' id='word_1_643' title='bbox 1178 4692 1248 4762; x_wconf 84' lang='grc' dir='ltr'>Ἆθη-</span> <span class='ocrx_word' id='word_1_644' title='bbox 1291 4703 1335 4753; x_wconf 81' lang='grc' dir='ltr'>τοῦ</span> <span class='ocrx_word' id='word_1_645' title='bbox 1346 4700 1517 4770; x_wconf 80' lang='grc' dir='ltr'>συμφέροντος.</span> <span class='ocrx_word' id='word_1_646' title='bbox 1555 4697 1600 4750; x_wconf 84' lang='grc' dir='ltr'>Διά</span> 
     </span>
     <span class='ocr_line' id='line_1_58' title="bbox 466 4766 1602 4845; baseline 0.001 -16"><span class='ocrx_word' id='word_1_647' title='bbox 466 4787 477 4814; x_wconf 81' lang='grc'>·</span> <span class='ocrx_word' id='word_1_648' title='bbox 501 4766 583 4829; x_wconf 61' lang='grc' dir='ltr'>θαῗῡῑι</span> <span class='ocrx_word' id='word_1_649' title='bbox 610 4781 621 4817; x_wconf 70' lang='lat' dir='ltr'>b</span> <span class='ocrx_word' id='word_1_650' title='bbox 644 4769 693 4824; x_wconf 84' lang='grc' dir='ltr'>άπδ</span> <span class='ocrx_word' id='word_1_651' title='bbox 716 4775 759 4824; x_wconf 89' lang='grc' dir='ltr'>τοῦ</span> <span class='ocrx_word' id='word_1_652' title='bbox 777 4771 875 4843; x_wconf 89' lang='grc' dir='ltr'>όμοίου.</span> <span class='ocrx_word' id='word_1_653' title='bbox 912 4771 1019 4844; x_wconf 85' lang='grc' dir='ltr'>Ὅμοιον</span> <span class='ocrx_word' id='word_1_654' title='bbox 1044 4773 1093 4845; x_wconf 91' lang='grc' dir='ltr'>γάρ</span> <span class='ocrx_word' id='word_1_655' title='bbox 1117 4771 1168 4826; x_wconf 89' lang='grc' dir='ltr'>ἐστι</span> <span class='ocrx_word' id='word_1_656' title='bbox 1192 4774 1248 4837; x_wconf 72' lang='grc' dir='ltr'>τους</span> <span class='ocrx_word' id='word_1_657' title='bbox 1292 4797 1363 4840; x_wconf 88' lang='grc' dir='ltr'>τους,</span> <span class='ocrx_word' id='word_1_658' title='bbox 1377 4777 1443 4830; x_wconf 89' lang='grc' dir='ltr'>τοῦτ’</span> <span class='ocrx_word' id='word_1_659' title='bbox 1456 4776 1548 4831; x_wconf 86' lang='grc' dir='ltr'>ίσιιτδ</span> <span class='ocrx_word' id='word_1_660' title='bbox 1563 4777 1602 4830; x_wconf 88' lang='grc' dir='ltr'>δίκ</span> 
     </span>
     <span class='ocr_line' id='line_1_59' title="bbox 463 4849 1602 4928; baseline 0.01 -31"><span class='ocrx_word' id='word_1_661' title='bbox 463 4849 660 4916; x_wconf 82' lang='grc' dir='ltr'>κακουργοῦντας</span> <span class='ocrx_word' id='word_1_662' title='bbox 675 4849 712 4906; x_wconf 78' lang='grc' dir='ltr'>ἐπ’</span> <span class='ocrx_word' id='word_1_663' title='bbox 727 4849 866 4924; x_wconf 79' lang='grc' dir='ltr'>αθτοφώριρΙ</span> <span class='ocrx_word' id='word_1_664' title='bbox 878 4851 965 4906; x_wconf 77' lang='grc' dir='ltr'>λαθεῖν</span> <span class='ocrx_word' id='word_1_665' title='bbox 977 4852 1019 4906; x_wconf 81' lang='grc' dir='ltr'>ιιαί</span> <span class='ocrx_word' id='word_1_666' title='bbox 1037 4853 1192 4926; x_wconf 86' lang='grc' dir='ltr'>Τιμοκράτην</span> <span class='ocrx_word' id='word_1_667' title='bbox 1210 4852 1247 4908; x_wconf 84' lang='grc' dir='ltr'>ἐπ’</span> <span class='ocrx_word' id='word_1_668' title='bbox 1292 4856 1475 4928; x_wconf 75' lang='grc' dir='ltr'>προσέρριψετῷ</span> <span class='ocrx_word' id='word_1_669' title='bbox 1489 4858 1602 4928; x_wconf 82' lang='grc' dir='ltr'>συμφέροι</span> 
     </span>
     <span class='ocr_line' id='line_1_60' title="bbox 462 4921 1603 5008; baseline 0 -21"><span class='ocrx_word' id='word_1_670' title='bbox 462 4921 591 4997; x_wconf 63' lang='grc' dir='ltr'>ῢέτῠφθρῳ</span> <span class='ocrx_word' id='word_1_671' title='bbox 605 4929 730 4999; x_wconf 75' lang='grc' dir='ltr'>γράφοντα</span> <span class='ocrx_word' id='word_1_672' title='bbox 744 4929 810 5002; x_wconf 78' lang='grc' dir='ltr'>αθτῷ</span> <span class='ocrx_word' id='word_1_673' title='bbox 821 4929 949 4984; x_wconf 81' lang='grc' dir='ltr'>τάναντία.</span> <span class='ocrx_word' id='word_1_674' title='bbox 967 4933 1024 4985; x_wconf 80' lang='lat' dir='ltr'>nY.</span> <span class='ocrx_word' id='word_1_675' title='bbox 1292 4937 1336 4990; x_wconf 85' lang='grc' dir='ltr'>κδν</span> <span class='ocrx_word' id='word_1_676' title='bbox 1352 4936 1380 4988; x_wconf 76' lang='grc' dir='ltr'>εδ</span> <span class='ocrx_word' id='word_1_677' title='bbox 1395 4936 1478 4988; x_wconf 83' lang='grc' dir='ltr'>άδιιιον</span> <span class='ocrx_word' id='word_1_678' title='bbox 1493 4941 1536 4988; x_wconf 90' lang='grc' dir='ltr'>τοῦ</span> <span class='ocrx_word' id='word_1_679' title='bbox 1549 4935 1603 5008; x_wconf 75' lang='grc' dir='ltr'>ἀσυγ</span> 
     </span>
     <span class='ocr_line' id='line_1_61' title="bbox 501 5007 1604 5088; baseline 0.011 -32"><span class='ocrx_word' id='word_1_680' title='bbox 501 5021 563 5074; x_wconf 80' lang='lat'>721,</span> <span class='ocrx_word' id='word_1_681' title='bbox 583 5007 623 5064; x_wconf 83' lang='lat'>13.</span> <span class='ocrx_word' id='word_1_682' title='bbox 644 5007 729 5070; x_wconf 82' lang='grc' dir='ltr'>Ὅστις</span> <span class='ocrx_word' id='word_1_683' title='bbox 745 5009 859 5082; x_wconf 80' lang='grc' dir='ltr'>ἐναντία]</span> <span class='ocrx_word' id='word_1_684' title='bbox 887 5009 919 5064; x_wconf 83' lang='grc' dir='ltr'>Ὅ</span> <span class='ocrx_word' id='word_1_685' title='bbox 942 5009 1007 5064; x_wconf 79' lang='grc' dir='ltr'>θέλει</span> <span class='ocrx_word' id='word_1_686' title='bbox 1021 5009 1112 5077; x_wconf 78' lang='grc' dir='ltr'>εἰπεῖν,</span> <span class='ocrx_word' id='word_1_687' title='bbox 1136 5013 1248 5065; x_wconf 83' lang='grc' dir='ltr'>τοιοῦτόν</span> <span class='ocrx_word' id='word_1_688' title='bbox 1294 5013 1424 5088; x_wconf 84' lang='grc' dir='ltr'>μοσθένης·</span> <span class='ocrx_word' id='word_1_689' title='bbox 1442 5011 1604 5080; x_wconf 60' lang='grc' dir='ltr'>ἔπειθ”ίναπγ</span> 
     </span>
     <span class='ocr_line' id='line_1_62' title="bbox 562 5113 723 5151; baseline 0.019 -3"><span class='ocrx_word' id='word_1_690' title='bbox 562 5113 689 5151; x_wconf 72' lang='lat' dir='ltr'><strong>omnum.</strong></span> <span class='ocrx_word' id='word_1_691' title='bbox 700 5115 723 5151; x_wconf 88' lang='grc' dir='ltr'>ιι.</span> 
     </span>
    </p>
   </div>
   <div class='ocr_carea' id='block_1_3' title="bbox 0 0 1982 6340">
    <p class='ocr_par' dir='ltr' id='par_1_3' title="bbox 0 0 1982 6340">
     <span class='ocr_line' id='line_1_63' title="bbox 0 0 1982 6340; baseline 0 0"><span class='ocrx_word' id='word_1_692' title='bbox 0 0 1982 6340; x_wconf 95' lang='lat' dir='ltr'> </span> 
     </span>
    </p>
   </div>
  </div>
 </body>
</html>
