4150 6094
146 414 277 498 ιν-νι

728 411 985 472 ANTISTHENIS
1007 411 1181 472 ULYSSES.

286 624 562 685 ΑΝΤΙΣΘΕΝΟΥΣ
584 622 796 682 ΟλΥΣΣΕΥΣ.
956 557 963 786 Ι
1083 637 1087 644 ’
1146 620 1399 680 ANTlSTHENlS
1421 619 1595 680 bnassus.

90 835 148 886 132
190 813 232 874 Οὔ
245 809 309 890 πρὸς
321 809 351 868 σε’
362 832 406 884 μοι
419 808 497 884 μόνον
511 812 525 866 ὁ
537 808 628 886 λόγος,
641 809 673 864 δι’
686 806 713 864 δν
727 806 850 878 ἀνέστην,
865 805 933 864 ἀλλά

151 901 198 961 καί
209 899 273 979 πρὸς
289 897 348 962 τοίνς
363 895 457 962 ἀλλους
469 893 600 961 ἅπαντας·
615 893 696 952 πλείω
714 893 765 973 γὰρ
779 893 864 972 ἀγαθθι
877 918 931 951 πε-

147 990 249 1062 ποίηκα
270 987 300 1044 τίν
315 984 490 1064 στρατόπεδον
508 981 590 1060 ἐγὼῆ
612 987 684 1056 ὑμεῖς
703 981 827 1048 ἅπαντες.
876 982 928 1041 Καί

105 1096 132 1133 at·
148 1084 234 1138 ταῦτα
245 1075 289 1134 καί
302 1077 394 1142 ζτῦντος
406 1071 438 1130 ἀν
451 1071 539 1146 ἔλεγον
550 1071 703 1150 Ἀχιλλέως,
714 1071 759 1127 καί
771 1076 814 1127 νῦν
825 1073 933 1128 τεθνεῶ-

148 1191 191 1233 τος
202 1163 271 1240 λέγω
282 1159 346 1240 πρὸς
356 1163 437 1236 ὑμᾶς.
480 1157 573 1235 Ὑμεῖς
588 1155 634 1234 μὲν
649 1156 698 1236 γθρ
712 1155 835 1232 οὐδεμίαν
851 1157 933 1229 ἀλλην

150 1251 242 1330 μοίχην
258 1249 428 1326 μεμόχησθε,
444 1249 476 1318 ἣν
491 1245 550 1324 οὐχί
566 1245 611 1304 καί
626 1245 677 1322 ἐγὼ
696 1249 753 1318 μεθ’
769 1247 856 1320 ὑμῶν·
876 1247 933 1320 ἐμοί

149 1343 178 1399 δὲ
190 1342 242 1397 τῶν
252 1339 323 1396 ἰδίων
336 1334 461 1394 κινδύνων
476 1335 558 1399 οὐδείς
572 1337 645 1409 ὑμῶν
661 1331 733 1390 οὐδὲν
746 1332 851 1400 ξύνοιδε.
864 1333 933 1393 Καί·

148 1452 189 1487 τοι
205 1431 231 1486 ἐν
254 1425 300 1502 μὲν
319 1428 376 1491 ταῖς
388 1431 486 1489 κοιναῖς
505 1421 620 1500 μάχαις,
637 1421 694 1480 οὐδὲ
716 1425 738 1479 εί
754 1422 840 1486 καλῶς
861 1424 933 1499 ἀγω-

148 1517 276 1587 νίζοισθε,
288 1511 367 1572 πλέον
385 1511 500 1589 ἐγίγνετο
514 1510 601 1569 οὐδέν·
615 1511 641 1568 ἐν
655 1509 681 1566 δὲ
697 1517 749 1574 τοῖς
759 1512 831 1586 ἐμοῖς
844 1509 934 1566 κινδύ-

107 1619 137 1658 το
149 1629 216 1675 νοις,
227 1601 270 1668 οθς
282 1599 334 1679 ἐγὼ
347 1599 423 1675 μόνος
436 1590 612 1674 ἐκινδύνευον,
626 1601 648 1655 εἷ
662 1597 709 1672 μέν
724 1597 933 1677 κατορθώσαιμι,

150 1692 257 1749 ἅπαντα
270 1691 331 1766 ὑμῖν
347 1688 493 1745 ἐπετελεῖτο
507 1677 543 1742 ὧν
565 1684 641 1743 ἕνεκα
657 1688 731 1762 δεῦρο
746 1687 894 1764 ἀρίγμεθα,
912 1688 933 1744 εἷ

151 1778 178 1837 δὲ
194 1777 338 1858 spalaten,
353 1779 416 1852 ἐμοῦ
433 1773 463 1832 ἀν
479 1773 533 1839 ἐνὸς
548 1773 639 1853 ἀνδρὸς
655 1772 804 1852 ἐστέρησθε.
830 1777 870 1834 Ob
883 1773 933 1853 γδρ

151 1865 197 1926 ἵνα
214 1865 364 1945 μαχοίμεθα
383 1863 437 1928 τοῖς
449 1861 539 1940 Τρωσί
561 1863 636 1939 δεῦρο
655 1861 804 1942 θρίγμεθα,
818 1863 877 1920 ἀλλ’
891 1861 934 1920 ίνα

152 1956 201 2027 τήν
214 1978 243 2014 τε
256 1953 366 2023 Ἑλένην
388 1949 566 2024 ἀπολοίὺοιμεν
581 1951 626 2007 καί
640 1949 687 2020 τλν
706 1949 804 2028 Τροίαν
820 1949 933 2024 ἕλοιμεν.

153 2047 248 2105 Ταῦτα
259 2044 282 2100 δ’
296 2045 323 2100 ἐν
335 2047 388 2106 τοῖς
400 2041 471 2115 ἐμοῖς
482 2035 606 2102 κινδύνοις
617 2039 676 2107 ἐνῆν
691 2035 805 2096 ἅπαντα.
845 2034 934 2097 Ὅπου

152 2132 205 2210 γὰρ
220 2123 252 2202 ἦν
265 2127 426 2210 κεχρημένον
443 2127 575 2184 ἀνάλωτον
589 2116 655 2183 εἶναι
669 2125 716 2196 τὴν
732 2125 846 2206 Τροίαν,
858 2128 881 2184 εί
897 2125 933 2202 μί,

112 2219 277 2298 ἰεπρότερον
299 2218 328 2276 τὸ
352 2218 460 2293 ἄγαλμα
484 2219 530 2284 τῆς
553 2219 612 2272 θεοῦ
634 2213 760 2288 λίὺοιμεν
782 2213 812 2272 τὸ
836 2213 935 2272 κλαπὲν

151 2311 216 2388 παρ’
229 2311 320 2383 ἡμῶν,
331 2303 370 2370 τίς
381 2305 451 2362 ἐστιν
462 2300 597 2378 ὑκομίσας
608 2303 684 2380 δεῦρο
696 2301 726 2359 τὸ
738 2301 847 2380 ἀγαλμα
858 2301 935 2368 ἀλλος

1009 809 1061 856 lton
1073 807 1132 855 mibi
1145 810 1225 856 laeum
1237 808 1331 866 salum,
1345 809 1523 870 propterquam
1536 807 1644 867 surrexi,
1657 807 1697 856 sed
1706 819 1761 856 cum

978 912 1030 960 aliis
1040 911 1112 960 eliam
1122 913 1235 962 amnibus
1249 925 1285 960 aas
1298 913 1335 960 est
1348 931 1354 960 ι
1369 925 1424 959 nam
1440 912 1495 972 plus
1506 924 1550 972 ego
1560 909 1680 960 commodi
1690 923 1762 973 qiram

979 1029 1021 1066 vos
1032 1030 1116 1066 ornares
1126 1018 1242 1066 exercitui
1252 1018 1332 1066 attuli.
1354 1021 1432 1078 ratque
1443 1015 1488 1064 boc
1501 1019 1526 1064 et
1538 1016 1634 1064 virente
1649 1015 1761 1063 dixissem

979 1121 1083 1178 Achille,
1100 1123 1124 1170 et
1138 1123 1234 1170 mortuo
1250 1121 1356 1169 nuncarl
1368 1134 1411 1169 τινα
1427 1119 1489 1168 dico.
1523 1123 1572 1168 Vas
1583 1119 1647 1168 enirn
1666 1119 1762 1168 ιιιιΙΙιιιιι

978 1225 1071 1276 abiistis
1089 1227 1215 1289 pralium,
1231 1239 1301 1287 ausus
1321 1238 1363 1288 ego
1376 1226 1494 1288 particeps
1506 1239 1553 1274 non
1574 1225 1658 1274 luerim
1674 1245 1678 1270 =
1695 1229 1721 1273 al
1739 1225 1763 1272 in

980 1331 1038 1380 mels
1051 1331 1152 1393 privatis
1161 1329 1274 1392 perieritis
1287 1343 1358 1380 nemo
1368 1332 1477 1378 vestrum
1488 1331 1580 1390 partem
1596 1329 1675 1378 babet.
1709 1331 1763 1378 lam

979 1437 1002 1484 in
1016 1435 1188 1484 communibus
1196 1435 1281 1496 pugnis
1289 1449 1320 1483 ne
1328 1435 1432 1484 victoria
1443 1433 1541 1496 paridem
1554 1433 1700 1494 permultum
1711 1444 1765 1495 pro-

979 1539 1065 1588 aleret:
1079 1539 1103 1588 iu
1117 1539 1177 1588 meis
1196 1552 1254 1586 vero
1273 1538 1468 1598 discriminibus,
1483 1549 1538 1600 quae
1558 1537 1623 1586 sulus
1640 1535 1764 1596 subibam,

979 1645 1028 1692 slve
1041 1643 1141 1691 feliciter
1150 1655 1190 1690 me
1201 1655 1322 1702 gererem,
1341 1641 1423 1690 omnia
1435 1640 1504 1689 vobis
1516 1653 1620 1701 quorum
1632 1653 1704 1688 causa
1718 1639 1765 1687 bue

980 1747 1097 1806 venimus,
1111 1747 1291 1806 contingebant,
1305 1744 1356 1793 sive
1367 1757 1446 1805 secus,
1459 1757 1508 1794 uno
1518 1757 1557 1792 me
1567 1744 1670 1794 fuissetis
1677 1744 1764 1792 orbati.

979 1855 1061 1913 Neque
1073 1853 1137 1900 enlm
1149 1851 1179 1900 ad
1193 1863 1280 1900 manus
1291 1864 1348 1899 eum
1364 1850 1474 1910 mojants
1485 1849 1645 1900 conserendas
1660 1849 1708 1898 lma
1723 1862 1765 1910 ap·

981 1959 1099 2021 pullanus,
1116 1971 1199 2006 serum
1210 1957 1240 2005 ad
1257 1957 1371 2006 llelenarn
1383 1955 1572 2016 recuperandam
1589 1957 1614 2003 et
1625 1955 1765 2017 capiendam

980 2063 1084 2124 Troiam.
1119 2065 1177 2112 llam
1193 2075 1266 2124 porro
1287 2061 1346 2110 meis
1369 2061 1393 2109 ln
1410 2059 1591 2111 discriminibus
1607 2065 1675 2111 erant
1686 2061 1766 2110 omnia

981 2169 1065 2230 posita.
1080 2169 1239 2228 Posteaquam
1252 2165 1317 2216 enlm
1333 2179 1381 2215 non
1395 2167 1475 2228 potuit
1491 2179 1534 2229 per
1551 2167 1678 2215 oraculum
1695 2165 1767 2226 Troia

980 2272 1046 2335 capi,
1058 2275 1198 2335 prinsquam
1208 2271 1260 2322 aaa
1270 2273 1375 2320 statuam
1386 2271 1450 2318 naeli
1459 2284 1579 2332 essemus,
1588 2275 1642 2334 apris
1655 2285 1707 2322 earn
1719 2273 1767 2324 bue

153 2397 169 2467 ἢ
192 2395 258 2472 ἐγώ,
278 2394 306 2452 ὃ,
327 2393 358 2450 ,γ
383 2415 412 2469 l⁸
432 2389 579 2456 pompm
601 2389 708 2468 ,ρμμχ
752 2389 791 2450 Σύ
812 2415 841 2468 γ,
863 2391 935 2449 οὐδὲ,
981 2379 1068 2439 praeter
1078 2387 1117 2424 nae
1126 2375 1246 2426 deduxit?
1259 2388 1332 2437 quem
1352 2379 1378 2424 lu
1391 2375 1489 2438 quidem
1500 2377 1615 2440 sacrilegii
1634 2379 1766 2428 insimulas.

152 2477 246 2558 οἶσθα,
261 2480 332 2546 ὅστις
354 2481 397 2538 τὸν
413 2449 495 2558 ἄνδρα
514 2479 558 2536 τὸν
582 2477 757 2536 ἀνασώσαντα
773 2478 802 2536 τὸ
826 2477 935 2554 ἄγαλμα
983 2472 1330 2537 ίίῃθθίίίθθθθθίθίθῦῑθιθῦί
1344 2474 1766 2536 eumflll⁰⁰0⁸tf0⁸¹it¹¹l⁸⁵¹ssll¹fis

152 2579 199 2644 τῆς
210 2577 284 2641 θεοῦ,
298 2569 356 2627 ἀλλ’
368 2571 397 2626 οὑ
409 2567 452 2625 τὸν
464 2567 622 2646 ὑφελόμενον
636 2568 700 2643 παρ’
716 2569 793 2643 ἡμῶν
815 2566 934 2634 Ἀλέξαν·
981 2575 1201 2626 ιιοιιλίειιοιιθιιιιπ
1210 2575 1387 2636 qninoblseam
1398 2575 1766 2639 surripuit,saerilegnmroces.

153 2663 225 2738 apol,
238 2660 378 2723 ἀποκαλεῖς
390 2655 533 2735 ίεθόσυλον·
561 2654 613 2714 Καὶ
628 2653 675 2723 τὴν
687 2655 786 2734 Τροίαν
802 2653 849 2730 ptr
862 2655 934 2713 ἁλῶ·
981 2687 1111 2744 Quumque
1120 2693 1203 2730 omnes
1212 2681 1291 2741 Troiae
1303 2680 1581 2743 excidinmoptarerilis,
1594 2696 1651 2744 me,
1664 2685 1705 2746 qui
1715 2685 1768 2745 ejus

153 2772 196 2806 ναι
208 2747 323 2812 ἅπαντες
336 2745 457 2824 εὔχεσθε,
470 2743 517 2819 ἐμὲ
531 2741 558 2800 δὲ
571 2743 614 2800 τὸν
633 2741 766 2821 ἐξευρόντα
782 2741 850 2808 θ’πως
863 2743 935 2801 ἔσται

153 2843 231 2896 τοῦτο
244 2836 385 2899 ἀποκαλεῖς
406 2833 552 2908 ἱερόσυλον,
567 2832 653 2889 καίτοι
669 2830 742 2909 εἴπερ
757 2831 837 2890 καλόν
860 2855 889 2906 γε
904 2825 935 2900 ἦν

118 2925 223 2983 ulalate
237 2923 267 2980 τὸ
280 2919 377 2992 Ἴλιον,
393 2919 474 2977 καλὸν
488 2919 533 2977 καί
547 2918 576 2976 τὸ
590 2921 673 2998 εὑρεῖν
690 2919 719 2976 τὸ
733 2920 825 2978 τούτου
842 2919 933 2977 αἴτιον.

154 3010 208 3070 Καί
231 3013 255 3070 οἱ
269 3008 316 3086 μὲν
337 3007 412 3066 ἄλλοι
434 3007 512 3085 χάριν
529 3005 634 3085 ἔχουσι,
656 3006 688 3064 σθ
704 3005 791 3064 δὲκαὶ
807 3007 936 3074 ὀνειδίζεις
982 3001 1033 3049 ”fle
1044 3000 1422 3063 palatarumeral.Qurrmqaeall
1432 3001 1522 3064 gratias
1531 3005 1769 3066 ³3³¹¹¹2¹⁰⁰lll⁰bfss

152 3099 226 3176 ἐμοί·
241 3097 293 3156 ὑπὸ
310 3095 360 3175 γὰρ
382 3095 496 3172 ἀμαθίας
510 3085 546 3152 διν
561 3085 589 3152 εδ
604 3094 735 3160 πέπονθας
756 3095 828 3153 οὐδὲν
848 3086 934 3154 οἶσθα.
984 3099 1105 3147 abstinere
1122 3111 1170 3148 nnn
1191 3103 1258 3160 pates
1275 3119 1281 3146 ι
1298 3111 1354 3148 narn
1372 3113 1415 3162 per
1433 3101 1579 3163 imperitiam
1592 3101 1707 3152 benetieia
1720 3115 1769 3152 nnn

154 3185 237 3264 Κάγὼ
253 3187 300 3264 μὲν
315 3188 361 3243 οὐκ
379 3183 493 3252 ὀνειδίζοι
514 3206 554 3241 σοι
575 3181 622 3254 τὴν
645 3184 775 3260 ἀμαθίαν·
796 3184 867 3241 ἄκων
886 3184 937 3262 γὰρ
985 3195 1100 3255 agnoscis.
1114 3197 1259 3256 Quanquam
1274 3207 1322 3243 ann
1337 3195 1464 3257 imperitiae
1478 3198 1503 3246 te
1515 3196 1628 3246 insimulo
1638 3217 1645 3259 ;
1656 3200 1768 3260 quoniam

153 3274 217 3334 “⁶³5
236 3273 282 3331 καί
300 3271 331 3330 σὺ
353 3273 398 3330 καί
421 3271 495 3330 ἄλλοί
513 3271 658 3330 “mim
680 3270 807 3362 ἅίξαντῑΨ
823 3273 882 3329 ἀλλ’
898 3271 938 3328 ὅῐῑ
985 3298 1023 3346 illa
1035 3301 1085 3347 tum
1101 3299 1144 3348 libi
1156 3302 1207 3348 lum
1219 3299 1271 3348 aliis
1281 3300 1394 3350 omuibus
1407 3302 1523 3364 contingit
1533 3302 1614 3351 invitis
1631 3304 1690 3352 :sed
1704 3305 1769 3366 qnod

153 3362 196 3420 δεδι
215 3361 249 3420 τίς
263 3360 347 3430 ὀνείδη
364 3359 397 3417 τδι
413 3359 465 3435 epla
481 3359 625 3434 σωζόμενος
639 3361 689 3437 οὐχ
700 3359 751 3426 οίός
765 3381 793 3416 τε
810 3349 834 3415 τί
847 3359 936 3416 πείθε-

152 3456 228 3521 σθαι,
252 3448 322 3508 ἀλλὰ
343 3449 387 3508 καί
408 3451 593 3528 προσαπειλεῖς
621 3451 655 3513 ὡς
678 3448 757 3505 κακθν
785 3449 888 3526 δράσων
913 3473 938 3504 τι

112 3559 139 3598 σε
151 3537 256 3608 τούσδε,
268 3537 313 3596 ἐὰν
327 3539 386 3615 ἐμοὶ
397 3538 430 3596 τὰ
443 3538 513 3596 όπλα
525 3537 701 3618 ψηφίσωνται,
747 3536 800 3597 ilat
812 3535 939 3604 πολλάκις

152 3651 184 3705 γε
198 3626 348 3697 ἀπειλήσεις
359 3627 403 3684 καὶ
415 3625 515 3698 πολλὰ,
528 3626 590 3704 πρίν
605 3625 651 3683 καί
665 3624 775 3704 σμικρόν
790 3648 815 3682 τι
830 3626 940 3702 ἐργάσα-

153 3719 228 3771 σθαι·
244 3714 302 3770 ἀλλ’
317 3713 388 3792 είτιερ
405 3716 434 3771 ἐκ
447 3717 497 3770 τῶν
509 3714 616 3771 εἰκότων
629 3737 653 3770 τι
666 3713 717 3791 χρὴ
733 3713 938 3792 τεκμαίρεσθαι,

666 3736 671 3744 n

676 3779 684 3792 1

981 2789 1103 2838 efficiendi
1116 2789 1234 2838 rationem
1244 2789 1392 2848 invenerim,
1408 2790 1513 2852 appelles
1524 2791 1683 2854 sacrilegum?
1697 2795 1767 2855 atqui

983 2894 1002 2942 si
1012 2895 1138 2956 patalarum
1151 2897 1203 2943 arat
1212 2895 1309 2955 Troiam
1320 2907 1414 2956 capere,
1423 2893 1579 2960 ejusquuqne
1590 2898 1694 2947 relatam
1705 2897 1768 2948 inae·

985 3393 1044 3442 meis
1057 3395 1149 3455 probris
1160 3395 1249 3443 servari
1260 3398 1284 3444 le
1304 3410 1352 3444 ιιοιι
1365 3397 1501 3458 confiteris,
1515 3411 1601 3448 aerum
1615 3400 1712 3462 insuper
1724 3403 1769 3451 mi-

962 3531 967 3566 ,
985 3495 1061 3556 naris,
1074 3497 1141 3558 quasi
1156 3497 1213 3558 bos,
1227 3497 1246 3546 si
1262 3498 1320 3546 milri
1337 3512 1404 3548 arma
1421 3499 1597 3562 anudirarint,
1610 3502 1672 3550 male
1685 3503 1717 3552 sis
1728 3517 1769 3552 ae-

986 3597 1106 3658 eeplurua.
1124 3602 1159 3647 Ac
1176 3611 1240 3660 saepe
1252 3599 1407 3658 maritumque
1426 3600 1571 3660 minaberis,
1594 3605 1725 3665 antequam
1739 3605 1769 3653 nal

986 3705 1038 3742 rem
1057 3695 1159 3744 venias:
1180 3695 1312 3756 quinetiam
1331 3695 1424 3759 siquid
1447 3701 1483 3746 est
1501 3698 1673 3761 irrdulgendum
1691 3704 1771 3764 conja-

985 3793 1069 3852 alurne,
1081 3792 1193 3842 existimo
1206 3796 1230 3842 te
1239 3794 1263 3842 in
1275 3794 1379 3856 teipsum
1394 3808 1443 3856 prae
1458 3795 1524 3845 rabie
1537 3797 1628 3858 aliquid
1641 3801 1704 3850 mala
1716 3813 1772 3849 eon·

985 3891 1116 3940 sullurum.

900 3803 907 3820 ἱ

928 3833 938 3843 ι

153 3801 207 3859 ὑπὸ
225 3805 272 3872 τῆς
288 3805 372 3871 κακῆς
390 3803 468 3879 ὀργῆς
495 3799 585 3876 οίομαί
599 3823 628 3857 σε
645 3800 726 3858 κακόν
745 3823 770 3856 τι
786 3801 880 3858 σαυτὸν
896 3821 923 3879 ερ

152 3889 296 3964 γάσασθαι.

196 3997 218 4037 a.
235 3978 290 4037 Καὶ
303 3977 360 4054 ἐμοὶ
372 3977 436 4052 μὲν,
447 3976 488 4034 δτι
502 3976 560 4044 τοὺς
568 3975 710 4052 πολεμίους
720 3979 807 4042 κακῶς
819 3977 939 4048 ἐποίησα,
1017 3991 1040 4036 2.
1056 3989 1085 4034 et
1098 3987 1155 4034 milri
1165 3987 1261 4048 quidem
1272 3988 1337 4050 quod
1350 3989 1430 4037 lmstes
1443 3989 1501 4048 laesi,
1513 3989 1630 4048 ignasiam
1639 3991 1776 4052 esprurlras,

155 4065 255 4124 δειλίαν
270 4066 412 4132 ὀνειδίζεις·
429 4065 460 4122 σίν
475 4065 503 4124 δὲ
516 4065 555 4124 δτι
568 4069 685 4145 φανερῶς
697 4067 818 4144 ἐμόχθεις
830 4065 875 4122 καί
889 4067 939 4142 μά-

155 4178 205 4226 την
225 4154 323 4224 ἠλίθιος
339 4146 422 4225 ἦσθα,
446 4153 512 4230 μετὰ
536 4154 642 4212 πάντων
663 4161 738 4212 τοῦτο
761 4156 872 4232 δράσας,
892 4154 940 4212 οἴει

157 4239 267 4320 βελτίων
281 4233 357 4301 εἶναι.
401 4239 517 4301 Ἔπειτα
532 4241 592 4320 περί
608 4245 702 4319 ἀρετῆς
714 4241 777 4322 πρὸς
789 4244 833 4318 ἐμὲ
844 4243 940 4320 λέγεις·

114 4352 142 4391 an
155 4327 183 4395 δς
197 4333 301 4407 πρῶτον
316 4329 363 4406 μὲν
388 4332 435 4388 οὐκ
456 4321 530 4388 οἶσθα
551 4329 604 4388 οὐδ’
627 4325 697 4394 όποις
718 4329 769 4387 ἔδει
793 4332 940 4410 μάχεσθαι,

156 4419 216 4476 ἀλλ’
237 4417 328 4498 ὥσπερ
345 4409 373 4485 ῦς
395 4418 482 4498 ἄγριος
503 4421 567 4498 ὀργῇ
589 4417 728 4497 φερόμενος
749 4419 808 4496 τοί-χ’
830 4419 860 4476 ἀν
878 4443 940 4478 ποτε

155 4505 308 4573 ἀποκτενεῖς
319 4507 442 4580 σεαυτὸν,
455 4509 529 4586 κακῷ
539 4506 688 4586 περιπεσών
701 4529 749 4586 τῳ.
795 4509 853 4568 Οὐκ
863 4499 938 4566 οἶσθα

155 4590 197 4651 δτι
215 4593 259 4652 τὸν
271 4594 353 4671 ἄνδρα
372 4595 416 4652 τὸν
428 4594 525 4670 ἀγαθὸν
539 4593 593 4652 οὔθ’
605 4594 649 4651 ὑπ’
667 4597 747 4652 αὑτοῦ
760 4595 812 4675 χρὴ
829 4596 883 4655 οὗθ’
900 4597 941 4676 ὑρ’

157 4683 245 4760 ἐτίρου
260 4681 313 4739 οὔθ’
329 4681 379 4739 ὑπὸ
400 4685 451 4740 τιῦν
467 4681 600 4756 πολεμίοιν
622 4682 703 4740 κακὸν
720 4687 774 4741 οὐδ’
791 4689 875 4742 ὁτιοῦν
893 4687 939 4744 ποίΙ

155 4793 249 4848 σχεινς
261 4769 293 4827 σὺ
308 4769 335 4827 δὲ
350 4768 439 4848 θἰαιτερ
452 4773 475 4828 οί
490 4771 581 4836 παῖδες
591 4767 692 4850 χἀίρεις
703 4771 743 4828 ότι
755 4773 783 4830 σε’
799 4795 876 4853 ρασιν
890 4773 942 4832 οίδε

987 4093 1009 4136 te
1021 4091 1103 4136 autem
1117 4090 1200 4149 putas,
1212 4089 1326 4150 quoniam
1338 4089 1417 4150 palam
1431 4088 1561 4138 luctabaris
1571 4091 1596 4139 et
1606 4103 1663 4139 eum
1676 4091 1774 4155 reliquis

987 4189 1075 4238 trustra
1094 4191 1118 4238 te
1137 4189 1264 4252 fatigabas,
1281 4191 1405 4239 tortiorem
1421 4205 1481 4240 esse.
1517 4192 1608 4240 Deinde
1626 4205 1720 4242 ιιιειιιιιι
1744 4195 1774 4244 de

978 4287 985 4300 ι

987 4291 1075 4340 virtute
1088 4289 1207 4354 disputas,
1218 4291 1258 4354 qui
1270 4291 1373 4354 primum
1387 4305 1417 4340 na
1428 4293 1473 4340 boc
1485 4293 1583 4355 quidem
1598 4295 1721 4356 quamodo
1731 4310 1773 4360 pu·

986 4393 1109 4456 guandam
1128 4394 1159 4444 sil
1178 4395 1345 4456 salassorum
1358 4394 1435 4444 instar
1447 4395 1553 4446 alteratae
1572 4396 1622 4447 suis
1639 4397 1674 4448 ira
1690 4401 1774 4462 raptus

987 4497 1061 4546 etiam
1080 4499 1184 4561 teipsum
1201 4499 1334 4560 aliqnando
1356 4513 1397 4562 per
1413 4499 1506 4548 cladem
1523 4499 1629 4563 aliquam
1649 4502 1772 4553 occideris.

988 4610 1023 4655 ln
1034 4606 1214 4668 ignorasvirum
1227 4608 1312 4655 sortem
1324 4619 1369 4655 nee
1377 4619 1390 4654 a
1398 4619 1423 4654 se
1431 4617 1475 4654 nee
1483 4606 1513 4654 ab
1523 4607 1570 4655 alia
1578 4619 1622 4655 nec
1632 4608 1663 4656 ab
1673 4607 1775 4657 lnirnleis

988 4711 1041 4762 laedi
1054 4712 1156 4760 debere?
1176 4715 1211 4761 Tu
1235 4726 1291 4760 vero
1304 4712 1371 4774 quasi
1383 4726 1451 4774 puer,
1464 4713 1579 4773 ιμωιιίειιι
1598 4713 1621 4762 lai
1641 4713 1726 4762 sortem
1750 4717 1775 4763 le

988 4817 1086 4874 (licrmt.
1101 4816 1205 4878 gaudes:
1218 4821 1299 4877 alege
1314 4819 1338 4866 le
1348 4817 1526 4879 ignavissimum
1535 4822 1559 4868 et
1572 4820 1657 4868 inertis
1667 4823 1776 4869 metuen-

157 4861 279 4968 ἀνδρεῖογ
290 4849 368 4916 εἶναι·
387 4857 438 4936 ἐγὼ
454 4859 480 4916 δὲ
496 4859 645 4918 δειλότατόν
660 4883 689 4937 γε
708 4861 832 4918 ἁπάντων
845 4863 890 4920 καί
903 4865 943 4921 δε·
968 4886 997 4971 γ1
1107 4920 1120 4940 Ι,
1176 4919 1198 4968 d,
1328 4920 1333 4930 .
1375 4921 1380 4930 .
1557 4921 1563 4970 ,
1589 4922 1605 4970 b
1706 4938 1712 4954 Ι

105 4960 232 5010 mmm
255 4969 298 5004 w
320 4946 430 5004 ,ἄνατον
456 4946 591 5023 μάλιστα,
607 4947 678 5015 ὅπῃ,
698 4972 727 5027 γε
751 4954 854 5028 πρῶτον
874 4949 942 5010 ὅπλα
968 4978 971 5003 γ
999 4935 1037 4972 ern
1055 4933 1162 4969 inanime
1193 4931 1450 4982 rser0,qmprrmum
1468 4934 1535 4970 anna
1565 4935 1587 4970 aa
1606 4935 1712 4986 easque
1730 4935 1776 4973 nee

155 5037 227 5116 ἔχω,
239 5036 359 5116 cappam
374 5036 418 5095 καὶ
431 5037 556 5116 aemma,
573 5039 606 5094 32⁵
622 5036 690 5118 pm?
702 5037 732 5096 ,γ
744 5061 822 5119 ,ΜΝ
834 5041 863 5098 ορ,
875 5065 944 5120 τρω,
968 5016 971 5098 f
989 5027 1064 5088 frangi
1075 5039 1119 5074 nee
1130 5024 1250 5074 vulnerari
1264 5025 1369 5088 possint,
1381 5039 1485 5088 uirorum
1495 5027 1519 5075 te
1531 5037 1577 5088 ope
1589 5026 1688 5076 trudunt
1697 5027 1774 5076 inrui·

158 5125 203 5184 τδν
216 5117 295 5185 εἶναι.
340 5127 435 5187 Καίτοι
447 5128 473 5185 τί
488 5127 520 5186 ἀν
535 5126 644 5206 δροίσαις
659 5128 732 5195 εἴτις
748 5129 788 5187 σοὶ
801 5133 853 5187 τῶν
866 5133 943 5188 πολε.
988 5133 1101 5184 auratum
1113 5141 1207 5192 semper
1216 5139 1276 5180 esse.
1289 5130 1353 5188 erlrl
1370 5133 1451 5180 aulem
1466 5131 1658 5193 facetissimis
1670 5131 1774 5180 bostiam

157 5213 225 5294 μίαν
235 5219 345 5274 τοιαῦτα
356 5215 426 5275 ὅπλα
436 5216 505 5296 ἔχων
516 5217 670 5298 προσελθων
681 5208 698 5289 ὑ
709 5241 759 5276 που
769 5219 849 5276 καλόν
863 5242 887 5276 τι
897 5217 943 5276 καὶ
990 5249 1048 5285 curn
1059 5235 1179 5286 similinus
1190 5238 1263 5286 armas
1273 5239 1297 5286 te
1309 5236 1478 5300 ageremur?
1494 5241 1530 5286 an
1540 5236 1585 5286 loc
1595 5227 1774 5298 ansigneetmss

1339 5275 1354 5300 θ

1626 5339 1660 5374 iil·
