3934 6350
250 305 305 362 102
786 297 928 356 ΣΧΟΛΙΑ
951 297 1016 356 ΕΙΣ
1036 297 1313 358 ΔίίίιίΟΣΘΕῖίίίίί.

279 428 341 485 600,
359 423 400 478 13.
415 423 450 475 03
462 423 510 495 γάρ
527 423 602 486 ἔξεστί
617 425 838 495 σοιῙΔηλονότιτδ
850 429 961 498 γράρειν,
976 428 1029 480 όνει
1078 428 1174 497 θρασεῖς
1188 427 1214 480 δέ
1228 427 1269 478 διὰ
1284 427 1327 480 τδν
1341 427 1429 496 τρόπον
1442 425 1477 478 ’ίδ
1488 425 1515 480 δέ
1528 426 1645 480 τοιοότων
1662 426 1773 490 όνειδιῖιν,
1798 424 1866 477 οἵων

243 500 464 572 mmmmm.
1075 506 1202 576 μετέχειὸ
1220 505 1369 577 Ἀνδροτίων.
1402 505 1474 558 Τὸδέ
1488 503 1614 566 κάκείνους
1628 504 1739 558 ἀντίτοῖι
1755 503 1867 575 ἡταιρη·
1963 539 1964 570 3

280 586 342 646 6ου,
359 599 401 650 17.
418 581 494 644 Ἄξιον
513 583 614 654 τοίνυν]
631 583 666 636 Τὸ
687 581 834 656 ἐπιχείρημα
852 587 940 656 γνώμη
954 603 1028 654 νομο-
1073 586 1153 646 ιιότος.
1169 587 1226 640 AR.
1963 581 1964 600 ¹

244 662 323 716 θίτου.
361 663 478 732 Δευτέραν
493 662 540 734 γάρ
556 661 624 724 ἔταξε
641 661 685 728 τὴν
706 667 809 735 γνώμην
832 670 876 717 τοῦ
896 666 1029 735 νομοθέτου
1109 665 1170 729 603,
1186 681 1210 733 7.
1224 664 1364 716 ίίαταλῦσαι
1384 665 1412 717 εδ
1430 666 1542 734 παράπαν
1559 665 1602 718 τδν
1617 665 1717 736 δῆμον]
1736 663 1867 717 Ἐνταῦθα

244 737 270 794 ἐν
284 739 400 814 τῷλόγῳ
412 743 500 815 τοθτιμ
516 745 572 797 ΑΒ.
1072 741 1116 794 δθο
1141 743 1267 812 προτάσεις
1289 741 1392 808 εἰσίνίγ
1415 741 1458 812 μέν
1486 741 1635 811 παράδοξος,
1663 743 1703 794 ὁτι
1723 741 1866 794 καταλῦσαι

281 819 358 881 Ἄξιον
378 821 473 884 τοίνυν,
494 817 628 892 ώάνδρες]
654 819 745 888 Ἄλλην
760 820 896 875 ἀκόλουθον
920 820 1029 892 ἐπήγαγε
1073 819 1216 889 προέλοιντο
1234 821 1263 872 ἀν
1277 819 1320 872 τδν
1338 823 1431 891 δῆμον,
1453 817 1511 884 ίγδέ
1524 817 1630 884 πιθανὴ,
1647 821 1686 872 δτι
1704 821 1866 890 προαγαγεῖν

243 897 314 951 λθειν
333 895 359 952 ἐκ
374 901 481 962 διανοίας
502 905 545 954 τοῦ
566 900 715 970 νομοθέτου,
741 901 782 952 καί
807 899 881 966 αὐτὴν
902 899 1028 972 ἀποφυγήν
1073 899 1180 960 ἅπαντας
1194 899 1293 970 ὁμοίους
1318 899 1412 960 έαυτοῖς
1434 897 1507 951 εἶναι.
1559 896 1590 950 Ὅ
1612 899 1638 951 δέ
1655 897 1735 970 ῥήτωρ
1756 897 1865 950 αἰιτόθεν

243 975 351 1047 ἔχουσαν
363 986 412 1032 τῶν
426 978 581 1040 ἀποδείξεων.
618 979 740 1043 Συσιῆσαι
749 979 796 1049 γάρ
809 980 923 1048 βούλεται
934 979 975 1030 διὰ
987 983 1030 1044 τῆς
1073 975 1160 1044 ἐδεήθη
1174 979 1352 1029 κατασκευάσαι
1367 975 1411 1041 τὴν
1429 977 1561 1046 πρότασιν,
1578 977 1625 1046 πρὸ
1646 981 1691 1030 τοῦ
1705 975 1750 1042 τὴν
1765 975 1793 1048 β’
1806 997 1866 1046 προ-

242 1057 352 1119 διανοίας
363 1063 406 1111 τοῦ
419 1059 533 1120 Σόλωνος
551 1059 589 1112 ὁτι
603 1057 658 1110 οδδὲ
672 1057 764 1119 ἐκεῖνος
777 1058 877 1118 κολάζει
891 1058 946 1111 οθδέ
960 1057 1029 1128 ίλέγ-
1073 1059 1160 1110 τεῖναι.
1201 1055 1313 1108 ίίαθόλου
1327 1055 1375 1127 γάρ
1389 1057 1430 1108 δεῖ
1440 1055 1482 1116 τάς
1504 1055 1652 1116 κατασκευάς
1676 1055 1761 1117 εὗθέως
1782 1055 1866 1109 ἔπιτε.

243 1156 302 1206 Ιχει,
318 1137 435 1204 δηλονότι
451 1139 605 1208 πανταχόθεν
618 1139 703 1189 πεῖσαι
716 1137 772 1198 τοὶις
792 1135 923 1199 ἀκοθοντας
944 1140 1030 1208 προθυ-
1074 1137 1171 1190 νάπτειν
1182 1139 1236 1197 ταῖς
1250 1137 1374 1197 ἀπιθάνοις
1385 1136 1427 1186 καί
1440 1135 1582 1205 παραδόξοις
1593 1137 1749 1206 προτόσεσιν,
1761 1135 1810 1188 ἵνα
1824 1135 1865 1187 a&

244 1216 366 1286 μοιίμενος
385 1215 457 1286 σιγὴν
478 1219 612 1270 ἐπιτάττειν
635 1215 801 1286 Ἇνδροτίωνι,
827 1217 884 1286 οθχί
902 1217 929 1269 δέ
943 1217 1029 1270 καλεῖν
1073 1219 1116 1281 τῆς
1128 1214 1269 1276 ἀποδείξεως
1283 1218 1326 1280 τῆς
1337 1215 1453 1285 προτέρας
1464 1216 1654 1284 ουναρπάσωμεν
1667 1214 1710 1266 τδν
1725 1213 1863 1284 ἀκροατὴν,

243 1293 278 1356 τίς
291 1295 462 1366 δικαστήριον,
477 1295 532 1348 οθδὲ
544 1297 587 1348 τδν
600 1295 737 1365 κατήγορον
752 1293 898 1366 ἀναγκάζειν
916 1297 975 1366 πρὸς
987 1295 1029 1347 αιἰ-
1073 1294 1177 1364 ώσπερεί
1189 1295 1292 1358 πιθανῆς
1303 1293 1345 1344 καί
1356 1296 1400 1359 τῆς
1416 1291 1448 1362 β’.
1466 1296 1522 1346 An.

244 1374 287 1426 τὸν
301 1375 487 1446 διαγωνίζεσθαι
499 1375 609 1446 περὶτοῦ
623 1376 692 1445 βίου,
712 1375 778 1426 ἀλλά
796 1374 941 1445 ἀναγκάζειν
955 1376 1029 1429 αθτθν
1109 1373 1171 1436 603,
1193 1369 1308 1432 10.Το“υς
1329 1370 1466 1440 ἄρχοντας]
1482 1369 1537 1440 mx
1554 1369 1636 1432 ἅπλῶς
1647 1369 1714 1440 λέγει
1726 1371 1861 1440 ἀρχοντας,

245 1457 349 1508 σιωπᾶν.
386 1455 465 1508 Τοῦτο
480 1454 528 1526 γάρ
548 1455 710 1524 βεόουλῆσθαι
724 1456 767 1508 τδν
784 1457 918 1526 νομοθέτην
932 1455 972 1507 διά
985 1453 1029 1520 τὴν
1074 1449 1140 1502 ἀλλὰ
1153 1451 1210 1511 τοδε
1222 1451 1412 1520 πρῡῖπαμὲνθθς
1428 1455 1477 1500 ῖῑῗΝ
1497 1449 1647 1518 πραῖμέῖωθ
1667 1449 1708 1500 ῑῑί
1723 1449 1864 1510 ῒῡῖίῖῧυνῑ·

245 1533 380 1588 πολιτείαν.
417 1534 498 1587 Ταῦτα
508 1533 534 1586 δέ
547 1533 665 1604 τεκμήριά
676 1534 740 1588 ἐστιν
751 1534 884 1588 εθσίνσπτοι
897 1539 940 1586 τοῦ
955 1536 1030 1605 μηδε-
1075 1531 1159 1600 μένους
1172 1547 1211 1592 τι,
1235 1532 1317 1598 ὥσπερ
1332 1531 1374 1580 νῦν
1397 1526 1570 1598 όἎνδροτίων
1587 1529 1689 1590 δυνατός
1703 1527 1768 1581 ἐστὶν
1790 1528 1864 1602 έντῇ

246 1612 304 1682 μίαν
319 1611 439 1673 ἀπόδειξιν
455 1610 523 1681 ἐχειν
536 1615 579 1678 τῆς
594 1611 747 1682 έταιρήσειος.
785 1613 875 1666 Λοιπδν
887 1615 918 1665 δι’
933 1611 967 1666 ὧν
983 1613 1029 1675 ἐξε-
1074 1609 1163 1680 βουλῇ.
1176 1612 1232 1662 ΑΒ.

245 1691 313 1752 τάζει
325 1694 368 1742 τοῦ
381 1691 514 1760 νομοθέτου
528 1689 572 1755 τὴν
585 1691 694 1742 διάνοιαν
709 1689 723 1741 ὁ
737 1689 827 1760 ῥήτωρ,
843 1691 966 1761 μεθοδεθει
978 1692 1030 1743 άτι-
1110 1689 1172 1752 603,
1190 1693 1232 1751 ιή.
1248 1685 1495 1756 Ὀλιγωρήσαςήίόθ
1509 1683 1682 1755 συμόουλειίειν
1694 1685 1738 1737 καὶ
1750 1685 1864 1758 δημηγο-

247 1789 293 1840 μον
314 1773 413 1836 ποιῆσαι
434 1769 477 1822 τδν
502 1767 675 1839 Ἀνδροτίωνα,
700 1769 793 1830 δευινὶις
817 1771 855 1822 ότι
881 1769 950 1823 οὐδέν
968 1771 1030 1841 μέγα
1073 1769 1139 1838 ρεῖν,
1152 1771 1195 1819 τοῦ
1209 1766 1371 1836 νόμσυαθτδν
1384 1764 1640 1834 ἀπείργοντοςιίὸ6.

245 1851 332 1920 ὥρισεν
354 1849 386 1912 είς
405 1849 524 1920 τιμωρίαν
543 1847 655 1908 αθτοῖςό
676 1847 776 1912 Σόλων,
794 1848 849 1901 οδδέ
870 1849 924 1918 περί
944 1851 1030 1902 τούτου
1110 1848 1171 1910 603,
1190 1863 1231 1914 17.
1252 1845 1311 1915 ίίερί
1330 1845 1373 1915 μέν
1391 1845 1472 1896 τοίνυν
1493 1848 1537 1896 τοῦ
1550 1843 1644 1914 νόμου]
1668 1837 1699 1894 Ὅ
1712 1843 1789 1896 ΠΕΡΙ
1806 1843 1862 1895 Ex-

246 1925 408 1994 ἐσποθδασεν,
430 1926 496 1980 ἀλλά
509 1927 539 1980 τ“ο
554 1929 632 1987 σιῖιζον
646 1923 691 1991 τὴν
711 1927 875 1996 δημοκρατίαν
901 1927 1028 1998 ἐκύρωσεν.
1074 1925 1210 1976 mimz
1223 1924 1345 1978 Nomos.
1362 1927 1394 1976 A.

244 2005 311 2059 Εἶτα
324 2008 496 2068 κατασκευάζει
515 2006 545 2058 τὸ
565 2004 712 2076 ἐπιχείρημα
725 2005 814 2069 οθτως,
835 2005 860 2058 ἐν
879 2007 1032 2077 δημοκρατίᾳ
1114 1999 1171 2055 Ἐπί
1183 2004 1225 2056 τὸν
1238 2005 1353 2072 τέταρτον
1371 1999 1458 2054 λοιπδν
1480 1999 1579 2070 ἀρίαετο
1591 1999 1687 2070 νόμον,
1705 1999 1863 2053 συντείνοντα

245 2085 361 2154 εσονομία
378 2083 420 2136 καί
434 2082 555 2156 ίσοτιμία,
569 2086 632 2136 ὥστε
649 2084 691 2136 καί
702 2083 744 2136 τδν
759 2086 851 2150 πένητα
870 2085 914 2136 καὶ
926 2087 1030 2156 δυσγενῆ
1075 2081 1119 2153 μέν
1129 2083 1170 2134 καί
1183 2082 1256 2135 αὖτὀν
1271 2081 1303 2144 είξ
1315 2081 1427 2152 ἀτιμίαν,
1439 2078 1468 2132 ἐκ
1479 2079 1505 2132 δὲ
1518 2083 1561 2131 τοῦ
1572 2079 1681 2148 πατέρων
1695 2081 1781 2150 χρέους
1793 2083 1863 2149 γινό-

244 2163 288 2215 ιιαί
302 2161 387 2229 εθτελῆ
404 2164 608 2233 παρρησιάζεσθαι
620 2161 683 2215 κατά
700 2167 748 2216 τιῖιν
773 2163 896 2218 πλουσίων
921 2166 1030 2218 καὶτῶν
1077 2173 1160 2232 μενον.
1198 2163 1317 2216 Σκεπτέον
1337 2162 1363 2214 δέ
1385 2163 1423 2214 δτι
1447 2161 1561 2228 πανταχῆ
1581 2177 1653 2229 ρησιν
1667 2159 1701 2217 a<
1719 2159 1863 2229 ώρληκότος

247 2240 278 2292 τά
301 2247 384 2312 πρῶτα
403 2239 521 2311 ἐχόντων·
547 2241 571 2294 ἐν
586 2241 612 2294 δέ
633 2240 768 2312 ὀλιγαρχία
793 2245 844 2304 τοῖς
863 2243 981 2296 διοικοῦσι
1001 2243 1031 2297 τά
1065 2239 1115 2310 ’ἦν
1134 2243 1162 2296 εδ
1181 2243 1208 2296 δέ
1225 2248 1268 2295 νῦν
1293 2241 1399 2312 θρείλειν
1419 2240 1458 2293 ἔτι
1481 2239 1510 2291 οδ
1530 2241 1718 2302 κατασκευάζει,
1739 2241 1773 2302 ώς
1796 2239 1863 2294 εἶναι

247 2319 318 2372 ’κοινά
344 2320 386 2372 καί
407 2320 524 2390 ἀρχουσιν
548 2319 625 2382 οθδεὶς
647 2325 695 2374 τῶν
720 2321 804 2373 ἀλλων
831 2320 982 2376 ἀντιὸλέπειν
999 2323 1032 2386 ώς
1075 2322 1190 2375 ίιπόνοιαν
1204 2319 1237 2390 μὴ
1250 2320 1449 2390 ἀραέκτέτισται.
1491 2317 1522 2370 ’ίί
1536 2317 1775 2379 δέλθοιςιιάνταῦθα
1785 2337 1861 2389 μετα·

248 2399 375 2459 δεσπόταις
385 2399 525 2464 δυνήσεται.
562 2397 695 2452 Οὐκοῦνοί
710 2399 853 2469 βεόιωκότες
870 2399 985 2470 αἰσχρῶς,
1003 2402 1032 2455 τί)
1076 2399 1198 2467 ληπτικη,
1213 2399 1296 2462 ώςέπί
1305 2403 1348 2464 τῆς
1365 2396 1519 2468 έταιρήσεως.
1558 2396 1632 2450 Ἔστι
1647 2415 1730 2450 τοινυν
1746 2395 1761 2464 ίγ
1775 2400 1864 2468 πρότα-

247 2477 407 2538 όνειδίζεσθαι
425 2478 682 2550 ροόοθμενοι-τοῖιτο
701 2475 749 2548 γάρ
761 2478 850 2548 γένοιτ’
868 2479 898 2530 ἀν
914 2475 938 2530 ἐν
954 2478 1032 2549 δημο-
1077 2478 1346 2551 αιςὸμοίωςκάνιαῦθα
1366 2475 1552 2547 παραγραρικὴ,
1574 2475 1619 2528 οθκ
1637 2474 1714 2538 ίξεστι
1731 2483 1767 2548 τῷ
1781 2476 1863 2548 ἀτίμερ

247 2559 334 2627 κρατίρ
348 2557 428 2610 διάτὸ
441 2556 770 2629 ίσότιμον-,σπουδάσειαν
789 2557 851 2610 κατά
864 2557 893 2610 τ“ο
908 2557 979 2620 είκὸς,
993 2557 1033 2610 εθ·
1076 2561 1186 2631 γράρειν.
1228 2556 1259 2610 Ἱί
1274 2557 1300 2609 δέ
1318 2556 1436 2617 ἀντίθεσις
1449 2554 1633 2626 μεταληπτικὴ,
1657 2555 1702 2607 οδκ
1716 2553 1863 2610 ἐνδείκνυεαί

247 2641 355 2708 ρεθίντες
373 2639 479 2704 πολλοὶ,
499 2639 515 2706 ἢ
528 2641 619 2700 πάντας
637 2637 821 2708 ἀπεργάσασθαι
831 2639 951 2708 πόρνους,
969 2637 1033 2690 οθτω
1079 2659 1123 2709 με,
1138 2639 1221 2708 ρηαίν.
1249 2636 1367 2697 Ἔνδειξις
1376 2637 1401 2688 δέ
1415 2635 1479 2688 ἔστιν
1491 2635 1571 2704 όνομα
1583 2633 1650 2702 δίνης
1661 2634 1723 2686 κατὰ
1736 2641 1783 2688 τιῖιν
1796 2635 1861 2706 δραι·

246 2719 455 2789 δημαγωγοῦντες
469 2717 570 2784 αδτοίις,
590 2719 634 2770 ίνα
655 2717 685 2770 τὸ
703 2713 836 2787 δμοιονμὴ
855 2717 1032 2784 κακίζωσιν,ῆ
1077 2718 1172 2770 λόντων
1191 2714 1233 2786 μέν
1248 2718 1279 2786 τῇ
1298 2715 1384 2778 πόλει,
1408 2713 1578 2767 πολιτεθεσθαι
1598 2711 1625 2764 δέ
1648 2713 1859 2784 διεγχειροόντων.

247 2802 400 2867 μεταστῆσαι
414 2799 554 2851 παντάπασι
566 2795 611 2864 τήν
631 2797 772 2861 πολιτείαν,
789 2795 920 2858 είδότεςώς
932 2796 1033 2867 όλιγαρ·
1078 2797 1178 2866 Λέγεται
1192 2794 1217 2846 δέ
1232 2791 1329 2854 ἔνδειξις
1348 2792 1389 2844 καί
1408 2791 1471 2844 κατὰ
1487 2795 1535 2844 τῶν
1553 2791 1727 2861 ἀνδροφόνων,
1743 2793 1803 2844 ὁταν
1821 2815 1862 2846 κα-

248 2893 268 2944 χ
271 2875 307 2936 ίας
318 2877 451 2946 γενομένης
467 2876 546 2936 ἕξουσι
558 2880 601 2928 τοῦ
617 2874 650 2945 μὴ
666 2875 863 2946 βλασρημεῖοθαι
882 2873 926 2940 τὴν
939 2876 1031 2928 ἀδειαν.
1077 2875 1159 2928 τίωσιν
1173 2877 1228 2928 ὁποι
1240 2871 1273 2945 μὴ
1289 2872 1393 2934 ἔξεστιν,
1414 2875 1447 2933 ὥς
1457 2891 1529 2942 φησιν
1544 2871 1569 2926 ἐν
1584 2877 1619 2944 τῷ
1634 2871 1696 2924 κατὰ
1714 2871 1861 2944 Ἀριστοκρά-

287 2957 349 3017 600,
365 2956 408 3006 ιθ.
424 2952 518 3024 Ἄλληή
538 2951 679 3014 ’ἀκόλουθος
691 2953 758 3014 λύσις
776 2951 803 3004 ἐκ
815 2953 923 3016 διανοίας
942 2958 1035 3006 τοῦνο-
1078 2975 1147 3018 τους,
1161 2953 1280 3007 κατάιιῖιν
1295 2951 1687 3022 τοθςρεθγονταςἐνδεικνύντων.
1728 2953 1859 3008 Γίνεταιδέ

247 3033 371 3102 μοθέτου,
387 3030 513 3100 ἀποφυγήν
528 3031 620 3101 ἔχουσα
638 3032 680 3082 καὶ
700 3029 759 3096 αθτὴ
774 3037 822 3083 τῶν
836 3031 991 3094 ἀποδείξων.
1005 3035 1032 3086 S.
1079 3035 1176 3096 ἔνδειξις
1187 3034 1229 3086 καί
1242 3031 1305 3086 κατὰ
1317 3033 1450 3102 προδοτῶν·
1470 3031 1578 3085 τοῦτοδὲ
1592 3030 1686 3101 εἴρηται
1698 3031 1723 3086 ἐν
1737 3041 1772 3106 τῷ
1783 3035 1860 3104 ἐνάτιρ

286 3115 347 3174 601,
364 3113 409 3164 28.
428 3107 502 3160 Ἀλλά
523 3113 599 3161 ταῦτα
620 3107 720 3162 ἀπεῖπεν
738 3109 795 3180 ὑπέρ
813 3109 898 3182 ὑμῶν]
917 3111 1034 3182 Ταράττει
1079 3121 1127 3166 τῶν
1149 3113 1304 3166 Φιλιππικῶν
1329 3113 1376 3182 (p.
1395 3117 1455 3174 ηό,
1470 3113 1528 3179 το)·
1551 3131 1564 3160 ε
1588 3110 1689 3184 ένιαυτῷ
1706 3113 1733 3165 δέ
1746 3115 1859 3185 πρότερον
1963 3119 1964 3124 ’

250 3190 293 3242 τδν
308 3186 428 3259 ἀκροατήν
442 3194 477 3259 τῷ
490 3189 676 3249 κατασκευάζειν
692 3184 736 3253 τὴν
757 3188 873 3241 ίιπόνοιαν
895 3194 938 3256 τῆς
959 3209 1033 3243 κατα·
1081 3198 1153 3260 «τῆς
1170 3193 1285 3252 ἁλώσεως
1303 3189 1401 3252 ἐνέδειξε
1420 3191 1462 3242 τὸν
1483 3189 1668 3257 Φιλιστίδην.ε
1707 3194 1804 3260 Ταύτης
1819 3199 1859 3260 τῆς

250 3267 342 3329 λύσεως
356 3271 399 3320 τοῦ
408 3267 502 3336 δήμου,
516 3265 557 3318 καί
573 3268 665 3336 συγχεῖ
674 3266 715 3318 καί
729 3266 841 3336 ταράττει
852 3273 888 3338 τῷ
898 3267 968 3339 ρόδιρ
980 3269 1035 3332 τοθς
1079 3272 1220 3332 ἀντιθέσεως
1239 3269 1420 3340 μεταληπτικῆς
1434 3267 1507 3335 οὔσης
1529 3268 1570 3320 καί
1590 3267 1606 3338 ίγ
1630 3267 1700 3332 λθεις
1721 3271 1773 3326 ἐστὶ
1786 3293 1858 3343 μετα·
1963 3305 1964 3330 ι

253 3345 403 3410 ἀκούοντας,
431 3343 473 3397 ίνα
497 3347 578 3415 ὥσπερ
604 3349 647 3411 τῆς
672 3346 835 3416 δημοκρατίας
851 3347 1036 3416 κινδυνευούσης
1080 3351 1184 3420 ληπτιχὴ
1200 3351 1247 3404 ἀπὸ
1261 3351 1352 3420 χρόνον
1363 3349 1404 3402 καὶ
1417 3347 1464 3402 ἀπό
1474 3349 1571 3419 τρόπου·
1585 3349 1626 3402 καί
1641 3347 1688 3403 ἀπὸ
1705 3353 1794 3422 χρόνου
1807 3354 1858 3424 μὲν,
1963 3337 1964 3354 ’

251 3423 344 3496 έξωσθῇ
357 3429 398 3490 τῆς
409 3424 532 3486 πολιτείας
549 3423 564 3476 ’δ
586 3421 736 3493 Ἀνδροτίων.
782 3421 815 3475 Ὅ
829 3423 932 3488 Σόλων,
949 3428 1034 3496 ρησὶν,
1079 3435 1134 3487 τότε
1148 3431 1299 3500 ποιήσομεν,
1315 3427 1343 3480 οθ
1356 3427 1390 3499 μά
1404 3429 1439 3481 Δί’
1459 3427 1515 3499 οθχί
1527 3433 1581 3490 νῦν,
1602 3427 1649 3483 ἀπὸ
1667 3434 1757 3501 τρόπου
1771 3433 1809 3496 δὲ,
1824 3435 1860 3487 δτι

251 3505 296 3558 οθκ
311 3503 423 3576 ἐξήλεγξε
440 3505 495 3564 τοὶις
514 3502 644 3564 τοῑῦῦῖῦυς’
667 3501 754 3555 ῠῦκῦΰί
769 3501 824 3555 ὓῦῧέ
846 3502 919 3573 θρὶξ
930 3503 1035 3575 ἔλεγχον
1081 3511 1225 3580 ἔνδειξομεν·
1244 3511 1286 3560 νῦν
1300 3505 1348 3577 γὰρ
1369 3505 1412 3560 οθιι
1428 3506 1612 3572 ένδεικνύουσιν,
1629 3508 1696 3561 ἀλλά
1714 3515 1859 3582 παρανόμων

251 3584 397 3649 δεῖζητεῖν.
436 3579 563 3652 Σορίζεται
575 3581 601 3636 δέ
615 3582 638 3636 ἐν
654 3583 743 3655 τούτῳ.
798 3580 828 3634 Ὁ
845 3583 893 3654 γάρ
904 3586 1036 3652 νομοθέτης
1080 3591 1222 3661 γράφονται.
1261 3587 1375 3656 Διάροροι
1388 3585 1414 3640 δέ
1432 3585 1456 3638 οί
1469 3587 1564 3658 τρόποι.
1602 3585 1666 3640 ίῖίτα
1679 3589 1753 3642 πάλιν
1767 3589 1863 3644 ἀπαιτεῖ

253 3661 367 3715 ἐκόάλλει
384 3662 439 3724 τοθς
449 3661 635 3732 ἐξελεγχθέντας
654 3661 826 3732 ἡταιρηκέναι,
841 3663 883 3714 καὶ
896 3663 1037 3733 διαλέγεται
1080 3669 1121 3730 τάς
1133 3665 1265 3727 ἀποδείξεις
1285 3665 1350 3734 παρὰ
1368 3663 1544 3735 Ἀνδροτίωνος·
1561 3665 1630 3732 καίίγ
1647 3665 1762 3737 ἐρώτησις
1777 3667 1861 3739 ίεχυρά

254 3741 370 3808 δηλονότι
384 3742 439 3812 περί
453 3748 501 3794 τῶν
512 3741 669 3796 ἑαλωκότων.
716 3740 860 3812 Ὅραδέείς
876 3743 1037 3806 τδκάκείνους
1081 3747 1123 3820 μέν
1136 3747 1177 3800 καί
1188 3741 1290 3809 πιθανὴ,
1305 3743 1444 3814 σεσόριστειι
1457 3745 1491 3800 δέ.
1529 3741 1564 3796 O]
1579 3745 1626 3815 γάρ
1642 3765 1725 3815 ρησιν,
1738 3745 1859 3808 ἀπόδειξον

253 3819 308 3888 ήτοι
323 3821 458 3873 καταλῦσαί
471 3821 498 3890 γ’
510 3823 538 3872 ἀν
548 3822 690 3892 πειρᾶσθαι,
703 3821 745 3873 δτι
756 3821 798 3873 καί
815 3821 894 3891 τοιίτιρ
905 3829 941 3894 τῷ
952 3823 1036 3889 έννοή·
1081 3825 1146 3898 εἰμὴ
1162 3826 1254 3896 όρείλει
1265 3823 1279 3875 ὁ
1292 3822 1381 3895 πατὴρ,
1391 3823 1448 3875 ἀλλ’
1458 3822 1479 3876 εί
1486 3821 1520 3894 μὴ
1533 3823 1652 3894 ἀνρειλεν,
1666 3823 1681 3890 ἢ
1697 3824 1719 3878 εἰ
1728 3821 1761 3896 μὴ
1774 3823 1861 3896 ἀπέδρα

255 3919 313 3970 ματι
325 3899 459 3952 ἀκόλουθον
471 3896 500 3967 ήν
515 3899 583 3962 εδθίις
597 3899 694 3970 ἐπάγειν
715 3921 727 3949 ι
741 3901 757 3966 ἢ
772 3901 887 3971 προάγειν
908 3903 937 3952 ἀν
949 3903 982 3963 ὡς
996 3921 1037 3955 πο·
1081 3904 1107 3957 ἐκ
1122 3908 1165 3957 τοῦ
1179 3903 1362 3974 δεσμωτηρίου,
1379 3901 1488 3971 περὶτῶν
1502 3899 1710 3972 ὁμολογουμένων
1723 3903 1764 3955 καί
1777 3905 1862 3974 προδή-

257 4001 268 4026 ι
287 3979 447 4049 νηροτάτους,
458 3979 494 4031 ἵν’
508 3979 541 4040 ώς
550 3979 691 4049 ὁμοιότατοι
706 3980 785 4049 σρίσιν
801 3975 894 4033 ώσιν,ι
915 3977 944 4032 ‘0
955 3980 981 4034 δὲ
991 3981 1037 4050 πρδ
1081 3981 1134 4033 λων
1148 3979 1191 4045 τὴν
1206 3979 1340 4051 πρόκλησιν
1353 3979 1504 4048 ποιούμενος·
1527 3976 1582 4030 οὔτε
1596 3977 1643 4050 γὰρ
1659 3978 1782 4044 ἀποδεῖξαι
1794 3982 1863 4034 δύνα-

253 4061 298 4124 τῆς
306 4055 439 4128 ἐπαγωγῆς
450 4057 494 4123 τήν
508 4059 625 4128 προτέραν
639 4059 757 4128 πρότασιν
769 4057 952 4115 κατεσκεθασεν,
989 4062 1037 4113 Διίο
1081 4079 1122 4114 ται
1134 4059 1280 4129 Ἀνδροτίων
1295 4060 1333 4112 ὁτι
1346 4057 1378 4128 μὴ
1390 4055 1493 4128 ώρειλεν
1503 4055 1517 4108 ὁ
1527 4054 1616 4126 πατὴρ,
1630 4055 1686 4110 οὔτε
1699 4060 1736 4111 ὁτι
1749 4061 1792 4114 οὐκ
1806 4061 1862 4114 ἀπο-

254 4135 302 4206 γάρ
315 4137 454 4206 προτάσεων
465 4136 565 4200 υθοών,
580 4135 621 4188 καὶ
638 4141 680 4202 τῆς
694 4137 737 4207 μέν
753 4135 889 4206 παραδόξου
903 4139 1038 4209 τυγχανοιί·
1081 4139 1140 4210 δρδις
1164 4137 1263 4204 ἐξῆλθεν
1290 4137 1317 4191 ἐκ
1340 4141 1383 4190 τοῦ
1403 4137 1580 4206 δεσμωτηρίου.
1626 4136 1697 4190 Είδὲ
1720 4137 1802 4210 ἠρώτα
1824 4141 1864 4194 καί

256 4233 316 4280 σης,
331 4217 374 4280 τῆς
384 4212 440 4280 ἤτοι
452 4213 589 4266 καταλῦσαί
601 4215 626 4285 γ’
640 4215 670 4266 ἀν
679 4215 820 4286 προέλοιντο
831 4217 872 4268 τὀν
886 4216 980 4286 δῆμον,
997 4221 1039 4284 τῆς
1081 4217 1243 4289 προύκαλεῖτο
1263 4217 1362 4288 λέγειν,
1380 4213 1401 4268 εί
1421 4214 1454 4286 μὴ
1473 4213 1579 4284 όρείλει,
1592 4216 1657 4286 τάχα
1673 4219 1702 4268 ἀν
1723 4217 1862 4290 ’λνδροεέων

254 4294 283 4348 δέ
293 4295 332 4346 ὁτι
345 4296 496 4364 προαγαγεῖν
509 4293 617 4356 ἅπαντας
634 4293 734 4366 ὁμοίους
745 4293 827 4356 αθτοῖς
839 4291 918 4359 εἶναι,
938 4301 981 4362 τῆς
991 4315 1038 4350 πα·
1082 4298 1217 4369 ηδπόρησεν
1233 4296 1389 4366 ἀποκρίσεως.
1404 4295 1439 4347 Tb
1450 4293 1476 4347 δέ
1489 4293 1545 4346 ἀλλ’
1560 4297 1619 4348 ὁταν
1634 4291 1863 4369 ήπροσῆκοντοωὸ-

255 4371 358 4444 ραδόξον
371 4373 509 4442 προτάσεως
519 4371 564 4436 τήν
577 4371 641 4426 ίασιν
656 4372 750 4444 ἐξεθρε,
767 4371 812 4439 τὴν
826 4373 905 4426 αἰτίαν
917 4375 1037 4444 προσθείς,
1082 4395 1133 4430 τον·
1151 4379 1188 4430 ὅτι
1200 4377 1224 4429 οί
1234 4378 1307 4447 νόμοι
1315 4375 1345 4428 τά
1356 4375 1431 4445 μείζω
1442 4379 1489 4426 τῶν
1501 4373 1658 4444 ἀδικημάτων
1668 4377 1863 4446 προεξεεάζεαθκε

256 4453 299 4508 καί
322 4454 508 4524 προωδοποίησε
530 4452 559 4506 τὸ
584 4455 685 4507 πιθανὸν
705 4457 736 4526 τῇ
755 4455 862 4526 δευτέρᾳ.
910 4455 980 4521 ίίῶςγ
1001 4457 1039 4510 ὁτι
1084 4457 1228 4528 βούλονται,
1249 4453 1310 4524 μετά
1323 4458 1399 4508 ταῦτα
1412 4453 1438 4508 δέ
1450 4453 1481 4507 τά
1493 4451 1597 4509 ἐλάττω.

256 4533 331 4604 γνοίις
342 4533 356 4585 ό
368 4531 487 4604 ἀκροατὴς
501 4531 582 4598 ἀκτῆς
595 4535 743 4600 κατασκευῆς
757 4534 788 4585 δι’
801 4535 832 4601 ἢν
849 4533 927 4586 αίτίαν
942 4535 1040 4589 ἕλοιντο
1120 4537 1182 4601 603,
1198 4539 1243 4590 26.
1261 4533 1415 4588 Ἆνταπαιτεῖ
1427 4533 1469 4596 τάς
1478 4533 1619 4596 ἀποδείξεις.
1632 4535 1659 4590 S.

258 4613 394 4666 ιιαταλῖισαι
408 4611 450 4664 τὸν
463 4612 555 4682 δῆμον,
571 4609 614 4664 οθιι
635 4611 671 4664 ἐτι
685 4613 785 4680 ζητήσει
798 4611 858 4667 κάπὶ
871 4617 913 4680 τῆς
931 4615 1040 4686 δευτέρας
1119 4620 1182 4680 604,
1199 4632 1226 4668 ε.
1242 4613 1404 4684 Πεπλήρωται
1419 4611 1462 4684 μέν
1480 4611 1539 4683 ἀχρι
1560 4613 1646 4666 τούτου
1663 4613 1692 4667 εδ
1707 4613 1811 4686 νόμιμον
1825 4617 1865 4670 καί

257 4691 324 4754 τίνος
337 4693 365 4744 ἀν
379 4691 476 4746 ἕλοιντο
488 4692 559 4744 ίνεκει
570 4693 686 4764 προάγειν
700 4691 783 4755 αθτοῖς
796 4692 893 4764 ὁμοίους
906 4693 961 4755 τοθς
974 4694 1042 4748 πολί·
1085 4694 1155 4760 ἔθος,
1166 4694 1207 4746 καί
1217 4692 1275 4746 είσίν
1290 4693 1314 4745 οί
1325 4693 1460 4761 σίμπανεες
1473 4693 1546 4762 νόμοι
1559 4691 1591 4758 ζ’,
1607 4691 1632 4744 δ’
1645 4693 1688 4763 μὲν
1705 4700 1747 4747 τοῦ
1759 4699 1864 4766 κατηγό-

257 4789 302 4832 τας
313 4767 392 4835 εἶναι,
408 4769 452 4838 τήν
469 4775 559 4840 γνῶσιν
574 4767 641 4840 ἔχων
657 4770 684 4824 ἰιι
697 4773 744 4824 τῦν
759 4773 940 4843 προειρημένων
954 4771 1040 4842 ἀκριόῆ
1085 4791 1144 4846 ρου,
1157 4771 1183 4844 γ’
1194 4771 1219 4825 δέ
1233 4775 1276 4825 τοῦ
1285 4771 1415 4843 ρεθγοντος
1427 4769 1469 4823 καί
1482 4772 1525 4823 σὐν
1535 4771 1628 4834 τοθεοις
1642 4771 1670 4825 τδ
1684 4771 1746 4836 ἐθος.
1792 4773 1864 4832 Ἀντι-

259 4855 304 4916 τῖγς
318 4849 403 4912 αἰτίας.
454 4851 536 4903 Τοῦτο
549 4849 576 4902 δέ
593 4852 725 4916 ποιεῖ,ότι
739 4850 846 4905 καθόλου
860 4851 972 4923 ἔγνωμεν
990 4852 1042 4906 δεῖν
1087 4853 1161 4912 θέσεις
1175 4851 1202 4903 δέ
1213 4851 1336 4922 σύμπασαι
1348 4852 1391 4901 τοῦ
1403 4847 1446 4920 μέν
1461 4849 1603 4920 πράγματος
1615 4849 1649 4914 δ’,
1670 4851 1810 4908 ἐνταθθαδέ
1824 4859 1864 4908 τοῦ
1963 4901 1964 4924 ,

259 4925 304 4988 τθις
315 4925 462 4988 κατασκευὰς
476 4926 560 4990 εθθίιος
578 4929 745 4982 ἐπισυνάπτειν
763 4931 818 4992 ταῖς
840 4928 965 4992 ἀπιθάνοις
986 4930 1042 4984 λίαν
1086 4933 1216 5002 προσώπου
1236 4931 1270 5002 β’.
1322 4927 1390 4982 θίετά
1412 4931 1488 4983 ταῦτα
1507 4929 1595 4984 λοιπδν
1618 4929 1709 5000 εἰσάγει
1727 4931 1864 5006 ἐπιλογιιιξν
1963 4925 1964 4960 ί

259 5005 303 5059 καί
315 5005 457 5075 παραδόξοις
467 5008 619 5077 προτάσσειν.
1088 5007 1207 5062 ἀντίθεσιν
1220 5009 1268 5064 ἀπὸ
1281 5013 1325 5062 τοῦ
1336 5009 1430 5061 δικαίου
1444 5007 1485 5061 καί
1496 5013 1538 5077 τῆς
1549 5008 1614 5073 ἀξίας
1628 5011 1689 5082 μετὰ
1701 5011 1730 5066 εδ
1746 5009 1862 5078 ἐναντίον,

298 5083 362 5148 603,
380 5083 405 5136 5.
420 5083 531 5156 Δεινοίις]
546 5085 643 5148 Δεινοίις
657 5085 700 5158 μέν
713 5087 829 5150 δυνατοίις
849 5086 875 5142 έν
895 5093 931 5161 τῷ
944 5087 1025 5162 λέγειν
1034 5127 1042 5158 ,
1088 5085 1154 5140 ἀλλά
1167 5087 1248 5151 δόξετε
1264 5085 1434 5160 καταισχύνειν
1451 5087 1519 5162 ὑμῶν
1538 5087 1617 5143 αθτῶν
1631 5089 1658 5144 τδ
1677 5091 1765 5162 μέρος,
1786 5091 1808 5145 εί
1824 5094 1863 5146 τὸν
