4114 6088
720 510 759 570 11.
781 507 1031 574 οιιϊινθιλΚΟΣ
1050 506 1087 571 θ.
1645 520 1705 572 ων
1773 513 1779 524 ’

93 647 146 716 σεᾷ
165 644 223 707 τοὺς
239 642 393 710 Ἀθηναίους,
409 641 458 698 άπό
475 661 502 696 τε
522 643 564 708 τῆς
584 639 677 702 εθνοίας
691 645 740 694 τῶν
763 639 824 692 θεῶν
841 637 883 693 καί
924 635 1201 704 mmmm,
1213 635 1332 693 Reiskius
1344 637 1490 708 signifiare
1499 648 1575 710 putat
1590 635 1707 696 Ἰωάννου

94 723 148 778 ἀπδ
161 727 205 790 τῆς
218 723 320 783 πίστεως
332 726 381 775 τῶν
396 719 540 791 ἀνθρώπων.
579 719 634 782 Πῶς
649 719 697 789 γάρ
715 718 811 773 ἄπιστοι
824 715 883 787 πρός
929 713 1176 784 ’λθηναίυυ).ἲοάτιν
1184 716 1275 787 σχῆμά
1283 715 1450 770 έατιτδκατά
1463 718 1616 790 παράλειψιν.
1655 719 1707 774 Οθκ

95 804 258 876 ἀνθρώπωςς
277 803 316 855 ότι
331 799 456 854 Ὀλόνθιοι
469 806 506 872 τῷ
522 800 641 870 Φιλίοτεαρ
656 798 805 868 πολεμοῦσιν
820 793 882 866 ἡμῖν
926 793 1046 862 ἠόοίλετυ
1063 795 1106 867 μίν
1120 794 1169 866 γάρ
1182 799 1213 867 τῇ
1230 794 1334 865 ἀληθεία
1344 792 1389 861 τὴν
1409 797 1513 868 θάνωμεν
1530 797 1641 860 ἐξετάσαι
1662 804 1708 854 ενδ

94 884 310 955 προσερχόμενοι·
330 880 357 934 έκ
376 881 398 934 δ’
412 875 443 934 αθ
456 886 505 934 τῶν
519 879 635 934 ίναντίων
649 877 774 948 δυνάμεθα
785 873 883 947 λαμόά·
926 877 1079 938 Μακεδόνος·
1092 873 1107 942 ί]
1120 873 1146 928 δέ
1161 873 1240 940 αίτία,
1250 875 1294 928 ἵνα
1309 872 1342 945 μή
1353 875 1449 948 φοόήση
1460 875 1557 947 μᾶλλον
1572 878 1628 940 τοίις
1642 877 1708 946 Ἀθη·

94 983 151 1018 νειν
164 965 252 1024 τόπους
262 961 301 1015 έπί
310 962 363 1022 τοῖς
377 960 518 1030 πράγμασιν
533 958 649 1020 ἐναντίοις
659 951 724 1010 υθσι.
737 957 793 1012 Tc,
927 954 1008 1015 ναίους
1013 951 1164 1023 ἀποσχέσθαι
1172 955 1216 1006 τυῖι
1225 950 1485 1022 πρδςαθτδνπολέμου.
1494 953 1546 1006 Οθκ
1554 953 1707 1019 ήόοίιλετοδλ

135 1042 172 1094 Τό
185 1040 234 1112 γάρ
244 1041 299 1103 τοίις
311 1039 515 1110 πολεμήσαντας]
531 1034 673 1102 Κατασκευὴ
686 1039 731 1102 τῆς
743 1039 786 1089 τοῦ
799 1052 883 1104 προοι-
927 1033 1000 1087 πάλιν
1014 1032 1105 1093 τελίως
1118 1030 1208 1098 ταύτην
1225 1029 1412 1101 ἀμνημόνευτον
1436 1029 1521 1098 θεῖσαι,
1535 1033 1578 1085 ίνα
1600 1032 1633 1104 μή
1648 1034 1710 1090 αὐτὸ

98 1119 163 1190 μίσυ
181 1119 330 1190 προτάσεως.
366 1117 507 1187 Σημείωσαι
520 1115 548 1170 δὲ
569 1117 608 1170 ότι
629 1115 678 1170 άπό
697 1133 725 1167 τε
743 1113 826 1184 ῥώμης
843 1111 884 1164 καί
926 1108 1491 1182 τοῖιτοδόξηφοόυόμενοςταότηνκαταλιπεῖν.
1529 1111 1559 1162 Τί
1572 1105 1617 1164 οίιν
1625 1115 1706 1178 ποιεῖς

93 1199 203 1267 γνώμης
212 1195 363 1250 καταόάλλει
376 1195 419 1248 τδν
431 1195 571 1250 Φίλιππον·
587 1194 624 1249 ἔτι
635 1193 684 1248 ἀπό
692 1197 736 1260 τῆς
744 1191 884 1262 δυσμενείας
927 1189 968 1245 καί
982 1187 1129 1260 μνημονεόει
1151 1186 1215 1246 κατά
1227 1187 1392 1258 παράλειψιν,Ι
1405 1187 1447 1240 καί
1460 1185 1505 1253 τὴν
1522 1188 1601 1244 αἰτίαν
1620 1191 1649 1244 σθ
1662 1190 1708 1258 τήν

94 1281 151 1328 τῶν
176 1277 237 1328 θεῶν
259 1275 300 1329 καί
325 1273 436 1336 άπιστίας
458 1275 518 1346 προς
544 1274 699 1346 ἀνθρώπους,
720 1271 884 1338 κατασυνιστᾷ
927 1263 1002 1322 οθσαν
1010 1268 1092 1339 λέγει,
1105 1267 1144 1322 θτι
1159 1267 1202 1320 ίνει
1220 1264 1254 1338 μὴ
1266 1265 1368 1338 φοόήσω
1380 1266 1456 1338 ὑμεῖς,
1476 1267 1533 1319 ἀλλ’
1552 1268 1649 1340 ἒτίραν,
1665 1271 1711 1324 ίνει

98 1352 242 1420 Ἆθηναίους
255 1353 303 1407 όπδ
316 1357 359 1420 τῆς
370 1351 463 1415 εθνυίας
474 1359 523 1406 τῶν
534 1353 595 1406 θειῖνν
606 1352 647 1404 καλ
658 1347 826 1418 πίστεωςπρδς
839 1345 882 1400 όν·
928 1345 961 1418 μή
975 1345 1054 1411 δόξω,
1077 1345 1164 1416 φησίν,
1184 1344 1247 1416 θμᾶς
1264 1344 1389 1414 αίσχόνειν
1410 1344 1453 1397 καί
1472 1343 1610 1408 ὀνειδίζειν.
1634 1348 1708 1404 BEP.

96 1433 219 1502 θρώπους,
233 1435 264 1484 P.
929 1425 1030 1488 Ἄλλως.
1068 1425 1103 1478 Tb
1116 1423 1159 1495 μὶν
1174 1431 1271 1495 πρῶτον
1285 1423 1414 1494 προοίμιον
1431 1422 1480 1478 ἀπό
1491 1429 1534 1477 τοῖν
1549 1425 1710 1497 ἐπιχειρήμα-

138 1507 184 1560 ίίαὶ
196 1509 281 1578 χώραν
291 1507 400 1578 ὅμορον]
413 1510 445 1578 τῇ
459 1503 551 1560 ἐκείνου
577 1508 606 1560 Ρ.
618 1503 649 1556 Εί
662 1504 704 1558 καί
718 1499 801 1572 είχον,
813 1502 882 1572 φησί,
927 1523 968 1566 τος
979 1508 1022 1558 τοῦ
1035 1505 1139 1557 δυνατοῦ
1157 1503 1248 1574 ληφθὲν
1271 1501 1363 1564 σκοπον
1385 1497 1455 1571 εἶχεν
1470 1501 1519 1556 ἀπὸ
1533 1507 1577 1570 τῆς
1596 1505 1713 1574 προνοίας

95 1585 204 1654 δύναμιν
216 1585 257 1639 καί
267 1583 368 1650 έῖήτουν
383 1583 448 1655 αὐτῷ
458 1583 596 1654 πολεμεῖν,
610 1581 654 1636 οὒκ
668 1583 697 1634 ἀν
710 1579 846 1647 ἠδόναντο,
862 1579 886 1632 εἴ
927 1591 976 1638 τῶν
991 1586 1052 1637 θεῶν
1066 1584 1095 1636 τὸ
1106 1582 1209 1636 δυνατὸν
1229 1587 1279 1638 τῶν
1294 1579 1425 1647 Ἀθηναίων
1440 1579 1555 1648 αιἐξήσαι·
1574 1583 1603 1639 τὸ
1620 1583 1646 1638 δὲ
1657 1584 1711 1637 δεῖν·

95 1683 130 1735 γε
141 1665 223 1734 πόρρω
233 1683 280 1718 που
288 1665 367 1736 ᾤκουν
375 1662 458 1718 αθτοῦ.
471 1663 530 1717 TV.
539 1661 604 1733 Ὅρα
616 1659 735 1723 όπωςάπδ
743 1662 804 1714 θεῶν
816 1659 885 1730 ἀρξά-
927 1681 997 1734 τερον
1011 1662 1067 1734 περὶ
1079 1665 1123 1716 τοῦ
1139 1661 1244 1714 δυνατοῦ
1256 1661 1299 1712 τοῦ
1313 1658 1439 1712 Φιλίππου
1453 1655 1497 1724 τήν
1521 1658 1626 1724 έξίτασιν
1639 1660 1709 1734 ἔχει,

97 1761 175 1814 μενον
185 1743 295 1812 &ww
308 1739 377 1804 ίταίῑ
387 1739 487 1807 τίιθῖῶί
499 1739 634 1794 Ὀλυνθίων
642 1738 882 1810 Quum-Bw·
929 1743 1067 1814 καθαίρεσιν
1083 1739 1144 1811 ίχον
1158 1743 1202 1806 τῆς
1212 1739 1353 1809 δυνάμεως,
1362 1739 1422 1805 θσην
1433 1736 1523 1799 ἔξεστιν
1539 1739 1563 1793 έν
1574 1743 1712 1813 προοιμίοις

140 1823 184 1884 ιθ,
198 1821 223 1874 ό.
234 1820 342 1892 θόναμίν
356 1823 432 1890 τινα]
447 1817 501 1872 άντλ
512 1821 556 1872 τοῦ
571 1818 708 1889 σύμμετρον
724 1815 740 1882 ή
759 1813 882 1887 μεγάλην·
928 1815 1085 1894 ίργάοασθάι.
1095 1820 1266 1876 ΒΕΗίίθΤίί.
1282 1817 1385 1872 ’Eram
1395 1817 1515 1880 πολλάκις
1525 1821 1578 1881 τοῖς
1587 1823 1711 1890 τεχνικοῖς

95 1899 193 1952 BOEP.
928 1901 1082 1972 θεωρήμασιν
1094 1901 1127 1961 όνς
1139 1899 1247 1969 νοήμασι
1257 1897 1390 1968 χρώμεθα,
1405 1899 1478 1950 τοῦτο
1488 1897 1531 1950 καί
1544 1901 1585 1952 νῦν
1600 1898 1615 1952 ό
1628 1897 1712 1970 ῥήτωρ

143 1974 322 2046 Ἐμπερίδολον
336 1975 366 2029 τίν
375 1975 485 2046 χωρίον,
500 1973 553 2028 κατ’
566 1972 663 2028 ἔννοιαν
676 1969 793 2044 ίχοθοθκ
810 1970 885 2042 θλίγα
928 1980 1069 2046 πεποίηκεν,
1105 1977 1187 2040 Εἰδὼς
1198 1977 1246 2049 γὰρ
1265 1978 1304 2032 ὅτι
1314 1977 1417 2032 δυνατόν
1430 1975 1481 2030 ἔστι
1498 1980 1640 2048 προτρέπειν
1654 1980 1711 2042 τοὺς

95 2053 131 2108 τά
143 2053 381 2124 παρακολουθοῦντα.
393 2055 441 2108 Bs.
928 2057 1030 2120 οίκείους
1039 2057 1080 2110 καλ
1090 2055 1236 2110 ίπαινοῖιντα
1248 2055 1304 2116 τοῖος
1313 2054 1446 2125 πολεμίους
1453 2054 1495 2108 καί
1506 2056 1612 2126 ψέγοντα
1623 2057 1656 2127 (ό
1666 2057 1710 2128 μίν

141 2149 183 2202 19.
199 2153 224 2202 9·
236 2135 356 2205 Μνμννίᾳ
367 2133 416 2188 τῑνῖ
426 2133 469 2186 καὶ
477 2133 544 2202 θείᾳ]
560 2130 590 2185 ‘0
600 2131 643 2204 μὲν
655 2129 807 2192 Stultum&
816 2129 886 2201 φνλῡ·
928 2135 976 2208 γάρ
994 2136 1091 2198 ίπαινος
1103 2141 1152 2188 τῶν
1165 2134 1260 2205 έχθρῶν
1273 2133 1352 2200 ζῆλον
1366 2131 1427 2204 ἡμῖν
1439 2136 1505 2188 κινεῖ
1517 2135 1576 2204 πρδς
1584 2134 1711 2202 αότοθς,ό

96 2214 181 2262 νεικεῖ
197 2209 257 2282 πρός
271 2212 312 2264 τδν
331 2211 507 2283 ἀντιλέγοντα
525 2211 563 2266 διδ
584 2210 625 2264 καλ
644 2215 680 2281 τῷ
699 2211 886 2280 αυμπεράσματι
928 2215 955 2269 δί
968 2215 1044 2287 ψυφὸς
1056 2213 1090 2277 τίς
1101 2213 1267 2285 ἀγανάκτησιν
1282 2212 1351 2282 ἀγων
1368 2211 1520 2283 παροξύνει),
1540 2214 1571 2268 τί
1585 2213 1628 2285 μὲν
1648 2215 1710 2277 θεώ-

95 2291 328 2363 χρηται,καθόπερ
343 2293 436 2354 δεικνθς
448 2293 486 2346 ότι
495 2296 602 2362 φανερῶς
611 2287 748 2361 ἐξήλεγξεν.
790 2286 885 2360 Ῥήτωρ
929 2314 996 2366 ρημα
1013 2295 1047 2356 ὣς
1069 2296 1151 2364 νόημα
1173 2290 1256 2358 εἶπεν,
1271 2293 1309 2345 ότι
1328 2291 1383 2358 ίίήν
1401 2290 1463 2362 θμᾶς
1482 2293 1622 2364 προτρέπειν
1646 2292 1711 2348 ίπαι-

97 2368 127 2422 δὲ
145 2365 167 2418 εί
180 2366 370 2439 συλλογίζοιτο,
390 2371 585 2442 φιλονεικότερον
600 2368 728 2434 καθίστησι
749 2366 792 2420 τδν
814 2364 886 2437 ἀκρο·
928 2379 1019 2428 νοῶντα
1032 2374 1224 2438 τδνΦίλιπτοον,
1238 2370 1318 2426 νθνδί
1336 2371 1363 2424 οό
1377 2375 1450 2426 τοῦτο
1464 2378 1536 2426 ποιῶ.
1574 2373 1710 2444 Καίπροσ-

96 2444 164 2512 ατὶιν
176 2446 218 2498 καὶ
230 2445 274 2500 οὖν
288 2447 416 2519 εὐάγωγον
430 2448 490 2518 πρὸς
502 2450 591 2504 πειθώ·
607 2447 646 2500 διδ
659 2447 701 2500 καὶ
712 2450 765 2507 τνῖι
783 2444 887 2517 λεγομί
927 2455 1035 2505 ποιεῖται
1054 2451 1267 2522 μὲνπσραλιπενν,
1282 2449 1307 2502 εν
1317 2443 1354 2511 οίς
1366 2449 1392 2506 εί
1405 2447 1449 2516 τὴν
1464 2449 1544 2505 αἰτίαν
1560 2453 1711 2522 παραδίδωσι

96 2543 153 2586 νοις
162 2523 315 2596 ἐνθυμήμασι
321 2527 450 2599 χρώμεθα,
461 2525 487 2578 ίν
496 2521 582 2588 οίςτάς
590 2525 633 2578 δθο
642 2524 771 2594 προτάσεις
780 2521 886 2583 εἰπόντες
927 2533 972 2597 τῆς
982 2530 1161 2601 παραλείψεως,
1173 2529 1198 2583 έν
1210 2529 1303 2590 τυότυις
1315 2527 1410 2584 έπαινεῐ
1418 2529 1461 2581 τόν
1475 2528 1611 2586 Φίλιππον.
1631 2531 1711 2590 Τοῦτο

96 2602 130 2654 τό
160 2603 320 2675 συμπέρασμα
343 2610 492 2676 σιωπῶμεν,
517 2604 602 2676 έκείνιρ
626 2601 800 2662 mahazam
826 2599 885 2666 αθτθ
928 2608 956 2662 δέ
972 2612 1053 2674 ποιεῖ,
1068 2610 1112 2662 ίνα
1128 2609 1170 2662 καί
1188 2610 1316 2678 χρώμενος
1339 2605 1372 2678 μή
1387 2608 1448 2679 δοκῇ
1468 2609 1602 2679 κεχρῆσθαι
1616 2610 1657 2662 καί
1669 2611 1711 2664 ἵνα

97 2681 332 2752 προοενθυμεῖσθαι·
351 2683 465 2754 βοόλεται
473 2683 521 2756 γάρ
534 2701 558 2735 τι
568 2680 610 2734 καί
624 2677 720 2734 οῖκοθεν
733 2678 767 2742 τίς
778 2675 822 2744 τήν
836 2685 884 2733 τῶν
928 2687 1048 2760 παροξύνῃ
1062 2687 1103 2740 διὰ
1123 2692 1167 2741 τοῦ
1180 2686 1257 2753 ζήλου
1276 2687 1318 2740 τόν
1339 2687 1433 2756 δῆμον,
1448 2684 1476 2738 οθ
1496 2689 1663 2755 προσποιεῖται
1684 2689 1711 2744 δλ

99 2761 253 2831 πραγμάτων
275 2761 366 2834 εθρεσιν
387 2761 401 2816 ό
420 2760 539 2834 ἀκροατής
556 2759 752 2832 σνμόάλλεοθαι.
788 2759 840 2814 Νῦν
858 2758 886 2812 θλ
927 2753 1034 2837 φανερῶς
1047 2764 1169 2831 ίπαινεῖν,
1191 2765 1235 2818 ίνα
1250 2763 1284 2836 μή
1305 2764 1348 2818 τδν
1365 2764 1442 2834 φόόον
1462 2762 1554 2837 αθξήση
1572 2771 1620 2820 τῶν
1643 2764 1711 2826 Ἀθη-

99 2839 359 2913 ἀναγκαίωςόρήτωρ
372 2841 496 2913 ἐχρήσατο
505 2847 543 2913 τῷ
553 2842 747 2913 συμπεράσματι.
783 2839 885 2910 Πρῶτον
929 2845 1014 2901 ναίων.
1027 2845 1105 2900 HRS.

100 2918 147 2988 μὲν
160 2917 207 2988 γάρ
220 2917 236 2985 ίγ
251 2920 386 2988 κατασκευή
398 2925 441 2987 τῆς
449 2921 589 2992 προτάσεως
600 2921 641 2972 διὰ
650 2919 751 2974 πολλῶν
762 2921 883 2991 γενομένη
967 2926 1009 2988 ιθ,
1028 2941 1069 2992 19.
1084 2921 1149 2994 Οθχί
1158 2921 1238 2984 καλῶς
1248 2921 1315 2992 ἔχειν
1329 2919 1455 2993 ἡγοῦμαι]
1468 2919 1536 2974 Κατὰ
1548 2920 1592 2992 μίν
1604 2921 1633 2975 τό
1645 2921 1708 2992 άλη·

99 2993 213 3064 ἀνάγκην
229 2995 369 3065 ἐνεποίησεν
386 2996 460 3050 αὐτοῦ
474 3002 518 3053 τοῖν
538 2998 696 3068 προτεθέντος
711 2995 743 3059 είς
765 2995 885 3060 ἀπόδειξιν
929 3000 967 3064 θὲς
986 3001 1014 3054 οθ
1039 3001 1153 3072 βοθλεται
1176 3000 1282 3056 διελθεῖν
1304 2999 1378 3054 σι’ντοῦ
1400 2997 1445 3066 τήν
1469 2999 1589 3071 δύναμιν,
1608 3001 1652 3056 ίνα
1676 3000 1710 3073 μή
1822 3044 1826 3053 .

98 3073 143 3125 διά
166 3080 210 3128 τοῦ
231 3079 435 3148 συμπεράσματος
451 3076 603 3150 ἀναμνῆσαι·
623 3077 734 3148 δεότεφον
746 3075 785 3141 δέ,
800 3079 839 3130 ότι
860 3077 886 3132 έν
928 3079 1025 3152 φοόήση
1038 3079 1094 3142 τολις
1107 3078 1255 3147 λθηναίους·
1268 3078 1421 3133 θπωπτεθετο
1431 3079 1479 3150 γάρ
1492 3080 1635 3151 συμμάχους
1643 3079 1711 3150 ίχειν

101 3154 149 3226 μὲν
161 3158 213 3218 τοῖς
230 3154 323 3226 ἀγῶσιν
338 3158 437 3220 είκότως
451 3157 480 3210 εδ
496 3159 655 3229 συμπέρασμα
669 3162 812 3226 σιωπῶμεν·
827 3157 887 3212 πολ-
929 3159 1050 3221 πολλοθς·
1066 3159 1235 3230 προσποιεῖται
1252 3156 1279 3210 δέ
1299 3155 1344 3224 τήν
1369 3154 1442 3218 δόξαν
1458 3159 1639 3228 παραιτεῖσθαι,
1649 3159 1710 3222 ίνα,

99 3235 155 3287 λῶν
168 3234 216 3306 γάρ
233 3234 282 3303 ήδη
295 3237 337 3290 καί
355 3237 538 3308 προειρημένων
556 3237 598 3290 καὶ
610 3235 754 3308 μελλόντων
771 3234 886 3306 λέγεσθαι
929 3238 1001 3308 φησί,
1015 3236 1050 3308 μὴ
1063 3237 1203 3309 φιλοτιμίαν
1222 3234 1308 3307 θκείνιρ
1324 3235 1473 3307 περιποιήσω
1491 3235 1523 3288 δι’
1535 3231 1570 3290 ὧν
1585 3235 1649 3300 αὔξω
1667 3236 1712 3291 αλ-

100 3310 192 3382 ῥφιδίως
202 3311 217 3363 ό
228 3309 347 3382 ἀκροατής
361 3313 464 3383 εθρίσκει
475 3313 504 3366 τδ
514 3313 634 3380 οιωπηθὲν
646 3311 693 3366 θπδ
710 3315 754 3366 τοῦ
767 3310 883 3382 ῥήτορος·
928 3318 983 3372 τόν.
997 3319 1078 3372 TCV.

99 3388 128 3442 έν
144 3387 171 3440 δὲ
187 3389 308 3462 προοιμίῳ
321 3391 425 3462 μηδενός
439 3389 596 3462 ίτιρηθίντος
608 3389 652 3444 οὐκ
666 3389 721 3460 ἔχει
733 3390 807 3444 πόθεν
821 3389 887 3462 αὑτῷ
963 3395 1009 3448 Διά
1022 3396 1078 3467 τίς]
1093 3393 1234 3460 ίίατασκευὴ
1244 3399 1287 3448 τοῦ
1301 3389 1412 3464 δευτέρου
1424 3393 1563 3466 προοιμίου.
1575 3395 1607 3448 Β.

99 3473 254 3538 προσνοῆσαι
275 3469 304 3524 τδ
317 3471 416 3526 λεῖπον.
454 3471 530 3525 Οὐδὲν
549 3471 576 3526 δέ
595 3471 700 3541 διαφέρει
715 3469 744 3524 τό
758 3471 891 3540 δαιμόνιον.
967 3477 1009 3539 ιθ,
1021 3491 1066 3530 οο.
1085 3473 1158 3544 ’Υπὲρ
1171 3474 1280 3543 τοότων]
1295 3479 1343 3526 τῶν
1353 3477 1397 3526 τοῦ
1408 3473 1543 3528 Φιλίππου.
1554 3476 1586 3528 Ρ.

99 3551 147 3600 τοῦ
168 3549 233 3600 θείου
256 3550 321 3622 παρά
334 3553 387 3614 τοῖς
405 3549 533 3622 ῥήτορσιν,
555 3549 613 3604 ἀλλ’
632 3548 659 3602 ἐκ
678 3549 839 3620 παραλλήλου
857 3551 886 3604 τό
968 3555 1010 3616 ιθ,
1023 3568 1067 3606 αα.
1086 3548 1116 3604 ‘0
1129 3550 1172 3621 μίν
1183 3550 1277 3621 γάρ-]
1288 3551 1437 3620 Σημείωσαι·
1450 3551 1585 3620 χιαζομένη
1602 3551 1712 3622 περίοδος

99 3626 173 3680 αθτό.
187 3629 279 3682 13ch
282 3667 290 3684 .
930 3631 1096 3701 τετράκωλυς,
1118 3629 1211 3700 ἔχουσα
1229 3629 1272 3682 δόυ
1292 3631 1420 3700 προτάσεις
1438 3631 1480 3682 καί
1505 3630 1548 3682 δόο
1572 3628 1709 3694 ἀποδόσεις,

141 3709 184 3772 ιθ,
202 3725 244 3762 ιο.
258 3707 304 3760 Δεῖ
312 3709 404 3772 τοίνυν,
418 3703 440 3764 ώ
453 3709 538 3779 ἄνδρες
549 3705 779 3778 Ἆθηναῖοι]Τοῦτό
793 3706 845 3762 ίστι
857 3709 886 3762 τδ
931 3711 1029 3762 BTCP.
1057 3707 1087 3762 'fl
1113 3709 1180 3779 βάσις
1195 3711 1239 3761 τοῦ
1254 3708 1397 3778 προοιμίου,
1421 3707 1474 3773 ήτις
1500 3706 1565 3762 ίστλν
1586 3707 1652 3762 αίτία
1669 3714 1713 3778 τῆς

99 3787 263 3858 συγωάρασμα
275 3791 319 3840 τοῦ
331 3788 475 3860 προοιμίου·
491 3787 569 3849 δείξας
578 3787 627 3858 γάρ
644 3788 700 3848 τοὶις
718 3787 787 3850 θεοψς
806 3787 887 3850 τόνους
931 3785 1066 3854 ἀξιώσεως,
1086 3787 1187 3843 ἅπτεται
1207 3785 1342 3840 αὐτοῦτοῦ
1367 3787 1527 3857 πράγματος,
1546 3786 1713 3858 παροξθνουσα
1785 3797 1788 3806 ¹

98 3867 144 3920 καί
162 3867 219 3929 τοὶις
236 3869 380 3939 συμμάχους
400 3869 509 3939 βεόαίους
522 3869 564 3921 καὶ
584 3868 613 3921 τό
632 3867 735 3922 δυνατόν
749 3873 799 3922 τῶν
817 3867 885 3936 Ἀθη-
929 3867 985 3929 τόυς
1002 3865 1138 3933 ’λθηναίους
1150 3865 1209 3936 πρὸς
1227 3863 1338 3936 πόλεμον
1358 3865 1420 3938 μετὰ
1437 3865 1466 3926 τὸ
1484 3864 1605 3923 ἀνεικέναι
1625 3866 1712 3932 αἐτοίνς

99 3947 178 4000 ναίων
193 3945 297 4014 αθξήσας
310 3948 394 4019 καιρδν
407 3949 480 4020 ἔσχεν
490 3949 628 4019 ἐπιτιμήσει
636 3947 792 4019 χρήσασθαι,
807 3942 822 4019 ᾖ
838 3967 886 4000 σω·
929 3950 972 4014 τῆς
986 3945 1098 4017 ἀθυμίας.
1110 3947 1161 4000 RS.

99 4027 218 4096 φρονίσας
240 4025 281 4080 ίπί
303 4026 334 4080 τά
349 4029 483 4100 πράγματα
497 4027 637 4100 προῦτρεψε.
675 4027 757 4094 Φησίν
776 4022 836 4092 σόν,
851 4025 887 4100 μή
969 4023 1043 4095 Ὑπὲρ
1054 4023 1098 4091 τήν
1116 4023 1202 4094 ἀξίαν]
1218 4021 1275 4076 Ἔτι
1292 4025 1410 4095 κέχρηται
1422 4025 1475 4086 τοῖς
1485 4022 1604 4092 ίπαίνοις,
1617 4025 1646 4082 σίν
1662 4027 1711 4098 μήν

98 4107 221 4176 προδόται
241 4109 372 4179 γενώμεθα
392 4114 442 4162 τῶν
466 4108 627 4178 θπαρχόντων
648 4106 691 4160 καί
709 4107 885 4178 δεδωρημένων
929 4102 1034 4157 έκθαίνει
1047 4103 1076 4156 τ“ο
1094 4104 1190 4174 μέτριον
1203 4103 1267 4155 ῶστε
1277 4101 1318 4154 καί
1332 4101 1434 4172 φοόεῖν·
1450 4101 1479 4162 οθ
1490 4101 1616 4174 γάρείπεν
1629 4105 1713 4170 άπλῶς

97 4181 164 4252 ἡμῖν
184 4182 250 4254 παρά
265 4189 314 4238 τῶν
334 4185 396 4238 θεῶν
412 4185 454 4238 καί
471 4185 581 4256 δόξωμεν
595 4183 666 4237 αθτοί
675 4184 730 4237 καθ’
744 4183 837 4239 ίαντῶν
851 4185 883 4239 τά
929 4183 976 4236 όσα
989 4184 1163 4254 κατώρθωσεν,
1177 4181 1234 4234 ἀλλ’
1246 4181 1304 4253 θπὲρ
1316 4179 1361 4248 τήν
1381 4181 1464 4247 ἀξίαν,
1476 4183 1540 4236 ῶστε
1555 4183 1597 4236 καί
1608 4183 1639 4238 τά
1652 4203 1711 4242 κατ·

96 4263 214 4334 χείριστα
226 4262 391 4332 βουλεύεσθαι.
402 4266 523 4320 BHSTV.
531 4266 706 4336 Σμμπάρασμα.
720 4267 753 4320 Δ.
929 4263 1061 4332 ορθώματα
1080 4259 1113 4333 μή
1125 4262 1218 4333 σφόδρα
1230 4261 1328 4333 μεγάλα
1345 4261 1487 4332 νομίζεσθαι
1499 4267 1618 4318 ταπεινῶν
1631 4264 1711 4320 όντων

140 4344 184 4407 ιθ,
203 4359 244 4396 ιι.
259 4341 364 4415 Αθιοθς]
376 4343 449 4415 ἡμᾶς.
464 4347 495 4402 Ρ.
929 4343 1089 4396 Μακεδόνων.
1105 4344 1155 4397 RS.

141 4425 185 4486 ιθ,
203 4438 245 4476 ια.
260 4421 345 4485 Ὅπως
365 4421 398 4494 μή
414 4425 527 4497 χείρους]
542 4421 576 4495 μή
597 4421 691 4486 ἀνάξιοι
706 4429 823 4498 φανῶμεν
835 4433 884 4481 τῶν
967 4425 1009 4487 18,
1029 4427 1073 4479 26.
1088 4423 1172 4476 Ταῦτα
1184 4421 1228 4494 μίν
1248 4415 1292 4476 οθν
1311 4419 1468 4494 παραλείψω]
1483 4419 1518 4474 Tb
1534 4425 1711 4495 οχῆμαιμερυ

97 4503 241 4572 δεδομένων
252 4503 318 4575 παρά
328 4509 377 4557 τῶν
397 4505 458 4558 θεῶν
472 4505 514 4558 καί
531 4509 580 4558 τῶν
594 4504 756 4576 ίιπαρχόντων
767 4510 884 4580 πραγμά-
929 4503 999 4574 σμθτ·
1012 4503 1043 4556 C·

96 4603 163 4638 των.
176 4585 232 4637 AR.
964 4581 1043 4634 Πάλιν
1056 4581 1264 4652 προσποιοόμενος
1275 4580 1423 4652 παραλιπεῖν
1439 4579 1546 4651 έπιμάνει
1560 4582 1613 4641 τοῖς
1629 4578 1712 4642 αθτοῖς

136 4659 194 4711 Τῶν
207 4659 386 4731 θπαρχόναων]
402 4660 458 4727 ήτοι
479 4667 528 4716 τῶν
551 4663 727 4733 δεδωρημίνων
740 4661 802 4735 ήμῖν
820 4665 885 4736 παρὰ
928 4659 1008 4731 λόγων
1026 4683 1037 4710 ι
1052 4659 1178 4716 ένθίνδ’ἀν
1190 4660 1263 4716 αθτδν
1274 4659 1324 4714 ίδοι
1336 4661 1413 4731 μίγεν
1425 4659 1600 4730 γεγενημένον.
1617 4658 1712 4714 εἘατε

98 4741 151 4790 τῶν
167 4736 239 4790 θεῶν.
251 4737 279 4790 S.
291 4735 352 4808 ἡμῖν
369 4736 397 4791 έκ
411 4739 488 4802 θεῶν,
500 4739 571 4792 θείων
585 4740 692 4809 δωρεῶν.
709 4743 739 4795 Ρ.
929 4739 955 4794 δέ
969 4741 1010 4794 καί
1029 4743 1103 4794 τοῦτο
1123 4740 1289 4811 καθαιρετικδν
1309 4743 1352 4808 τῆς
1369 4743 1413 4794 τοῦ
1431 4737 1557 4792 Φιλίππου
1570 4737 1710 4816 δυνάμεως,

140 4817 184 4875 ιθ,
201 4813 243 4865 13.
257 4813 363 4868 Μάλλον
372 4815 413 4883 δὲ]
424 4815 610 4886 Προδιόρθωσις.
623 4817 676 4870 CP.
691 4814 846 4872 Ἐνδιάθιτον
856 4818 885 4872 τδ
929 4817 996 4889 εἴπερ
1010 4817 1084 4872 αθτδν
1102 4819 1146 4872 δόυ
1158 4820 1173 4885 ἢ
1187 4819 1228 4874 καί
1243 4826 1307 4890 τρεῖς
1316 4825 1365 4872 τῶν
1378 4817 1508 4884 Ἀθηναίων
1522 4814 1639 4884 ηὔξησαν.
1657 4819 1711 4888 Ηθ,

99 4893 201 4960 σχῆμα.
216 4891 266 4944 ίλθ.
964 4897 1010 4948 ίίαλ
1021 4896 1070 4968 γάρ
1084 4896 1124 4967 εί]
1142 4897 1308 4968 Συμπίρασμα
1321 4901 1365 4952 τοῦ
1378 4895 1489 4966 δευτέρου
1502 4895 1641 4966 προοιμίου.
1655 4898 1687 4956 Β.

141 4971 185 5030 18,
203 4967 245 5022 15.
260 4969 440 5041 ίίροῖεμάνονς]
454 4972 621 5042 προδιδόντας.
637 4971 671 5026 Β.
966 4992 1012 5045 ιρ,
1029 4991 1052 5032 ι.
1071 4974 1180 5030 Ἐνθίνδ’
1194 4977 1223 5030 ἀν
1233 4978 1243 5047 ]
1254 4975 1330 5047 ήγουν
1344 4975 1392 5029 άπδ
1401 4981 1450 5030 τῶν
1459 4973 1569 5044 ῥητόρων
1582 4980 1631 5030 τῶν
1647 4973 1723 5045 Ἀθη-ν,

141 5049 184 5110 ιθ,
200 5064 243 5116 17.
255 5047 289 5102 Το
304 5049 347 5119 μέν
367 5044 411 5102 οῖνν
427 5051 481 5121 -]
498 5051 613 5122 Δεύτερον
634 5049 763 5121 προοίμιον
777 5049 826 5106 ἀπὸ
841 5057 884 5106 τοῦ
919 5051 1013 5116 ναίων,
1032 5053 1048 5117 ἢ
1069 5050 1117 5106 άπδ
1137 5055 1181 5105 τοῖν
1200 5053 1256 5116 τώς
1273 5052 1409 5120 Ἀθηναίους
1422 5051 1561 5122 χρήσασθαι
1577 5055 1630 5117 τοῖς
1649 5056 1710 5126 πρά,

99 5129 219 5180 δυνατοῦ.
234 5127 264 5180 Β.
279 5129 396 5198 Δείτερον
413 5130 540 5201 προοίμιον
555 5128 582 5184 έκ
596 5132 728 5198 ιφοσοχῆς.
742 5131 793 5184 CP.
928 5149 1006 5202 γμασι
1020 5127 1053 5201 μή
1067 5131 1550 5201 πραοηκόντως.1λ.θ.”οἐσιινάπδοῶν
1566 5131 1709 5202 Ἀθηναίων,

137 5249 177 5302 To
192 5248 235 5321 μέν
249 5245 307 5314 οὖν,
321 5249 345 5304 ὦ·
354 5251 438 5324 όνδρες
454 5250 595 5322 Ἀθηναῖοι]
614 5204 682 5338 (1)-ξῖ
693 5251 767 5320 (haec
780 5269 839 5324 quae
857 5253 884 5306 in
916 5177 1063 5356 ψΑἶνρἑῗτςῖ
1074 5207 1631 5364 δεψγῖίςορἰῦῥχῗψψὲζπῗρῥτῖῥεὲἑοψαρρἕχξς
1648 5289 1709 5358 ²⁸¹2}
