3934 6350
234 400 296 453 668
784 383 922 446 ΣΧΟΛΙΑ
944 385 1009 444 ΕΙΣ
1030 385 1306 448 ΔΗΜΟΣΘΕΝΗΝ.

233 523 314 591 ράσχῃ
327 516 368 579 τάς
381 517 448 578 δίκας
458 521 506 569 τῶν
521 513 616 568 ἀλλων.
655 513 723 578 ίίῶςς
740 514 755 580 ή
776 515 807 565 δι’
822 513 935 582 ἄγνοιαν,
955 513 1018 584 ήδῖ
1100 516 1166 584 529,
1183 524 1209 578 4.
1230 516 1265 569 06
1287 515 1335 586 γὰρ
1351 517 1416 576 όστις
1430 515 1443 567 6
1462 515 1585 589 πάσχων]
1601 514 1643 582 Μή
1664 518 1738 569 τούτο
1752 515 1854 582 σκόπει,

234 597 321 670 ἀργὴν,
337 597 352 663 ή
364 597 396 647 δι’
408 595 502 666 ἔρωτα,
515 595 548 656 ὡς
562 592 656 664 είρηκεν
669 591 693 645 ἐν
706 595 758 654 τοῖς
769 593 831 644 ἀνω.
1063 595 1146 663 φησίν,
1162 593 1183 647 εἰ
1200 595 1356 665 Δημοσθένης
1375 593 1439 647 ἐστὶν
1453 594 1468 646 6
1480 593 1617 664 ύόρισθείς,
1632 594 1690 646 ἀλλ’
1704 593 1726 648 εἰ
1742 595 1772 648 τδ
1787 595 1855 666 ἰιόρί-

271 679 336 742 528,
355 693 396 729 ια.
411 675 462 728 Ούκ
477 673 511 727 ἐτ’
526 671 638 738 ἐποίησεν
655 672 669 724 ό
684 673 774 743 νόμος]
789 672 897 724 Ἔλαόεν
917 669 950 731 εἰς
963 670 1021 724 ἀπύ-
1064 677 1114 734 ζειν
1128 674 1193 744 παρὰ
1206 675 1261 736 τοδς
1276 676 1364 744 νόμους
1376 675 1548 746 μεμελέτηται.

233 755 305 816 δειξιν
319 755 393 809 πάλιν
411 753 502 807 οἰκεῖον
518 753 681 822 παράδειγμα.
724 749 823 816 Ἐπειδὴ
846 749 945 814 ἐξούλης
967 749 1020 819 ἔχει
1101 754 1168 823 529,
1185 756 1212 807 8.
1234 753 1269 806 Ού
1285 753 1333 824 γάρ
1355 753 1432 818 ἐστιν,
1448 753 1492 806 οθκ
1514 753 1581 824 ἐστι]
1605 751 1706 820 Ἐπειδὴ
1727 754 1855 824 γλίσχρως

233 836 304 901 δίκην
319 834 378 903 πρδς
390 832 475 898 αθτδν,
490 832 603 902 βούλεται
616 831 692 891 δεῖξαι
702 833 743 882 νῦν
759 831 797 882 ότι
809 830 850 882 καί
858 829 916 899 ύπέρ
930 828 1021 895 ἐκείνης
1065 830 1142 884 ἐδόκει
1155 835 1233 886 ποιεῖν
1248 833 1290 885 καλ
1302 833 1357 903 περί
1367 839 1416 886 τῶν
1429 833 1525 885 δούλων
1535 832 1732 904 ἀγωνιζόμενος,
1744 834 1855 886 καθόλου

233 915 354 985 δημοσίαν
373 913 442 980 δίκην
457 911 549 981 ὀφείλει
569 911 698 979 ύποσχεῖν.
743 909 860 975 Ἐξούλης
877 908 903 960 δὲ
917 903 957 974 ἦν,
980 910 1020 960 ὅτε
1066 909 1094 963 τδ
1108 915 1151 978 τῆς
1160 912 1251 983 θόρεως
1261 911 1551 983 ηύξησενὼςάφόρητσν,
1564 912 1609 963 κάν
1629 911 1662 972 εἰς
1673 911 1764 964 δοῦλον
1782 913 1854 982 γίνῃ.

235 991 382 1046 ἐκινδύνευεν
396 990 504 1044 ἐκπεσεῖν
518 989 640 1058 κτήματός
653 1007 734 1052 τινος,
750 989 765 1054 ἣ
779 988 888 1057 χωρίου,
903 987 918 1052 ἢ
934 985 1019 1048 οἰκίας,
1065 1009 1113 1045 ται,

235 1072 275 1123 διὰ
293 1073 322 1124 τδ
343 1069 376 1142 μὴ
396 1072 540 1125 ἐκτετικέναι
562 1067 607 1134 τὴν
630 1069 763 1134 καταδίκην
782 1067 844 1120 κατά
866 1068 957 1136 χρόνον
977 1067 1020 1118 τδν
1102 1069 1168 1139 529,
1191 1087 1233 1123 11.
1249 1070 1324 1124 Οὐδὲν
1339 1070 1387 1142 γὰρ
1407 1065 1461 1123 οίον
1479 1069 1574 1122 ἀκώςιν
1596 1067 1669 1121 05000
1690 1073 1736 1122 000
1758 1073 1854 1141 νόμω]

235 1154 380 1223 ὡρισμένον,
401 1151 443 1202 καί
456 1148 567 1220 ἐγίγνετο
586 1149 705 1218 δημόσιον
724 1148 754 1200 τ“ο
774 1149 880 1218 τίμημα.
921 1144 1020 1211 Ἐπειδὴ
1065 1149 1139 1201 θὐδὲν
1154 1149 1201 1220 γὰρ
1216 1150 1280 1202 ἀλλο
1294 1154 1405 1202 τοιοῦτον
1425 1149 1473 1215 ἡδὶν
1485 1149 1518 1210 ὡς
1531 1149 1559 1200 τδ
1578 1146 1674 1199 ἀκούειν
1695 1151 1740 1199 τοῦ
1759 1151 1853 1218 νόμον,

235 1229 283 1300 γάρ
297 1230 338 1283 καὶ
349 1229 373 1282 σί
382 1229 505 1295 διαιτηταὶ
518 1227 619 1298 νόμιμοί
633 1245 695 1288 τινες
709 1221 771 1292 ήσαν
785 1226 913 1290 δικασταὶ,
928 1227 1020 1278 τούτων
1065 1229 1107 1279 καί
1118 1229 1186 1282 οδδέν
1201 1233 1311 1282 τοιοῦτον
1325 1228 1401 1282 εἰπεῖν
1414 1228 1509 1298 ήμεῖςδ
1523 1227 1594 1288 αύτδς
1606 1227 1619 1278 6
1631 1227 1706 1296 νόμος
1716 1227 1765 1296 βοᾷ
1776 1247 1802 1280 τε
1814 1230 1855 1280 καί

235 1310 261 1362 δὲ
278 1309 423 1379 παρήκουεν,
438 1309 471 1370 ὡς
488 1305 520 1378 μὴ
543 1305 604 1360 κατὰ
619 1307 769 1376 προθεσμίαν
783 1305 913 1366 ἀποδιδούς
930 1305 959 1356 εδ
977 1325 1020 1356 κα·
1066 1308 1194 1360 δείκνυσιν.

191 1438 195 1446 ,
235 1391 416 1460 τεγνωσμὲνον,
430 1389 550 1459 δημοσίαν
566 1386 644 1440 ἐδίδου
656 1383 700 1451 τὴν
713 1387 792 1452 δίκην.
813 1384 929 1450 Ἐξούλης
943 1385 1022 1453 ὄνομα
1103 1387 1167 1456 529,
1187 1391 1229 1442 ιθ,
1243 1387 1285 1448 Εἰς
1295 1386 1340 1453 τήν
1353 1387 1471 1458 ἡλιαίαν]
1487 1385 1531 1448 Εἰς
1543 1386 1572 1438 τδ
1583 1385 1748 1456 δικαστήριον.
1762 1388 1793 1438 B.

236 1469 304 1534 δίκης
315 1467 377 1520 κατά
390 1473 438 1520 τῶν
455 1465 487 1538 μὴ
506 1465 654 1535 στερξάντων
668 1463 705 1525 οίς
718 1467 808 1534 ὥρισαν
831 1464 855 1516 σί
873 1466 1019 1524 δικάζοντες.
1103 1467 1169 1534 όυη,
1196 1469 1238 1519 σθ.
1265 1465 1387 1530 Ἀκούετε,
1411 1461 1535 1535 ὦάνδρες
1564 1463 1704 1535 Ἀθηναῖοι]
1728 1464 1785 1534 [εἰ]
1804 1465 1853 1516 ἰλύι

241 1546 271 1600 Ὅ
290 1547 318 1600 δέ
341 1551 396 1608 νοῦς
415 1550 539 1606 τοιοῦτος·
560 1545 602 1598 ἐάν
625 1563 661 1605 τις
684 1542 807 1608 ἰδιωτικήν
829 1543 915 1614 νικήσῃ
940 1543 1020 1608 δίκην,
1066 1543 1202 1611 ήκούσατες
1223 1543 1288 1596 ἀλλά
1303 1545 1344 1596 καί
1358 1549 1400 1596 νῖιν
1416 1546 1522 1615 βοῶντος
1536 1541 1635 1594 ἀκούετε
1646 1547 1691 1596 τοῦ
1704 1543 1794 1614 νόμον,
1811 1563 1854 1614 φη·

237 1626 359 1698 λαμόάνει
373 1626 415 1678 τὸν
430 1625 565 1691 ἡττηθέντα
577 1621 716 1675 ἐπεύθννον.
747 1620 814 1674 Εἶτα
824 1623 854 1672 ἂν
868 1619 900 1690 μὴ
914 1617 972 1671 είσω
981 1623 1023 1685 τῆς
1067 1625 1115 1687 σίν,
1131 1622 1175 1675 ούκ
1188 1622 1316 1693 ἀνθρώπου
1328 1623 1407 1686 τινδς,
1421 1623 1449 1675 ού
1459 1625 1506 1693 γάρ
1519 1621 1611 1686 ἐστινὴ
1626 1626 1675 1673 τῶν
1686 1621 1783 1673 δούλων
1797 1623 1853 1690 πρδς

236 1707 384 1776 προθεσμίας
396 1703 522 1774 ἐκτισθῇδ
541 1702 716 1766 κατεδικάσθη,
732 1699 798 1752 ἀλλά
815 1701 915 1770 γένηται
934 1697 1022 1768 ύπερή-
1066 1703 1122 1764 τούς
1133 1701 1270 1772 ἐλευθέρους
1281 1703 1362 1772 φύσις,
1377 1701 1434 1753 ἀλλ’
1450 1701 1465 1767 ίη
1479 1702 1541 1770 τύχη
1556 1699 1585 1752 τδ
1596 1699 1745 1752 διαλλάττον
1759 1698 1854 1752 ἐκαινο-

239 1803 324 1855 μερος,
339 1783 417 1844 ἔξεστι
430 1781 567 1852 γράψασθαι
580 1780 621 1832 καί
634 1778 789 1833 ἐπιλαθέσθαι
809 1778 881 1831 αύτοῦ
895 1784 943 1831 τῶν
960 1796 1022 1848 χρη·
1066 1787 1184 1856 τύμησεν.
1221 1785 1293 1857 Ὅσῳ
1312 1787 1334 1836 δ’
1358 1787 1387 1837 ἀν
1413 1785 1509 1855 μᾶλλον
1531 1783 1643 1855 ἐπαινέσῃ
1665 1784 1708 1834 τδν
1729 1783 1785 1852 τπρὶ
1806 1788 1853 1835 τῖεν

237 1865 331 1934 μάῐωίι
352 1863 397 1922 ἕως
410 1859 438 1913 Θθ
452 1860 571 1930 πληρώσῃ
587 1859 616 1911 τί)
630 1859 738 1928 θίῑῦθέί·
779 1857 808 1908 Εἰ
828 1857 853 1909 δέ
868 1857 959 1908 κωλύοι
979 1857 1022 1908 τ’ὓν
1066 1866 1162 1917 δούλων
1179 1867 1266 1934 νόμον,
1282 1865 1391 1935 τοσούτῳ
1403 1863 1565 1934 χαλεπώτερα
1577 1861 1647 1923 δείξει
1659 1859 1690 1912 τά
1700 1861 1851 1930 Μειδίαν-στ’

237 1942 375 2012 ἀπτόμενον
389 1940 431 1991 καί
444 1937 588 2002 ἀπελαύνοι,
602 1938 719 2006 γράφεται
729 1935 807 1994 ,αύτδν
820 1933 882 1986 κατδ
896 1932 940 1998 τὴν
960 1933 1023 1996 ἐξού-
1068 1945 1142 1997 abror,
1154 1945 1318 2014 τολμηθέντα,

236 2018 294 2084 λην,
318 2017 358 2069 καὶ
380 2017 491 2086 γίγνεται
510 2014 571 2085 μετὰ
591 2019 634 2067 τοῦ
655 2014 777 2066 ἰδιωτικοῦ
791 2014 832 2066 καί
854 2015 972 2084 δημόσιον
993 2011 1022 2064 τδ
1104 2025 1168 2088 530,
1187 2039 1210 2077 1.
1225 2023 1254 2074 Τί
1268 2017 1311 2074 οὖν
1323 2022 1381 2091 πρδς
1394 2022 1475 2092 θεῶν]
1495 2018 1552 2073 Ἐπί
1564 2021 1634 2090 γένος
1655 2019 1778 2089 ἀνήμερον
1796 2018 1852 2084 anfi.

236 2099 338 2166 πρᾶγμα
349 2093 446 2158 λοιπδν,
459 2095 497 2146 ότι
509 2091 626 2160 ήπείθησε
639 2095 691 2154 τοῖς
704 2094 830 2153 δικασταῖς
847 2092 889 2144 καὶ
908 2094 960 2152 τοῖς
981 2091 1022 2144 νό·
1067 2121 1138 2172 ,0,χο
1151 2100 1196 2166 ,ἦν
1212 2103 1290 2172 κρίσιν
1305 2105 1353 2153 τῶν
1368 2100 1461 2170 νόμων,
1500 2099 1530 2150 El
1548 2098 1595 2169 γὰρ
1608 2098 1650 2150 ,οί
1668 2103 1710 2164 2¹6:
1726 2100 1851 2169 βῳςηῳι,

238 2194 301 2243 §²013-
1066 2181 1194 2250 ὠμότητος
1205 2181 1320 2251 κρείττων
1332 2179 1347 2230 6
1359 2180 1449 2250 νόμος,
1462 2180 1526 2231 ὥστε
1542 2177 1666 2239 κάκείνους
1678 2177 1801 2230 ἐπαινέσαι
1810 2177 1852 2241 τήν

274 2253 335 2314 5²⁸»
354 2255 396 2312 ῐίι·
408 2251 438 2302 Τί
452 2250 541 2314 θθπθῐῑ
552 2249 593 2302 362
605 2248 647 2319 ίᾸὲί
658 2248 720 2302 ἐλὼν
730 2249 785 2318 παρ’
798 2247 909 2316 ἐκθθῖθί]
923 2246 1021 2314 ’Euaza
1066 2260 1248 2330 φιλανθρωπίαν
1268 2264 1310 2311 τοῦ
1331 2259 1491 2328 γράμματος,
1506 2257 1579 2309 ποῖόν
1600 2275 1655 2308 τινα
1675 2254 1724 2326 χρή
1746 2257 1852 2327 νομίζειν

237 2329 342 2396 θθθθθῑθ
355 2329 435 2399 leym
450 2328 463 2380 θ
478 2329 577 2389 θίῑίῦίῖἱ
591 2329 628 2380 θϊῑ
640 2327 654 2379 θ
667 2329 803 2398 λίυσῡλθῠς
818 2327 894 2379 ἔδωκέ
912 2347 954 2398 μῦῑ
967 2327 1022 2388 ῖῡθς
1068 2336 1133 2390 εἶναι
1143 2338 1248 2398 Μειδίαν
1263 2337 1305 2390 τδν
1320 2335 1539 2406 καταφρονήσαντα
1550 2339 1594 2387 τοῦ
1607 2337 1699 2404 νόμους
1850 2383 1855 2394 ,

237 2411 380 2480 στεφάνους,
396 2408 436 2460 διά
452 2410 523 2461 τοῦτό
536 2427 607 2476 φησιν
622 2409 660 2460 ότι
675 2407 696 2460 εἰ
710 2407 753 2477 μὲν
778 2408 832 2476 παρ’
847 2406 944 2467 ἑκόντος
964 2405 1022 2457 ἔλα·
1104 2417 1167 2479 530,
1184 2433 1211 2471 υ.
1227 2416 1288 2486 [ίσιρ’
1305 2413 1340 2468 ὧν
1359 2415 1389 2468 τά
1402 2414 1557 2484 ἀνδράποδα]
1574 2414 1655 2465 Πάλαι
1668 2413 1716 2484 γὰρ
1735 2413 1779 2466 ούκ
1800 2413 1852 2480 ἐξῆν

237 2490 291 2550 όες,
316 2487 453 2550 ἀκίνδυνον,
474 2486 494 2538 εἰ
513 2486 538 2538 δέ
554 2487 594 2555 βίᾳ
615 2486 670 2557 παρ’
685 2487 801 2551 ἄκοντος,
823 2489 875 2547 τοῖς
889 2486 1023 2546 διπλασίοις
1067 2493 1182 2561 Ἕλληνα
1194 2493 1258 2548 εἶναι
1270 2495 1370 2560 δοῦλον,
1386 2493 1452 2545 ἀλλά
1470 2495 1598 2564 βαρόάροις
1613 2492 1754 2562 ἐκέχρηντο.

237 2568 366 2628 θπῑθθυνοε
376 2568 533 2632 καθέσῑηκαί·
1104 2573 1169 2635 530,
1184 2577 1209 2636 [ς.
1225 2572 1283 2624 Ὅτι
1298 2572 1358 2625 εἰσίν
1369 2571 1494 2638 Ἕλληνές
1504 2575 1585 2642 τινες]
1598 2571 1669 2623 θύτω
1683 2575 1727 2623 τοῦ
1739 2570 1854 2624 πλασθέν-

273 2649 338 2712 528,
352 2649 395 2700 23.
411 2647 456 2698 ίίαί
468 2645 507 2698 τ’σν
521 2645 563 2714 μὲν
576 2645 703 2696 πεισθέντα
716 2643 793 2715 ἰδίας]
808 2645 870 2714 Πρδς
882 2644 924 2696 τὀν
935 2645 1022 2714 θεσμο-
1068 2669 1108 2710 τος
1121 2652 1250 2720 προσώπω
1263 2651 1375 2702 δοκοῦσίν
1388 2649 1412 2701 οί
1424 2649 1506 2719 λιίφον,

237 2727 308 2793 θέτην
322 2727 363 2779 καί
380 2727 422 2778 τὀν
436 2725 552 2796 πρόεδρον
566 2723 726 2776 ἀποτείνεται.
1105 2729 1169 2793 530,
1188 2747 1214 2798 7.
1230 2728 1277 2780 Καὶ
1297 2729 1365 2798 φύσει
1383 2733 1426 2794 τῆς
1443 2727 1501 2798 πρδς
1520 2725 1585 2797 ημᾶς
1597 2725 1704 2796 ἔχθρας]
1723 2725 1793 2778 Ἐπὶ
1811 2728 1853 2796 μὲν

274 2805 339 2870 5υ8,
354 2810 397 2867 26·
411 2803 460 2854 'l'bv
474 2803 602 2872 βῑαῦθέθτα
611 2804 621 2869 ί
630 2801 689 2871 Πῑρέ
703 2801 776 2852 αθῑθθ
789 2803 831 2852 θῦν
844 2797 984 2852 αίίίῐῖῑταῑ-
1068 2815 1141 2860 τοῦτο
1154 2807 1247 2872 κοινδν,
1261 2806 1381 2872 αθξήσεως
1393 2807 1419 2859 δί
1431 2808 1502 2859 ἕνεκα
1515 2805 1640 2872 εἴληπται.
1678 2804 1762 2856 Διτταί
1775 2806 1803 2857 δέ
1823 2805 1855 2858 εἰ·

274 2883 339 2943 528,
357 2883 400 2934 25.
415 2882 502 2949 Διόπερ
514 2880 556 2931 καί
566 2883 610 2944 τῆς
621 2878 711 2948 θόρεως
726 2878 817 2950 αθτῆς]
834 2875 911 2948 Ὅπερ
928 2877 979 2928 ἀνω
991 2877 1022 2928 δι’
1068 2904 1106 2936 σιν
1121 2885 1146 2936 σιί
1168 2884 1269 2954 ἐχθραῑι
1292 2882 1367 2954 ἥθ’ἓν
1382 2882 1408 2936 ἐκ
1426 2885 1534 2954 θύσεως»
1556 2882 1571 2948 θ
1592 2881 1619 2934 δέ
1639 2880 1665 2932 3²
1684 2883 1852 2951 θθθθιθόθωῖ·

238 2961 389 3030 αἰνιγμάτων
402 2957 547 3021 ἐπεδείκνυε,
561 2961 633 3009 τοῦτο
648 2961 689 3008 νῦν
704 2963 784 3026 σαφῶς
794 2957 892 3023 ἔθηκεν,
905 2958 943 3010 δτι
957 2959 1023 3010 πᾶσα
1069 2965 1116 3017 ίίαί
1128 2964 1177 3036 γὰρ
1188 2965 1229 3016 καί
1240 2963 1319 3034 φιλίαι
1333 2960 1379 3015 είσί
1390 2962 1483 3025 λίπαί,
1498 2959 1513 3027 ἥ
1528 2959 1571 3032 μὲν
1580 2960 1648 3029 φύσει
1659 2959 1718 3028 πρὸς
1730 2961 1787 3023 τώς
1799 2979 1855 3030 qq.

238 3040 303 3109 θθρῑς
320 3038 439 3107 δημόσιόν
459 3035 523 3088 ἐστίν
538 3035 695 3106 ίθθίόθίίαί·
734 3035 766 3088 E?
784 3035 832 3106 γὰρ
853 3038 926 3089 πᾶσιν
948 3035 1024 3097 ἔξεστι
1068 3047 1161 3116 γενεῖς,
1174 3043 1190 3109 ἡ
1204 3042 1230 3096 δέ
1242 3039 1269 3094 ἐκ
1280 3045 1323 3096 τοῦ
1337 3042 1521 3112 παρατυχόντος
1534 3039 1709 3109 συμὸαίνουσιι.

238 3118 385 3188 κατηγορεῖν
407 3119 451 3168 τού
465 3115 592 3185 ύόριστοῦ,
612 3114 736 3184 πρόδηλον
753 3115 791 3166 ότι
814 3113 896 3166 κοινδν
910 3113 1023 3168 ἀπάντων
1105 3123 1224 3186 530,1o.
1239 3119 1314 3173 Ἀλλὰ
1327 3120 1404 3190 ν6μον
1417 3118 1541 3190 δήμωίᾳ]
1552 3117 1645 3169 Τοῦτόν
1659 3135 1743 3185 φησιν,
1753 3117 1782 3168 ἣν
1794 3117 1854 3186 pai

238 3197 267 3250 εδ
282 3195 406 3267 ἔγκλημα.
444 3193 491 3245 Kal
499 3193 615 3258 πεποίηκε
628 3189 672 3256 τήν
686 3193 753 3262 θόριν
766 3190 819 3244 ίσον
828 3193 880 3252 τοῖς
892 3193 974 3262 φόνοις
983 3193 1024 3246 καί
1068 3203 1153 3271 χεῖρας
1168 3200 1230 3270 ἔχω,
1267 3199 1449 3270 Οὗχαρζζομνι
1460 3199 1512 3258 τοῖς
1525 3195 1625 3266 λόγοις,
1640 3192 1804 3264 ἀναγινώσκω
1813 3195 1855 3256 τὶς

239 3277 325 3336 πάσαις
336 3269 472 3342 ίεροσύλαις
487 3271 528 3324 καί
543 3271 597 3332 ταῖς
614 3271 753 3340 προδοσίαις
766 3269 807 3321 καί
823 3271 875 3330 τοῖς
889 3269 1022 3336 τοιούτοις,
1069 3280 1206 3342 amasam
1223 3277 1276 3348 ἔχω
1289 3277 1394 3344 πλησίον
1408 3277 1450 3329 τὸν
1466 3275 1583 3345 ἔλεγχον,
1594 3273 1667 3325 ωλτδν
1680 3273 1734 3338 ήκω
1745 3276 1854 3344 κομίζων

240 3352 275 3422 ἐφ’
287 3349 323 3404 ὧν
338 3349 414 3412 {Em
426 3347 499 3402 παντὶ
512 3353 547 3420 τῷ
561 3347 704 3418 βουλομένῳ
719 3348 877 3416 θαῗθίοθῑῖί·
1068 3359 1111 3412 τδν
1124 3359 1210 3427 νόμον,
1226 3357 1270 3408 ούκ
1284 3354 1405 3426 ἐφθόνησα
1416 3353 1474 3426 ύμῖν
1486 3358 1529 3420 τῆς
1540 3356 1661 3424 γνώσεως.

277 3433 342 3497 528,
367 3433 411 3482 τό.
435 3428 470 3480 To
488 3429 584 3498 τίμημα
599 3425 711 3493 ἐποίησεν
731 3426 796 3496 όλυν,
813 3427 948 3497 δημόσιον]
971 3427 1025 3487 ίίῶς
1106 3435 1170 3498 530,
1193 3451 1235 3488 11.
1251 3433 1298 3484 Καὶ
1312 3432 1419 3494 πολλοίνς
1437 3431 1485 3500 ἤδη
1502 3429 1672 3502 παραθέντας]
1694 3428 1751 3482 ‘iva
1765 3431 1800 3500 μή
1822 3450 1856 3492 ῃ,

240 3510 352 3580 ἀνωτέρω
366 3507 487 3578 προειπὼν
508 3505 563 3557 «El
582 3505 603 3556 δ’
614 3503 664 3575 ἐγὼ
678 3503 721 3571 τὴν
743 3503 782 3558 ἐπλ
802 3510 850 3558 τῶν
868 3503 934 3560 ἰδίων
951 3508 1024 3560 δικῶν
1068 3511 1180 3584 θπολάὸγγ
1193 3515 1231 3565 ότι
1243 3512 1414 3582 φιλάνθρωπος
1436 3511 1479 3582 μὲν
1495 3510 1612 3579 όνόμσς,
1634 3509 1810 3578 mmai-omn
1830 3511 1856 3562 δὲ

240 3589 380 3650 πλεονεξίαν
391 3586 473 3657 ἀφεὶς,
491 3607 502 3636 ν
518 3589 559 3638 νῦν
572 3603 644 3656 φησιν
659 3586 697 3638 ότι
711 3584 808 3650 ἐποίησε
820 3585 849 3638 τδ
861 3587 955 3657 τίμημα
965 3587 1024 3639 όλσν
1069 3593 1110 3644 καὶ
1123 3593 1325 3661 καταφρονεῖται,
1337 3589 1406 3644 dm
1419 3590 1452 3652 ὡς
1462 3590 1561 3658 θανάτῳ
1573 3607 1607 3648 εις
1617 3586 1665 3652 ἤδη
1680 3587 1790 3657 ,παραδὺς
1801 3593 1856 3640 τώ-

240 3671 374 3740 δημόσιον;
390 3665 501 3719 ἐναντίον
516 3665 563 3736 γάρ
576 3667 604 3718 τδ
618 3665 699 3736 λέγειν
712 3667 751 3718 ότι
766 3663 820 3730 ἐξῆν
833 3664 923 3734 ύῖιρεώς
935 3685 976 3735 μοι
988 3667 1021 3716 δι·
1068 3691 1111 3724 0ον
1124 3671 1280 3723 κεκόλασται,

240 3750 369 3820 καζομένῳ
379 3747 496 3817 χρήματα
515 3745 651 3815 λαμόάνειν
663 3751 699 3815 τῷ
715 3749 756 3796 νῦν
773 3746 872 3814 φάσκειν
893 3745 931 3796 ότι
944 3744 973 3796 τδ
989 3745 1024 3797 τί·
1106 3751 1172 3812 530,
1191 3750 1232 3802 13.
1255 3749 1303 3800 ίίαί
1316 3749 1410 3801 συνεῖεν
1429 3746 1453 3799 σί
1468 3746 1603 3816 βάρόαροι]
1621 3741 1789 3814 ’Ᾱνοητότεροι
1808 3745 1855 3815 γὰρ

242 3847 312 3898 μημα
324 3833 372 3880 τῶν
382 3826 473 3895 θόφεων
485 3825 604 3895 δημόσιόν
617 3823 691 3877 ἐστιν.
733 3821 833 3889 Ῥητέον
846 3817 888 3874 ούν
900 3824 938 3875 ότι
949 3823 970 3876 εἰ
981 3824 1024 3896 μὲν
1069 3831 1110 3884 καί
1124 3825 1197 3896 ήττον
1209 3835 1257 3883 τῶν
1274 3828 1405 3895 Ἐλλήνων
1420 3831 1507 3894 νοῆσαι
1522 3828 1661 3897 δυνάμενοι.

241 3906 312 3968 αὐτὸς
323 3906 337 3957 ό
349 3905 433 3958 παθὼν
446 3906 577 3976 κατηγόρει
589 3907 632 3970 τῆς
645 3903 750 3973 ύόρεως,
762 3901 833 3964 αύτδς
847 3900 969 3973 ἐλάμόανε
984 3905 1025 3956 καί
1104 3909 1154 3962 Ούκ
1169 3911 1198 3961 ἀν
1212 3907 1312 3978 οἴεσθε]
1328 3907 1426 3973 Ἐπειδὴ
1439 3906 1486 3978 γάρ
1499 3906 1598 3978 φυσικδς
1615 3904 1724 3975 πόλεμός
1737 3905 1790 3957 ἐστι
1804 3909 1856 3968 τοῖς

242 3987 271 4039 τδ
283 3986 378 4055 τίμημα
392 3983 420 4036 τδ
433 3982 459 4035 ἐκ
471 3989 519 4035 τῶν
536 3983 627 4054 νόμων·
644 3981 664 4034 εἰ
677 3981 703 4033 δὲ
718 3981 798 4051 ἔτερος
810 3976 840 4048 ήν
854 3981 867 4033 6
885 3985 1024 4054 κατηγορή-
1071 3990 1199 4060 βάρὸάροις
1210 3989 1269 4058 πρδς
1280 3989 1335 4049 τοίις
1347 3987 1488 4053 Ἕλληνας,
1502 3985 1543 4038 κιίι
1555 3984 1595 4037 διδ
1606 3988 1679 4038 τοῦτο
1697 3981 1725 4035 οδ
1739 3984 1856 4053 θαρροῦν·

241 4083 299 4126 σθεν
315 4063 433 4133 &ww
460 4059 571 4131 ἐίίίθῑϊο
587 4061 615 4113 τθ
637 4064 678 4126 τῆς
701 4060 838 4125 καταδίκης.
881 4057 1026 4124 Ἀκολθθθως
1069 4085 1107 4128 τες
1121 4065 1290 4136 ἐπιμίγνυνται
1303 4068 1355 4128 τοῖς
1366 4065 1491 4131 Ἕλλησι,
1506 4063 1547 4115 διά
1564 4063 1638 4116 τοῦτό
1651 4079 1723 4133 φησιν
1743 4062 1782 4113 ότι
1799 4064 1856 4132 παρ’

241 4137 284 4194 σύν
303 4142 371 4196 εἶπεν
390 4143 428 4193 ότι
444 4141 506 4209 [τό]
518 4140 614 4210 τίμημα
633 4138 744 4204 ἐποίησεν
759 4138 819 4190 όλον
838 4140 968 4209 δημόσιον,
985 4141 1025 4194 διά
1069 4147 1127 4216 ὐμῖν
1142 4149 1224 4216 μόνοις
1237 4144 1280 4197 ούκ
1294 4146 1323 4196 ἀν
1337 4145 1466 4214 φοόηθεῖεν
1478 4143 1629 4206 καταλῦσαι,
1650 4141 1769 4211 μαθόντες
1787 4140 1857 4210 ύμῶν

241 4224 270 4278 τὸ
279 4224 402 4294 προειπεῖν
417 4224 456 4274 ότι
469 4221 510 4282 τὰς
523 4221 616 4292 γραφὰς
625 4219 714 4272 ἔδωκεν
725 4219 812 4272 άπαντι
822 4225 858 4290 τῷ
872 4219 1022 4294 βουλομένῳ.
1069 4223 1112 4290 τὴν
1124 4225 1316 4295 φιλανθρωπίαν.

279 4305 343 4374 509,
361 4321 383 4359 1.
399 4301 519 4373 Χρήματα
530 4303 552 4352 δ’
562 4300 590 4352 ού
604 4303 744 4370 προσῆκεν]
759 4299 792 4352 05
805 4301 859 4370 περί
871 4301 944 4354 αὐτοῦ
959 4303 1025 4373 λέγει
1107 4305 1172 4371 530,
1187 4309 1229 4368 τίς.
1243 4302 1390 4374 Προξένους]
1404 4301 1558 4371 ίίρσστάτσς,
1575 4299 1727 4371 φροντιστάς.
1740 4299 1797 4350 BY.

241 4389 284 4439 τοῦ
299 4385 433 4448 παθόντος,
447 4383 513 4436 ἀλλά
525 4389 572 4436 τῶν
587 4381 673 4444 ἔξωθεν
688 4381 898 4452 κατηγορούντων.
1107 4383 1171 4445 530,
1194 4382 1236 4434 15.
1258 4381 1306 4432 Τδν
1326 4381 1408 4433 τοίνυν
1422 4377 1455 4449 μὴ
1473 4378 1537 4449 παρὰ
1557 4381 1609 4439 τοῖς
1623 4375 1732 4442 Ἕλλησι
1757 4377 1856 4448 μόνον]

278 4468 345 4536 5υ9,
361 4483 387 4518 α.
407 4464 454 4521 ίίαί
468 4463 574 4535 τοσαύτῃ
585 4482 614 4532 γε
628 4461 750 4532 ἐχρήσατο
766 4461 904 4532 ύπερόολῇ]
927 4461 973 4513 ίίαὶ
986 4461 1026 4514 διά
1070 4461 1260 4532 Συμπεράσματι
1272 4462 1389 4530 κέχρηται
1397 4463 1441 4511 τοῦ
1453 4458 1584 4530 νοήματος,
1599 4455 1696 4527 μα’λλον
1707 4454 1734 4508 δέ
1744 4457 1787 4508 καὶ
1796 4456 1858 4524 δλης

241 4546 328 4600 τούτου
346 4548 389 4597 τού
401 4544 477 4613 νόμου
487 4543 606 4594 δείκνυσιν
618 4541 662 4594 ούκ
674 4539 739 4602 ἀξιον
751 4543 899 4610 συγγνώμης
911 4541 1024 4604 ίίίειδίαν,
1070 4544 1112 4606 τῆς
1124 4543 1324 4611 συγγνωμονικῆς
1337 4538 1487 4601 ἀντιθέσεως,
1498 4538 1591 4598 δεικνδς
1601 4538 1638 4589 ότι
1649 4534 1763 4604 ούδεμιτῖς
1771 4535 1859 4604 φιλαν-
1897 4559 1903 4570 ·

242 4625 308 4696 εἰπερ
316 4625 415 4686 καὶτοῖς
423 4623 546 4694 ύόρίζουσι
554 4621 609 4684 τοδς
619 4619 719 4681 δούλους
727 4621 828 4681 θάνατός
838 4619 901 4672 ἐστιν
911 4619 925 4686 ἡ
938 4622 1023 4691 ζημία.
1070 4619 1174 4690 θρωπίας
1184 4619 1248 4680 ἄξιος
1259 4617 1273 4670 6
1284 4617 1394 4678 Μειδίας.
1405 4617 1531 4669 BYTCV.

279 4709 345 4775 529,
362 4705 387 4760 3.
404 4703 481 4757 Ὥστε
499 4703 543 4756 κάν
559 4702 591 4764 εἰς
603 4701 692 4754 δοῦλον
706 4700 790 4773 ύόρίζῃ
811 4701 863 4771 τις]
878 4702 918 4771 Τῇ
932 4699 1027 4770 όμωνυ-
1106 4701 1166 4764 530,
1185 4701 1226 4752 ι8.
1239 4697 1270 4750 Εἰ
1284 4696 1327 4768 μὲν
1341 4698 1433 4759 τοίνυν,
1449 4693 1471 4749 ὦ
1488 4695 1572 4765 ἄνδρες
1592 4692 1727 4760 Ἀθηναῖοι,
1744 4697 1857 4764 χορηγὸς

244 4787 287 4856 μίηι
296 4786 427 4856 σοφίζεται.
447 4783 532 4855 Ὕόρις
540 4783 581 4855 μὲν
597 4782 645 4854 γάρ
654 4780 721 4848 καλή
737 4787 784 4834 τῶν
799 4781 912 4851 πληγῶν,
925 4779 990 4851 θόρις
1001 4781 1027 4834 δὲ
1069 4781 1124 4850 ὤν]
1140 4777 1267 4831 Ἐντεῦθεν
1279 4776 1402 4830 εἰσέόαλεν
1412 4775 1444 4837 είς
1456 4775 1485 4828 τδ
1499 4776 1557 4846 πρός
1570 4793 1609 4838 τι,
1622 4773 1772 4843 βουλόμενος
1786 4775 1856 4841 1355,-

243 4865 284 4917 καὶ
297 4863 312 4930 fi
325 4863 416 4935 αἰσχρά
430 4864 558 4928 συνουσία,
574 4863 629 4932 περὶ
640 4855 668 4928 ής
681 4861 695 4913 6
709 4861 842 4930 νομοθέτης
854 4859 930 4930 λέγει.
956 4859 1026 4912 θύτω
1070 4879 1111 4912 σαι
1125 4859 1153 4912 τδ
1168 4857 1300 4929 ἔγκλημα,
1316 4857 1358 4908 καί
1371 4859 1472 4926 γέγονεν
1485 4853 1619 4914 ἀκόλουθος
1637 4853 1652 4919 fi
1670 4851 1797 4922 εἰσαγωγὴ
1812 4859 1854 4906 τοῦ

244 4943 292 5014 γδρ
314 4941 408 5012 εἴρηκεν
426 4941 542 5012 Αἰσχίνης
555 4941 579 4995 ἐν
600 4947 634 5012 τῷ
651 4939 712 4993 κατὰ
729 4941 870 5011 Τιμάρχου,
892 4935 947 4992 ούδέ
964 4937 1026 4991 κατά
1070 4938 1212 5010 κεφαλαίου,
1250 4935 1282 4988 Εἰ
1291 4935 1429 5007 γάρότοίις
1440 4933 1651 5002 δούλουςύόρίζων
1666 4932 1709 4984 υύκ
1719 4933 1784 4994 ἀξισς
1795 4952 1851 5002 συγ-

244 5027 292 5074 τῶν
306 5019 406 5072 οἰκετῶν
418 5019 460 5081 τὰς
474 5019 575 5090 αἰσχρὰς
587 5021 697 5091 γίνεσθαι
710 5021 793 5090 μίξεις.
819 5019 857 5071 Τδ
872 5023 932 5089 γοῦν
947 5019 1026 5089 όνσμα
1070 5019 1186 5088 γνώμης,
1206 5015 1275 5085 πόσῳ
1300 5014 1425 5084 μᾶλλονθ
1443 5013 1485 5066 τδν
1510 5013 1622 5084 χορηγδν
1639 5013 1776 5078 τυπτήσειςς
1799 5013 1850 5082 ἔχει

244 5103 287 5164 τῆς
305 5098 395 5167 ύόρεως
414 5097 451 5151 ἐπ’
474 5098 615 5170 ἀμφοτέρων
636 5099 772 5169 λεγόμενον
795 5099 876 5152 ἀδειαν
896 5105 931 5170 τῷ
943 5097 1026 5169 ῥήτορι
1072 5097 1114 5169 μὲν
1132 5095 1231 5160 αύξησιν
1252 5093 1282 5146 τδ
1298 5095 1355 5163 πρός
1368 5113 1391 5146 τι
1404 5097 1448 5144 τοῦ
1468 5091 1636 5162 ἐγκλήματος,
1650 5091 1678 5144 οὗ
1703 5089 1751 5160 μὴν
1771 5090 1849 5156 ἀπήλ-

245 5185 288 5234 τοῦ
300 5179 404 5250 χρῆσθαι
420 5184 455 5250 τῷ
468 5179 597 5248 σοφίσματι
611 5179 726 5232 δέδωκεν.
1070 5178 1157 5229 λακται
1172 5180 1220 5230 τῶν
1240 5175 1354 5245 ἀγώνων.
1398 5171 1576 5232 Ἀποδεικτικῶς
1588 5171 1635 5241 γὰρ
1648 5169 1714 5242 αύτῷ
1726 5175 1848 5240 χωροῦσιν
