3934 6350
626 434 690 494 XX.
712 433 816 494 ΠΡΟΣ
837 432 1044 497 ΛΕῘῙΤΙΝΗΝ.
1659 462 1717 514 848

108 565 231 632 Λεπτίνην
247 564 290 618 τδν
303 565 398 635 νόμον,
416 564 473 616 ἀλλ’
486 564 613 632 ἀλήθειαν.
652 565 686 619 Ἢ
703 567 731 620 ού
746 567 822 638 λόγος
836 565 891 619 ἀντί
937 566 1046 630 οἰκείως·
1063 569 1102 623 ἀεί
1115 571 1163 642 γάρ
1174 574 1215 626 καί
1232 579 1280 628 τῶν
1293 581 1383 648 καιρῶν
1401 578 1442 630 καί
1461 583 1510 632 τῶν
1522 583 1658 652 προσώπων
1677 586 1719 638 καί

107 652 154 702 τοῦ
163 647 192 700 ού
200 647 305 718 φροντίς.
319 647 401 698 TCV.
935 652 984 700 τῶν
996 655 1085 719 χρειῶν
1098 652 1138 702 δεῖ
1149 655 1322 722 στοχάζεσθαι.
1364 655 1462 724 Ἐπειδὴ
1474 659 1579 714 Πλάτων
1589 662 1630 714 καί
1643 663 1719 715 άλλοι

146 726 222 788 Λύτδς
233 726 312 796 θέτω]
326 723 408 785 Οθτως
418 721 528 784 έδίξαντό
542 740 620 787 τινες,
636 723 675 777 δτι
693 724 824 784 ύπιύθυυον
836 725 891 778 έαυ·
935 726 1027 780 πολλοί
1039 730 1081 782 καί
1098 728 1142 796 τήν
1160 729 1307 804 ὀλιγαρχίαν
1326 735 1367 787 καί
1379 734 1424 801 τὴν
1442 739 1567 793 πολιτείαν
1581 739 1626 806 τήν
1642 745 1719 796 Λακε-

107 807 154 862 τδν
173 805 326 871 καταστήσας
343 804 476 874 κυρωσάτω
490 803 532 856 τ’σν
553 801 655 869 ἑαυτοῦ,
675 803 697 858 εί
719 807 805 876 θαρρεῖ
815 806 889 877 αύτῷ.
935 806 1069 877 δαιμονίων
1083 813 1126 876 τῆς
1139 811 1303 882 δημοκρατίας
1317 815 1472 884 προκρίνουσι
1490 817 1531 870 καί
1545 821 1588 885 τῆς
1601 821 1656 891 παρ’
1671 819 1719 874 ἐτέ-

106 889 194 940 ch,
774 897 776 904 ’
936 903 985 954 ροις
996 886 1095 955 κρίσεως
1109 887 1291 960 ἐμνημόνευσε,
1305 892 1412 962 μάλιστα
1434 893 1476 965 μίν
1491 895 1616 960 ἀποδείξας
1627 896 1652 950 έν
1665 902 1718 960 τοῖς

146 964 208 1027 488,
218 967 245 1016 6.
260 959 374 1033 Ἐμολδ’,
385 957 407 1016 ῶ
417 961 502 1031 ἄνδρες
515 960 653 1034 Ἀθηναῖοι]
668 961 769 1018 Ἦθικδν
782 964 825 1036 μέν
835 985 892 1038 τογ-
935 965 1038 1033 πρώτοις
1058 966 1194 1034 καλλίστην
1209 966 1254 1035 τήν
1271 971 1452 1042 δημοκρατίαν·
1470 973 1525 1027 εἶτα
1538 976 1580 1028 καί
1602 976 1631 1030 τό
1654 977 1716 1031 κατὰ

107 1043 182 1113 χάνει
196 1041 225 1096 τδ
240 1040 364 1112 θννόημα,
374 1040 521 1111 προσείληφε
530 1040 556 1094 δέ
568 1041 609 1094 καί
620 1042 649 1094 τδ
662 1045 758 1114 πικρόν.
795 1045 830 1097 Τδ
844 1045 892 1116 γὰρ
937 1046 1112 1115 συγχώρησιν,
1128 1046 1150 1100 εί
1161 1047 1208 1118 ἀρα
1219 1049 1262 1102 καί
1275 1051 1337 1104 κατὰ
1349 1049 1392 1104 τδν
1403 1052 1525 1124 λογισμόν
1540 1053 1622 1108 ἐκεῖνα
1631 1059 1717 1127 φανείη

109 1120 145 1192 μὴ
160 1119 323 1190 ἀνεγνωκέναι
332 1118 413 1189 λέγειν
427 1119 483 1180 τοίις
493 1119 606 1182 δόλωνος
615 1121 746 1192 νόμους,ἣ
762 1120 795 1193 μή
811 1126 891 1177 συνεῖ·
938 1123 1045 1193 βελτίω,
1066 1125 1124 1178 ἀλλ’
1143 1123 1186 1180 ούν
1207 1147 1237 1200 γε
1264 1129 1341 1200 τύχης
1368 1131 1440 1184 ἕνεκα
1458 1131 1489 1186 τίι
1506 1138 1555 1186 τῶν
1585 1132 1717 1202 ’Λθηναίων

56 1229 63 1246 .
107 1219 167 1264 ναι,
182 1198 225 1252 ούκ
233 1198 389 1264 ἀπήλλακται
397 1201 441 1250 τοῦ
454 1197 598 1265 πληκτικοῦ.
612 1201 692 1254 TCV.
935 1203 1046 1273 κρείττω.
1058 1207 1140 1262 TCV.

147 1282 208 1344 488,
227 1298 253 1350 7.
268 1278 315 1330 ίίαί
331 1297 372 1348 μοι
388 1277 446 1348 πρδς
470 1277 599 1351 Διός]Τῷ
612 1277 666 1345 ήθει
679 1279 788 1343 δελεάζει
806 1280 889 1336 αύτόν.
971 1287 1032 1350 489,
1059 1287 1085 1339 8.
1110 1285 1172 1338 Λύτδ
1186 1285 1234 1357 γάρ
1248 1290 1320 1339 τοῦτο
1334 1293 1446 1358 πρῶτον,
1468 1291 1544 1343 δνῦν
1562 1287 1629 1344 ούτοι
1645 1293 1716 1360 ποιή-

1 1361 2 1364 ’
106 1360 190 1411 TCV.
934 1365 1019 1430 σουσι]
1043 1363 1235 1435 Συγκρουστικδν
1258 1368 1354 1438 νόημα·
1379 1367 1506 1438 παροξύνει
1528 1370 1576 1442 γάρ
1602 1372 1657 1434 τούς
1681 1375 1717 1424 δι-

147 1439 209 1503 488,
226 1439 251 1491 8.
273 1433 308 1487 ’ίί
324 1433 368 1488 ούκ
381 1433 544 1505 ἀνεγνωκέναι
557 1434 612 1497 τούς
624 1433 738 1497 Σόλωνος
750 1436 854 1508 νόμους,
874 1437 889 1504 ἢ
934 1439 1024 1501 καστάς
1040 1440 1080 1492 διά
1097 1443 1190 1496 τούτων
1207 1443 1333 1513 ἐντεῦθεν,
1345 1444 1388 1499 ἵνα
1402 1447 1524 1516 βεόαιώση
1542 1449 1580 1500 ότι
1598 1444 1715 1512 ἤκουσαν.

108 1517 140 1570 ού
159 1511 368 1588 συνιέναι]”ίν’ᾖ
391 1515 420 1568 τδ
434 1514 477 1585 μέν
491 1518 535 1581 τῆς
553 1515 660 1586 φύσεως,
675 1516 704 1569 τδ
718 1515 800 1582 δέτῆς
822 1516 892 1588 ῥᾳθυ-
933 1517 1014 1572 TCV.
1511 1501 1516 1520 ι

109 1597 176 1666 μίας.
214 1595 252 1647 Ἢ
268 1594 315 1666 γάρ
329 1593 373 1646 ούκ
385 1592 491 1664 ἀνέγνως
502 1594 534 1645 δι’
551 1592 679 1664 ἀμέλειαν·
701 1592 723 1646 εί
737 1593 759 1645 δ’
771 1592 891 1666 ἀναγνούς
969 1601 1032 1667 489,
1050 1599 1092 1651 13.
1108 1597 1173 1653 Εἶτα
1185 1600 1226 1652 καί
1246 1602 1434 1672 Λακεδαιμόνιοι
1450 1609 1498 1658 τῶν
1519 1605 1562 1676 μίν
1580 1607 1715 1679 τοιούτων]

107 1671 408 1742 ούκένόησας,νωθήςεί
420 1673 573 1742 κατὰφύσιν.
585 1674 667 1727 TCV.
935 1675 991 1728 Τῶν
1014 1676 1075 1730 έθῶν
1092 1683 1141 1732 τῶν
1155 1680 1211 1750 παρ’
1231 1677 1292 1751 ἡμῖν
1310 1681 1352 1733 καί
1364 1684 1408 1748 τῆς
1424 1683 1557 1746 πολιτείας.
1595 1685 1666 1739 Θέλει
1690 1687 1717 1740 δέ

147 1757 208 1818 488,
220 1770 261 1809 10.
273 1751 380 1814 Ἐξεῖναι
388 1753 473 1804 δοῦναι
482 1750 623 1822 τάίαυτοῦ]
637 1751 802 1825 Ἐπιχείρημα
812 1753 838 1807 έκ
846 1758 890 1806 τοῦ
934 1751 1010 1806 εἰπεῖν
1022 1755 1061 1808 ότι
1070 1763 1158 1828 τιμῶσι
1169 1759 1211 1829 μέν
1227 1761 1424 1831 Λακεδαιμόνιοι,
1439 1760 1486 1832 ούχ
1497 1763 1588 1835 ὁμοίως
1600 1764 1626 1818 δέ
1639 1764 1712 1836 ἡμῖν,

109 1833 253 1893 ἐλάττονος·
271 1829 320 1901 ίδίφι
333 1829 381 1901 γάρ
394 1831 494 1892 ἕκαστος
505 1833 548 1884 τοῦ
562 1834 644 1884 κοινοῦ
663 1829 782 1884 ἐλάττων.
821 1834 890 1903 Λέγει
934 1831 1014 1898 έπειδή
1025 1833 1079 1888 οῦδὲ
1092 1836 1183 1908 ὁμοίως
1195 1837 1374 1892 πολιτεύονται.
1384 1841 1465 1896 TCV.

107 1911 184 1964 θὲθτι
196 1910 298 1976 ἀτοπον,
312 1909 358 1962 είδ
373 1908 511 1980 μίνΣόλων
526 1909 633 1970 ἐξουσίαν
645 1908 682 1961 ένί
694 1909 788 1982 ἑκάστῳ
801 1911 890 1964 δέδωκε
969 1915 1032 1982 489,
1057 1913 1099 1966 15.
1117 1913 1155 1978 ’Λς
1169 1913 1289 1977 ἀπεύξαιτ’
1304 1917 1349 1988 ἀν]
1372 1916 1416 1979 τάς
1428 1919 1484 1990 παρ’
1503 1917 1602 1973 ίκείνων
1626 1923 1713 1993 τιμάς·

107 1995 159 2044 τῶν
174 1988 276 2051 έαυτοῦ,
290 1989 321 2040 αδ
334 1985 416 2053 δὲτὴν
432 1986 503 2041 πόλιν
516 1985 561 2053 τὴν
577 1987 676 2058 μείζονα
694 1989 824 2058 στερίσκεις
840 1995 889 2044 τῶν
934 1989 1023 2059 σχεδδν
1036 1991 1084 2063 γὰρ
1097 1993 1207 2064 τυραννίς
1220 1992 1236 2060 ὴ
1249 1995 1319 2066 τιμή.
1333 1996 1414 2049 TCV.

108 2067 204 2134 ἑαυτῆς,
214 2069 296 2122 TCV.
969 2073 1032 2139 489,
1053 2088 1095 2140 17.
1108 2072 1156 2134 Τάς
1169 2071 1212 2143 μάν
1228 2074 1283 2126 καθ’
1301 2075 1404 2126 ἕκαστον
1419 2073 1502 2146 έάσω]
1516 2075 1645 2147 Σοφίζεται
1657 2079 1716 2150 πρὸς

145 2149 208 2210 488,
231 2162 272 2200 11.
299 2143 354 2214 Ούχ
372 2144 407 2196 ἵν’
430 2141 583 2216 ἀποστερήσῃ
595 2145 651 2206 τοῦς
664 2143 791 2215 ἐγγυτάτω
804 2148 887 2218 γένει]
933 2147 962 2200 τδ
976 2147 1121 2204 λυσιτελοῦν
1135 2152 1243 2205 ἅπαντα·
1260 2147 1323 2218 ήσαν
1340 2151 1389 2223 γάρ
1407 2153 1464 2223 παρ’
1486 2151 1585 2216 έκείνοις
1603 2156 1716 2226 στέφανοι

107 2231 153 2294 τῆς
172 2225 312 2298 συγγενείας
326 2224 367 2276 καί
380 2227 424 2278 τοῦ
446 2223 548 2294 κλήρου.
590 2223 705 2296 Ἐγίνετο
729 2225 776 2296 γὰρ
796 2226 837 2278 καί
850 2225 890 2278 διά
933 2225 975 2278 καί
984 2226 1098 2294 σιτήσεις,
1113 2231 1194 2300 ῶσπερ
1210 2230 1252 2282 καί
1260 2229 1317 2300 παρ’
1335 2229 1480 2298 Ἀθηναίοις,
1492 2233 1584 2302 σαφεῖς.
1597 2231 1678 2286 TCV.

107 2313 153 2372 τῆς
165 2307 255 2366 δύσεως
267 2309 316 2357 τῶν
332 2303 468 2375 Χρημᾶῖωί
483 2303 572 2372 048888
594 2301 715 2374 ww&
735 2307 767 2376 τῇ
784 2307 888 2378 γνώμῃ,
968 2310 1031 2377 489,
1054 2325 1094 2378 19.
1110 2309 1255 2380 Γερουσίαν]
1271 2309 1370 2380 Ὀνομα
1395 2309 1473 2380 ἀρχῆς
1490 2309 1554 2380 παρὰ
1568 2311 1716 2380 Λακεδαιμο-

109 2383 137 2438 εί
147 2404 177 2455 γε
190 2384 231 2438 καί
247 2381 281 2453 μὴ
295 2388 330 2454 τῷ
350 2383 416 2452 γένει
437 2381 614 2452 συναπτόμεναι
626 2381 830 2454 φιλοτιμήσονται
850 2384 890 2436 καλ
933 2382 1007 2448 νίυις,
1022 2383 1054 2446 είς
1067 2385 1097 2452 ἣν
1113 2384 1229 2457 ἔρχονται
1242 2386 1267 2438 οί
1281 2387 1362 2450 καλῶς
1378 2388 1499 2458 βιοῦντες,
1512 2387 1553 2439 καί
1566 2388 1677 2460 γέροντες
1690 2387 1714 2440 οί

109 2463 353 2535 εύεργετηθήσονται.
365 2462 447 2516 ch.
936 2464 1079 2532 μετέχοντες
1090 2463 1138 2518 ἀπδ
1147 2469 1191 2518 τοῦ
1200 2465 1282 2537 τιμίου
1291 2472 1340 2520 τῶν
1349 2465 1461 2534 ἡλικιῶν.
1473 2467 1554 2520 TCV.

146 2547 209 2607 488,
228 2559 269 2610 ι9,
284 2539 332 2591 ίίαί
346 2536 380 2610 μή
392 2536 505 2600 κάκεῖνος
515 2543 563 2592 τῶν
576 2539 656 2602 καλῶς
672 2540 824 2609 δοκούντων]
836 2541 890 2611 περὶ
969 2541 1109 2613 Παρασχὼν
1131 2543 1216 2598 έαυτδν
1231 2539 1285 2598 οίον
1305 2544 1372 2618 χρὴ]
1387 2545 1452 2618 παρὰ
1469 2547 1668 2616 Λακεδαιμονίοις
1683 2545 1716 2608 ῶς

108 2625 154 2676 τοῦ
167 2618 200 2691 μή
221 2618 303 2690 λέγειν
322 2621 402 2678 κακῶς
417 2615 460 2669 τδν
477 2616 607 2669 τεθνεῶτα.
623 2619 654 2672 Β.
673 2615 702 2670 ‘0
715 2617 828 2680 Σόλωνος
849 2620 890 2672 νό-
933 2618 1200 2676 πολιτεύονται.Τέίίί.

109 2720 156 2772 ρος
169 2699 319 2768 ἀπηγόρευσε
342 2695 399 2756 τοδε
417 2695 551 2756 τεθνεῶτας
567 2695 674 2758 ἅπαντας
692 2695 774 2766 λέγειν
796 2703 888 2762 κακῶς,
967 2705 1031 2772 409,
1048 2718 1094 2756 20.
1108 2701 1230 2768 Δεσπότης
1249 2701 1300 2756 ἐστὶ
1313 2707 1361 2755 τῶν
1373 2702 1493 2771 πολλῶν]
1507 2700 1562 2754 ἀντὶ
1575 2706 1618 2755 τοῦ
1630 2703 1715 2772 ἅρχων

108 2781 156 2831 κάν
170 2772 889 2848 lptssslnwsvebum*mffifflvssffitssssmffimcffiptssd-
933 2782 1051 2848 δεσπότης
1065 2779 1147 2842 εἶπεν,
1161 2777 1223 2841 ἔξού
1236 2780 1346 2852 ἐμφαίνει
1360 2781 1482 2836 δουλείαν.
1521 2781 1586 2851 Βαρύ
1597 2781 1623 2834 δέ
1636 2781 1716 2852 όνομα

109 2877 192 2928 μενος.
234 2853 263 2906 Ὁ
279 2855 305 2908 δέ
318 2869 408 2924 Ῥθσθίι
427 2850 493 2923 lm
513 2851 543 2904 ὼ
558 2858 636 2916 Μῶν
653 2855 739 2915 Μῖνι
781 2852 890 2920 Ἐκεῖνος
932 2859 997 2931 παρὰ
1014 2858 1176 2926 ’Λθηναίοιςή
1195 2859 1303 2914 δουλεία.
1343 2859 1385 2923 Ἐξ
1399 2859 1534 2931 ίλευθερίας
1549 2859 1597 2931 γίιρ
1610 2861 1625 2928 ἦ
1640 2863 1716 2934 δημο-

109 2934 154 3006 μίν
171 2932 220 3004 γίιρ
237 2933 308 3004 λόγῳ
323 2929 429 2995 κωλύει,
443 2930 473 2982 σύ
484 2929 510 2982 δέ
521 2931 562 2983 καί
573 2929 598 2984 έν
619 2929 713 3003 ἔργοις·
731 2929 842 2996 κάκεῖνος
862 2933 889 2986 ού
933 2941 1019 3011 κρατία
1037 2939 1193 3010 γνωρίζεται.
1203 2941 1284 2992 TCV.
1782 2924 1791 2944 ἀ

107 3013 166 3074 τῡλς
179 3012 279 3083 φίλως,
298 3009 356 3061 ἀλλ’
370 3008 453 3071 ἅπλῶς
469 3007 620 3080 ἀπθίίθίυθῑ
639 3008 671 3080 μὴ
688 3012 841 3082 δυσφημεῖν,
861 3013 890 3065 σίν
968 3023 1031 3089 489,
1042 3034 1088 3072 22.
1102 3017 1176 3072 Μετά
1186 3023 1234 3072 τῶν
1247 3017 1359 3088 ύμοίων]
1372 3015 1434 3088 μετίι
1451 3021 1499 3071 τῶν
1516 3016 1601 3070 ἀλλων
1624 3017 1714 3089 ἀρχόν-

107 3091 137 3145 a&
158 3091 201 3144 καί
221 3091 277 3153 τούς
299 3089 423 3161 εύεργίτας
436 3087 522 3150 αύτούς
540 3088 639 3151 ἀδικεῖς.
679 3088 846 3164 Ἐπιχείρημα
864 3093 890 3147 δέ
932 3115 991 3150 των.
1004 3097 1085 3150 TCV.

107 3173 162 3227 ἔστι
174 3171 216 3225 καί
229 3170 288 3224 αύτδ
299 3169 326 3224 ίκ
338 3173 383 3224 τοῦ
394 3167 532 3230 ίλάττονυς.
543 3169 623 3222 TCV.
968 3177 1030 3244 489,
1047 3178 1092 3238 04.
1108 3173 1226 3244 Στίφανοι
1239 3171 1317 3226 δὲκαὶ
1330 3171 1456 3241 ἀτέλειαι]
1468 3171 1503 3225 Ού
1516 3173 1571 3235 τούς
1586 3175 1715 3244 στεφάνους

146 3254 209 3315 488,
231 3254 276 3313 04.
292 3248 342 3301 'nv
367 3247 436 3301 ούδίν
451 3245 551 3312 έκείνοις
568 3249 706 3320 προσῆκεν]
721 3254 774 3312 τοῖς
795 3249 889 3321 εύεργέ·
932 3253 1004 3319 ήτάς
1019 3252 1124 3319 σιτήσεις
1138 3251 1152 3304 ό
1164 3251 1283 3318 Λεπτίνης
1297 3249 1433 3323 ἐμέμφετο,
1447 3249 1513 3303 ἀλλά
1524 3247 1569 3318 τήν
1584 3249 1713 3320 ἀτέλειαν,

109 3349 173 3392 ταις.
190 3330 272 3382 TCV.
931 3331 974 3382 ίνα
990 3331 1063 3402 λυθῇ.
1078 3331 1159 3382 TCV.

145 3412 208 3472 488,
224 3413 269 3466 τό.
284 3407 351 3458 [ίάνυ
359 3407 441 3459 τοίνυν
454 3407 547 3477 σπουδῇ
560 3424 595 3467 τις
606 3404 774 3480 ἀπήγγειλεν]
788 3405 889 3462 Λντίθε-
968 3413 1030 3479 489,
1046 3413 1090 3462 06.
1105 3407 1152 3460 Kal
1164 3407 1232 3461 ταῦτ’
1245 3405 1369 3479 ἀμφύτερα
1382 3407 1460 3478 ὀρθῶς
1474 3407 1543 3480 ίχει]
1556 3408 1598 3461 καί
1613 3407 1644 3462 τά
1657 3411 1714 3482 παρ’

108 3490 148 3550 οίς
162 3488 226 3542 έστιν
236 3487 264 3541 ἐκ
277 3490 321 3540 τοῦ
332 3485 482 3555 έθους,όπερ
493 3483 559 3538 ίστίν
573 3485 682 3558 ἄγραφον
695 3487 816 3558 νόμιμον·
830 3489 890 3540 διαι-
932 3485 992 3558 ίημῖν
1013 3487 1054 3539 καί
1077 3485 1106 3539 τά
1125 3485 1234 3542 ἐκείνων.
1272 3485 1327 3548 Πῶς
1347 3486 1373 3539 δέ
1391 3485 1515 3539 διαθαλὼν
1534 3487 1586 3540 ἀνω
1601 3485 1646 3553 τήν
1665 3495 1713 3542 τῶν

109 3569 189 3638 ρεῖται
200 3565 249 3636 γάρ
259 3566 288 3618 τδ
300 3565 405 3635 νόμιμον
418 3562 451 3626 τίς
464 3563 573 3634 ἀγραφον
592 3564 634 3617 καί
650 3564 789 3636 ἔγγραφον·
806 3566 833 3620 ἔκ
846 3573 889 3620 τοῦ
933 3565 1130 3637 Λακεδαιμονίων
1145 3565 1269 3619 πολιτείαν
1290 3563 1394 3617 ἐνταῦθα
1412 3563 1520 3630 ἐπαινεῖς
1537 3563 1609 3618 Ἐκεῖ
1626 3567 1667 3638 μὲν
1682 3569 1715 3629 ῶς

107 3641 153 3699 οῦν
165 3646 274 3717 ἀγράφου
291 3643 430 3700 ἀντέπεσεν.
472 3642 608 3714 Ἐλίγομεν
621 3643 647 3696 δέ
659 3643 683 3706 ἔξ
697 3644 774 3716 ἀρχῆς
787 3645 888 3700 διπλοῦν
932 3643 990 3712 πρδς
1005 3641 1048 3708 τὴν
1071 3644 1157 3696 ἑαυτοῦ
1178 3645 1314 3714 συγκρίνων
1329 3643 1454 3696 πολιτείαν
1470 3643 1594 3709 διέθαλεν,
1611 3645 1714 3698 ἐνταῦθα

108 3725 176 3778 εἶναι
190 3724 248 3778 αύτδ
260 3723 289 3776 τό
301 3725 423 3794 νόμιμον,
442 3721 504 3776 κατά
519 3722 548 3774 τδ
563 3721 629 3786 εἶδος
645 3727 688 3790 τῆς
708 3723 795 3791 διπλῆς
810 3745 889 3796 πραγ-
932 3720 958 3773 δέ
975 3722 1008 3783 ώς
1028 3722 1086 3792 πρός
1106 3721 1151 3788 τήν
1165 3721 1244 3774 αύτῶν
1259 3721 1457 3790 Λακεδαιμονίων
1479 3719 1581 3775 ἐπαινεῖ.
1624 3723 1654 3775 Ἥ
1675 3725 1712 3776 εύ·

109 3807 222 3875 ματικῆς.
260 3801 353 3856 Ούκοῦν
371 3801 399 3855 τύ
410 3803 511 3856 διπλοῦν
529 3801 637 3868 ἐδήλωσε
657 3802 697 3854 διὰ
707 3806 751 3869 τῆς
764 3802 889 3866 ἀντεξετά-
932 3818 987 3851 ‘⁴0¹0‘
1002 3800 1043 3864 δέ,
1059 3800 1149 3870 φησίν,
1163 3799 1217 3852 ἕῑῑῗ
1233 3797 1259 3852 ἔκ
1277 3803 1320 3851 ῖῠῦ
1333 3795 1398 3850 ‘TW
1415 3799 1507 3860 πάντας
1521 3800 1577 3862 ἳῡίίς
1593 3801 1713 3871 ἄρχοντας

108 3901 170 3943 σεως
184 3887 233 3934 τῶν
244 3883 326 3952 νόμων
339 3881 380 3933 καί
393 3879 434 3931 διδ
444 3885 493 3932 τῶν
513 3878 601 3942 έξωθεν
620 3883 887 3952 παραναγνωσθέντων,
934 3877 1012 3942 ίσους,
1033 3878 1136 3932 ἐνταῦθα
1156 3877 1182 3931 δέ
1196 3877 1222 3930 έκ
1236 3879 1279 3930 τοῦ
1299 3877 1434 3948 λαμθάνειν
1454 3879 1510 3940 τοῦς
1536 3877 1613 3941 ἀξίους
1632 3884 1710 3951 τιμάς.

110 3961 144 4022 ὼς
159 3961 183 4012 οί
206 3960 249 4032 μέν
267 3962 431 4029 κατηγοροῦσι
455 3961 499 4011 τοῦ
515 3959 591 4028 νόμου
610 3962 654 4010 τοῦ
675 3958 806 4023 Λεπτίνου,
822 3961 847 4012 οί
864 3961 890 4013 δὲ
932 3954 1051 4008 Ούκοῦνό
1065 3955 1107 4017 τάς
1120 3955 1191 4026 τιμάς
1202 3955 1319 4025 ἀφαιρῶν,
1330 3953 1400 4018 οὗτος
1414 3953 1561 4027 ἀναιρεῖτὴν
1576 3956 1711 4010 πολιτείαν.

110 4041 268 4109 συμφωνοῦσι
282 4043 317 4108 τῷ
331 4037 493 4106 Δημοσθένει·
511 4036 616 4088 δείκνυσι
628 4035 655 4088 δὲ
675 4034 743 4090 ούδὲν
762 4030 835 4103 ήττον
849 4038 889 4090 διά
932 4036 1013 4089 TCV.

109 4122 158 4168 τῶν
173 4116 326 4169 ἀντιθέσεων.
364 4112 414 4179 Τήν
428 4112 531 4184 μὲνγὰρ
546 4111 604 4184 ύπίρ
613 4117 656 4168 τοῦ
668 4115 784 4168 Λεπτίνου
799 4119 886 4187 νόμου·
968 4119 1030 4184 490,
1048 4114 1074 4170 3.
1090 4113 1137 4166 ίίαί
1149 4111 1196 4185 μήν
1209 4113 1263 4184 περί
1275 4117 1356 4185 γετοῦ
1371 4113 1432 4185 μηδέ
1445 4112 1569 4185 θηθαίου]
1581 4113 1711 4180 Ζητήσειεν

82 4259 89 4266 .
110 4193 163 4246 ἔστι
175 4193 223 4264 γύιρ
236 4193 284 4246 ἀπδ
298 4196 341 4245 τοῦ
357 4192 469 4263 -νσμίμσυ
480 4191 522 4245 καί
535 4192 611 4259 αύτη,
625 4191 646 4246 εί
662 4193 702 4246 καί
716 4192 770 4255 ξένα
783 4196 825 4248 καί
839 4199 889 4250 Λα-
933 4193 962 4246 ίίν
976 4213 1012 4256 τις
1023 4195 1088 4256 τίνος
1104 4195 1177 4265 χάριν
1189 4192 1205 4260 ἡ
1218 4193 1336 4254 ἀντίθεσις
1355 4191 1410 4264 εἶχε
1426 4193 1487 4266 μετά
1501 4199 1549 4246 τῶν
1564 4195 1713 4266 Λακεδαιμο-

109 4271 203 4325 κωνικά
220 4271 262 4324 καί
281 4271 396 4340 θηθαίων
410 4271 440 4324 τά
453 4273 545 4343 νόμιμα
564 4269 628 4324 εἶναι
642 4273 719 4328 δοκεῖ.
756 4273 888 4346 θαυμαστὴ
932 4273 990 4327 νίων
1007 4273 1069 4344 ὁμοῦ
1079 4273 1120 4325 καλ
1133 4271 1268 4339 θηθαίους,
1282 4271 1307 4326 έν
1318 4273 1344 4325 δέ
1353 4275 1384 4343 τῇ
1393 4273 1462 4326 λύσει
1473 4273 1624 4345 διῃρημένως
1633 4272 1710 4344 λέγει.

110 4351 137 4403 δὲ
155 4350 170 4416 ἡ
188 4352 302 4422 μέθοδος·
319 4353 400 4422 ῶσπερ
412 4351 460 4423 γάρ
474 4351 641 4423 ἀλεγχομένου
655 4355 772 4408 Λεπτίνου
784 4357 825 4408 καί
841 4377 888 4427 μη·
933 4353 991 4406 Ὅτι
1000 4353 1041 4405 διά
1052 4351 1097 4418 τὴν
1112 4358 1161 4406 τῶν
1173 4354 1310 4422 προσώπων
1322 4355 1442 4420 ποιότητα
1453 4351 1497 4405 ούκ
1511 4349 1616 4418 ἠδύνατο
1633 4351 1713 4414 ίξετά·

110 4429 193 4498 δαμῶς
204 4429 475 4499 εύποροῦντοςλυτικῶν
484 4432 704 4503 παραδειγμάτων,
717 4433 781 4488 ούτω
790 4435 889 4506 μνήμην
931 4435 981 4493 ζων
991 4431 1139 4502 ἀμφοτέρους
1148 4429 1235 4485 εἰπεῖν.
1250 4432 1330 4486 TCV.

110 4509 240 4576 πεποίηται
249 4511 396 4562 Λακωνικῶν
411 4509 453 4562 καί
468 4509 593 4576 θηύαίων.
635 4507 665 4563 Ἦ
677 4511 703 4564 δέ
716 4511 784 4574 λύσις
799 4513 825 4568 έκ
836 4515 889 4566 δια·
967 4513 1029 4576 490,
1040 4515 1066 4574 4.
1084 4509 1179 4578 ’Λληθές
1189 4507 1281 4580 οἶμαι]
1293 4508 1321 4561 ού
1333 4510 1408 4580 μόνον
1418 4507 1510 4574 εἰπεῖν,
1521 4505 1587 4560 ἀλλά
1601 4507 1641 4560 καί
1652 4505 1713 4578 μετά

109 4589 198 4657 φορᾶς,
221 4589 259 4640 ότι
272 4585 348 4658 ούχή
363 4587 423 4653 αύτή
441 4588 554 4642 πολιτεία
571 4590 627 4660 παρ’
645 4588 706 4661 ἡμῖν
720 4591 761 4644 καί
781 4591 887 4655 ἐκείνοις.
933 4593 976 4656 τῆς
989 4588 1112 4656 ἀληθείας.
1125 4589 1206 4642 TCV.

110 4665 152 4728 Εἰς
165 4667 208 4719 δύο
221 4667 248 4720 δέ
269 4668 347 4721 διεῖλε
360 4669 403 4730 τάς
419 4668 514 4732 λύσεις,
529 4668 563 4731 εἷς
576 4689 601 4722 τε
616 4670 645 4723 τύ
658 4670 721 4723 κατὰ
741 4673 889 4743 Λακεδαιμο·
944 4715 946 4718 .
968 4672 1029 4738 490,
1042 4687 1070 4737 7.
1089 4667 1119 4718 Εἰ
1138 4667 1185 4738 ἀρα
1196 4665 1307 4728 εύξασθαι
1326 4668 1382 4734 δεῖ]
1394 4666 1430 4716 Δι’
1446 4661 1481 4717 ὧν
1495 4665 1639 4735 κατεύχεται
1657 4665 1713 4726 τοῦς

112 4744 175 4806 ’ίίῠυς
199 4745 331 4817 πρότερον,
361 4746 417 4802 εἶτα
441 4747 473 4809 είς
495 4749 524 4801 τδ
547 4748 609 4801 κατά
629 4748 749 4815 Θηόαίους
766 4751 887 4821 δεύτερον.
932 4747 1062 4819 πολεμίους
1075 4746 1108 4819 μή
1121 4750 1193 4819 τιμᾶν
1210 4747 1265 4808 τούς
1277 4743 1467 4817 εύεργέτας,διά
1481 4743 1574 4797 τούτων
1585 4745 1639 4805 τούς
1656 4743 1715 4814 ὁμο·

113 4821 212 4889 Ἐπειδὴ
227 4823 275 4894 γάρ
295 4827 337 4878 καὶ
352 4825 377 4878 έν
393 4829 448 4888 ταῖς
467 4828 565 4880 λύσεσιν
582 4822 612 4894 ήν
632 4847 667 4889 τις
684 4827 786 4900 διαφορὰ
797 4831 851 4900 περί
862 4849 888 4883 τε
931 4827 1019 4897 φίλους
1026 4828 1151 4898 προτρέπει
1162 4826 1258 4897 φεύγειν
1267 4829 1349 4890 τοῦτο,
1360 4825 1438 4879 ποιεῖν
1449 4823 1475 4876 δέ
1483 4823 1512 4876 τδ
1523 4823 1613 4894 έτερον.
1652 4822 1713 4893 Σφό-

109 4900 152 4964 τάς
165 4901 288 4964 πολιτείας
305 4904 347 4956 καί
363 4904 405 4966 τάς
423 4906 553 4971 ποιότητας
571 4912 618 4958 τῶν
640 4909 791 4975 προσώπων,
811 4906 888 4974 ήναγ-
932 4908 977 4976 δρα
997 4907 1023 4960 δέ
1037 4907 1129 4968 κακίζει
1141 4904 1185 4971 τὴν
1200 4905 1269 4976 φύσιν
1284 4909 1327 4958 τοῦ
1343 4905 1500 4975 πράγματος,
1521 4903 1582 4955 ὅπου
1596 4921 1625 4972 γε
1639 4901 1713 4972 ἀμφι·
1743 4931 1745 4937 ·

109 4983 187 5050 κάοθη
201 4983 300 5046 διπλαῖς
314 4987 367 5048 ταῖς
380 4987 506 5056 διαφοραῖς
517 4987 637 5056 χρῆσθαι,
653 4985 721 5055 ίτέρρ
737 4985 779 5054 μέν
790 4985 837 5056 γὰρ
851 4986 890 5040 ἐπί
932 4985 1036 5050 θάλλει,
1057 4985 1099 5038 καί
1116 4985 1155 5038 έπί
1180 4989 1228 5038 τῶν
1251 4983 1345 5054 έχθρῶν
1369 4983 1481 5044 εὔξασθαι
1501 4981 1622 5052 συμύῆναι
1642 4981 1710 5036 αύτό.

109 5063 327 5134 Λακεδαιμονίων,
347 5065 415 5137 ἑτέρᾳ
435 5066 461 5119 δὲ
482 5065 522 5120 ἐπί
543 5065 672 5133 Θηόαίων·
692 5067 733 5118 καί
752 5067 781 5119 τό
798 5065 888 5122 οἰκεῖον
933 5067 1071 5133 Τηνικαῦτα
1085 5065 1111 5118 δὲ
1129 5062 1214 5134 ἐχθροί
1227 5057 1289 5128 ἦσαν
1300 5061 1406 5130 θηθαῖοι
1417 5058 1512 5114 ἐπὶτῶν
1525 5059 1661 5124 Φωκικῶν,
1671 5061 1711 5114 ύτε

1 5183 2 5188 ,
110 5138 262 5196 ἀποδέδωκεν
283 5142 383 5216 ἑκατέρᾳ
407 5147 528 5212 ποιότητι.
570 5143 679 5198 Ἐοίκασι
697 5143 745 5215 γάρ
767 5145 825 5216 πρδς
846 5146 889 5217 μέν
933 5147 975 5200 καί
989 5145 1111 5206 Φῶιππος
1125 5138 1155 5210 ἦν
1169 5143 1205 5196 ἔτι
1216 5144 1341 5203 ταπεινός·
1358 5139 1420 5212 μετά
1436 5139 1483 5210 γὰρ
1495 5139 1525 5193 τά
1541 5138 1644 5192 Φωκικά
1657 5137 1711 5192 ίδο·

110 5217 230 5287 θηθαίους
248 5223 371 5292 δυσμενῶς
383 5223 466 5295 ἔχειν,
488 5225 546 5295 πρδς
566 5223 591 5278 δὲ
612 5224 668 5285 τούς
688 5225 890 5296 Λακεδαιμονίους
934 5225 975 5288 ξαν
988 5225 1029 5279 καί
1041 5224 1123 5295 φιλίαν
1136 5223 1189 5276 τινὰ
1205 5221 1286 5293 ἔχειν,
1301 5221 1341 5274 θτε
1351 5219 1392 5274 καί
1408 5217 1451 5286 τἠν
1474 5217 1602 5274 Ἐλάτειαν
1619 5218 1711 5272 Φίλιπ·
