4032 6094
686 431 722 492 X.
745 431 848 494 xm
869 429 1063 492 ΦΙΛΙΠΠΟΥ
1084 433 1118 491 Δ.
1646 444 1706 496 569

94 569 222 638 φέροντος,
240 565 281 618 καί
294 569 329 635 τῷ
342 563 437 634 αἰσχρῷ
448 561 551 616 ἐνταῦθα
563 565 768 634 προσχρώμενος,
784 565 877 626 δεικνύς
921 566 1117 632 καθεστηκότων.
1167 562 1214 617 ‘lv’
1233 560 1277 617 οθν
1295 563 1392 637 ἀφορμὴ
1406 568 1506 638 γένηται
1524 568 1589 640 αύτῷ
1607 569 1730 640 μοῖλλον1

94 647 157 712 ὅσην
170 643 289 712 αἰσχύνην
300 641 435 712 όφλήσουσι
447 642 489 694 καὶ
502 642 599 712 γέλωτα
612 642 807 714 ῥᾳθυμήσαντες·
823 643 878 697 εἶτα
922 643 1113 714 προτρέψασθαι,
1131 642 1195 694 ούτω
1209 641 1254 708 τήν
1269 642 1390 696 ἀντίθεσιν
1406 647 1596 716 μετεχειρίσατο.
1635 646 1705 713 Πλη·

95 724 144 778 ἀπδ
161 723 312 792 τῆςκρίσεως
323 725 367 774 τοῦ
380 719 498 790 πολεμίου
512 720 651 785 Φιλίππου,
664 722 702 774 δτι
712 721 878 783 ἐκεῖνοςούδέν
923 722 1001 789 ρόισας
1013 720 1039 772 δέ
1049 719 1078 771 τδ
1092 721 1211 790 συμφέρον
1224 722 1321 773 τοῦτοδ
1338 720 1507 793 ἀντεπήγαγεν
1524 723 1556 784 είς
1574 723 1643 775 λύσιν
1662 728 1705 790 τῆς

95 801 161 853 ἀλλο
175 821 200 854 τι
214 802 243 852 ἀν
256 799 349 859 εὔξαιτο
361 800 440 852 ποιεῖν
460 795 503 862 τὴν
518 798 600 850 πόλιν.
639 798 774 868 Πληριίισας
789 799 815 852 δέ
835 800 877 852 τδν
924 797 1080 862 ἀντιθέσεως,
1101 801 1284 868 προοιμιάζεται
1304 800 1391 854 λοιπδν
1405 801 1463 872 ύπέρ
1478 807 1521 855 τοῦ
1531 803 1609 856 ἀλλον
1622 805 1705 874 μέρους

96 879 213 950 ἐπίλογον
241 878 343 949 ἀρχεται
359 881 403 930 τοῦ
425 877 546 940 δυνατοῦ,
571 875 709 946 ἀνενεγκὼν
736 875 775 930 ἐπί
799 877 877 948 ἀρχὴν
923 881 966 929 τοῦ
985 879 1097 930 δυνατοῦ.
1135 877 1228 939 Σκοπθς
1244 877 1292 948 γάρ
1313 877 1378 950 αύτῷ
1393 879 1478 934 λοιπδν
1497 881 1605 934 ἐντεῦθεν
1623 881 1705 933 διαλε-

95 958 255 1029 ἀρχαιοτέραν
271 958 312 1010 τδν
325 956 415 1028 λόγον,
427 954 475 1008 ἀπδ
486 958 529 1020 τῆς
542 953 629 1016 λέξεως
643 955 731 1021 ταύτης
743 955 787 1021 τήν
799 955 877 1025 ἀρχὴν
923 956 1014 1024 χθῆναι
1024 955 1079 1025 περί
1093 958 1136 1020 τῆς
1147 955 1205 1025 πρδς
1220 955 1322 1024 βασιλέα
1332 957 1466 1025 πρεσύείας.
1505 959 1586 1010 Πάλαι
1604 959 1629 1011 δὲ
1645 979 1704 1029 προ-

96 1040 260 1108 ποιησάμενος
279 1040 325 1106 (p.
355 1035 484 1104 137,1)·
515 1033 610 1086 ιούδέν
631 1035 741 1099 πώποτε,
757 1031 779 1088 ὦ
796 1036 880 1104 ἀνδρες
924 1033 1062 1104 διῳκήσατο
1081 1032 1158 1102 ἑαυτῷ
1179 1031 1224 1098 τὴν
1245 1033 1300 1102 περί
1319 1033 1407 1086 τούτου
1426 1037 1511 1089 πειθώ.
1553 1035 1602 1107 Ἀφ’
1617 1033 1644 1088 ού
1658 1037 1706 1107 γὰρ

99 1139 110 1166 ι
131 1116 269 1184 Ἀθηναῖοι,
288 1120 337 1168 τῶν
350 1115 502 1185 πραγμάτων
516 1112 541 1174 ἐξ
558 1111 636 1182 ἀρχῆς
648 1112 808 1178 ἐνεστήσασθε
823 1113 878 1166 οῦδὲ
923 1111 1011 1182 ἤρξατο
1024 1112 1196 1182 συμύουλεύειν
1214 1111 1296 1174 αύτοῖς
1313 1113 1354 1164 καί
1367 1113 1522 1184 διαλέγεσθαι
1533 1116 1588 1186 περί
1599 1120 1642 1168 τοῦ
1654 1117 1706 1167 δεῖν

99 1191 434 1261 ικατεσκευάσασθεόρθῶς.
453 1211 464 1236 ι
481 1189 511 1240 Et
526 1189 552 1242 δέ
574 1189 615 1241 καλ
630 1191 834 1259 συμπαρομαρτεῖ
848 1192 879 1260 τῇ
924 1190 1038 1261 είσφίρειν
1060 1191 1101 1242 καί
1122 1192 1342 1253 κατασκευάζεσθαι
1373 1194 1511 1262 στράτευμα
1537 1194 1579 1245 καί
1604 1195 1707 1264 τριήρεις

97 1271 200 1342 ἐργασίᾳ
225 1273 269 1323 τοῦ
289 1268 422 1338 κεφαλαίου
441 1266 543 1330 τούτου,
558 1265 625 1336 λέγω
640 1270 684 1318 τοῦ
710 1266 829 1330 δυνατοῦ,
849 1266 879 1318 τδ
924 1269 1060 1331 καίίππους
1072 1269 1113 1322 καί
1125 1271 1171 1321 θσα
1184 1273 1300 1333 τοιαῦτα,
1315 1270 1389 1336 δῆλος
1401 1267 1432 1330 ἦν
1446 1271 1532 1324 λοιπόν
1548 1271 1588 1322 διά
1603 1271 1706 1337 τὴντῶν

97 1354 234 1422 συμφέρον,
254 1350 294 1404 καί
308 1350 447 1401 συννοεῖται
461 1349 514 1408 τοῖς
527 1347 682 1416 λεγομένοις,
702 1345 771 1398 ούδέν
786 1347 878 1416 θαυμα-
923 1347 1058 1416 χρημάτων
1080 1344 1210 1416 είσφοράν,
1233 1346 1274 1398 καλ
1302 1347 1384 1418 έτερον
1406 1348 1438 1398 δι’
1462 1347 1543 1418 έτέρου
1566 1349 1704 1418 προανύων.

97 1435 171 1485 στόν·
188 1431 288 1497 σύνηθες
301 1428 349 1500 γάρ
368 1427 434 1500 αύτῷ
455 1427 486 1480 τά
499 1427 619 1497 κεφάλαια
638 1427 744 1479 πλέκειν.
783 1425 840 1480 Ὅτι
854 1427 879 1480 δέ
927 1425 991 1480 ’ἀλλ’
1018 1427 1071 1481 ἐκεῖ
1098 1427 1141 1499 μὲν
1174 1433 1210 1498 τῷ
1234 1429 1315 1480 δοκεῖν
1340 1427 1505 1498 ἁπλούστερον
1535 1429 1706 1482 συνεόούλευεν

96 1513 239 1582 τῷδυνατῷ
251 1509 347 1580 μᾶλλον
361 1508 550 1577 προσκεχώρηκε
560 1505 637 1572 δῆλον
648 1504 675 1558 ἐκ
684 1512 732 1558 τῶν
743 1505 877 1576 ἐχομένων·
925 1505 1007 1568 αὐτοῖς
1026 1507 1256 1576 παρασκευάζεσθαι·
1286 1505 1504 1575 προκατασκευάζει
1531 1505 1558 1558 δὲ
1578 1504 1646 1558 ούδέν
1661 1500 1706 1570 ήτ-

98 1589 166 1650 εύθῦς
179 1588 227 1659 γάρ
242 1587 313 1640 ἔλυσε
331 1585 374 1638 καί
395 1583 580 1654 ἀνθυποφοράν,
597 1583 625 1636 ού
639 1584 687 1645 θείς
701 1583 744 1654 μέν
761 1583 835 1650 αὐτὴν
854 1583 880 1637 ἐκ
925 1603 968 1639 τον
982 1585 1061 1656 ἐαυτῷ
1080 1584 1124 1652 τήν
1149 1584 1258 1651 ἀνάγκην
1279 1589 1323 1637 τοῦ
1343 1585 1470 1650 πεισθῆναι
1490 1584 1576 1646 αύτοίις
1595 1586 1708 1656 περὶτῆς

97 1671 219 1738 φανεροῦ,
232 1665 345 1733 δηλώσας
356 1664 382 1718 δέ
399 1663 439 1716 διὰ
452 1669 501 1716 τῶν
516 1662 625 1715 λύσεων·
638 1661 713 1714 ’ἀλλὰ
727 1663 881 1732 δυνησόμεθα
924 1663 983 1734 πρδς
997 1664 1097 1733 βασιλέα
1111 1662 1246 1733 πρεσόείας.
1267 1663 1297 1714 Τί
1310 1662 1357 1732 γάρ
1367 1657 1397 1728 ήν
1410 1662 1544 1716 ύπόλοιπον
1558 1669 1636 1717 ποιεῖν
1653 1666 1709 1727 τούς

100 1747 221 1816 βοηθείαις
240 1747 365 1816 χρεόμενοι
388 1742 492 1796 κωλύειν
507 1741 611 1794 ἐκεῖνον.
652 1738 751 1806 Ἐπειδὴ
769 1740 817 1811 γάρ
834 1741 880 1811 πρδ
926 1740 1136 1812 ἀναγκαζομένους
1158 1741 1200 1812 μέν
1223 1743 1354 1811 παρέχειν,
1377 1739 1410 1810 μὴ
1435 1739 1537 1811 έχοντας
1561 1741 1600 1807 δέ,
1622 1744 1707 1808 ἢπει-

100 1827 203 1896 βραχέος
214 1824 336 1896 ἐχρήσατο
348 1823 373 1876 ἐν
388 1828 423 1893 τῷ
435 1821 499 1875 τέλει
510 1824 553 1886 τῆς
563 1821 656 1882 λύσεως
667 1824 710 1886 τῆς
723 1824 765 1873 τοῦ
775 1821 881 1891 νομίμου
927 1820 1008 1874 θέσθαι
1024 1828 1060 1894 τῷ
1074 1822 1240 1875 ύποδεικνύντι
1253 1823 1333 1891 ’πόρον
1357 1819 1447 1873 άλυτον
1469 1820 1510 1872 καί
1531 1821 1635 1891 ἀζήμιον
1656 1829 1709 1884 τοῖς

99 1904 256 1968 ἀντιθέσεως,
275 1906 318 1967 τῆς
332 1901 453 1972 λεγούσης
466 1901 518 1952 δεῖν
532 1899 606 1952 αιίτδν
620 1900 720 1970 γράφειν
736 1899 790 1970 περί
807 1899 881 1953 πολέ-
925 1899 1048 1966 πολίταις;
1074 1899 1182 1953 ἐντεῦθεν
1207 1899 1297 1970 ὁμοίως
1321 1897 1490 1970 ἐρρητόρευσεν
1513 1897 1600 1965 ἀκτῆς
1624 1899 1710 1961 λέξεως

101 2003 147 2054 μου
160 1983 286 2053 ήιήφισμα,
299 1982 425 2051 προτροπῇ
436 1979 485 2031 τινί
496 1977 641 2048 έπιλογικῇ,
660 1977 741 2046 λέγων
754 1983 762 2043 ζ
774 1995 801 2048 p.
820 1979 879 2047 137,
925 1979 1013 2046 ταύτης
1033 1978 1077 2045 τήν
1094 1977 1210 2044 ἐπιόολὴν
1232 1979 1394 2048 ποιησάμενος
1408 1982 1417 2038 ί
1424 1995 1451 2048 p.
1474 1977 1533 2042 138,
1550 1978 1583 2030 23
1593 1981 1620 2048 )·
1647 1999 1657 2027 κ
1674 1978 1708 2029 Tb

100 2066 135 2129 ό)
146 2063 198 2114 δεῖν
209 2059 428 2120 κατασκευάζεσθαι
437 2058 574 2127 στράτευμα
583 2057 625 2108 καί
636 2056 736 2118 ὁπλίτας
747 2057 788 2109 καί
798 2057 882 2118 ίππέας
929 2078 940 2106 ιι
957 2057 1000 2128 μέν
1012 2059 1109 2121 τοίνυν,
1128 2054 1149 2111 ὦ
1161 2057 1245 2128 ἀνδρες
1257 2055 1393 2123 Ἀθηναῖοι,
1408 2055 1467 2125 πρδς
1476 2055 1506 2108 τά
1523 2061 1624 2110 τοιαῦτα
1634 2057 1708 2125 όκνη-

100 2140 143 2193 καί
154 2140 270 2210 τριήρεις,
284 2137 324 2190 διά
337 2141 410 2190 τοῦτο
422 2137 463 2188 καί
476 2135 609 2206 προέλαῦεν
622 2134 649 2188 ἐκ
662 2139 705 2201 τῆς
714 2134 826 2201 είσθολῆς
837 2134 880 2201 τήν
929 2157 940 2184 ι
958 2142 1003 2206 φῶς
1015 2138 1159 2189 διακεῖσθαι.
1179 2158 1189 2186 ι
1206 2133 1271 2202 Αύτη
1290 2137 1332 2204 μέν
1351 2133 1415 2189 ἐστιν
1428 2133 1443 2201 ἡ
1461 2134 1559 2200 ιίσόολή
1575 2141 1617 2190 τοῦ
1631 2137 1709 2206 λόγου

100 2219 181 2271 λύσιν.
219 2217 265 2268 Kal
276 2225 318 2268 νῦν
333 2217 424 2287 δμοίως
435 2217 601 2286 φανερώτερον
611 2215 669 2285 πρδς
678 2213 722 2281 τὴν
736 2213 810 2280 αύτήν
821 2214 881 2268 ἀπο·
926 2219 969 2266 τοῦ
983 2216 1037 2286 περὶ
1051 2219 1093 2282 τῆς
1104 2214 1238 2285 πρεσύείας.
1280 2211 1417 2283 Ῥητορεύει
1430 2213 1456 2266 δέ
1469 2213 1509 2266 διά
1524 2218 1567 2267 τοῦ
1580 2217 1708 2286 προοιμίου

103 2299 209 2368 μάχεται
232 2295 329 2366 λέγων,
351 2316 362 2343 ε
385 2293 429 2346 ούκ
453 2293 532 2346 ἐνεστι
556 2293 677 2362 βοηθείαις
696 2295 837 2364 χρωμένους
854 2292 882 2346 ού
927 2291 1070 2364 αίτιιύμενος
1085 2295 1123 2346 ότι
1140 2291 1173 2364 μή
1195 2293 1325 2362 βούλονται
1346 2291 1441 2346 ἀκούειν
1462 2292 1516 2362 περί
1534 2289 1569 2346 ὧν
1588 2295 1616 2346 ἀν
1629 2293 1708 2365 λέγῃ,

104 2379 186 2431 «δέον
201 2396 225 2430 τι
240 2373 365 2446 πρᾶξαι.ιι
392 2373 439 2426 ίίαὶ
457 2372 535 2434 άλλας
549 2372 574 2426 δέ
599 2373 713 2434 ύπονοίας
740 2372 827 2437 έλυσε,
849 2371 881 2442 μὴ
927 2372 1171 2441 προκαταλαμύάνων
1192 2370 1270 2442 ἑαυτῷ
1291 2369 1333 2424 τδν
1357 2369 1478 2442 ἀκροατήν
1502 2371 1542 2422 καί
1562 2369 1708 2440 ἀναγκάζων

100 2457 265 2527 διαφθείρηται
287 2452 318 2506 τά
331 2453 464 2523 χρήματα,
486 2450 519 2522 μή
546 2451 626 2521 μάτην
644 2450 777 2522 ἀναλωθῇ,
797 2453 828 2503 δι’
847 2447 881 2504 ὧν
926 2451 1068 2519 πειθαρχεῖν
1086 2444 1122 2510 οἷς
1138 2451 1167 2500 ἀν
1182 2449 1253 2510 αύτδς
1275 2449 1445 2520 συμῖουλεόοι.
1484 2447 1548 2502 Εἶτα
1565 2449 1607 2502 καί
1622 2451 1708 2519 προσέ-

101 2533 156 2590 εῖπε
170 2536 222 2587 δεῖν
233 2533 320 2603 ταμίας
336 2531 478 2584 καθιστάναι
493 2529 534 2581 καί
555 2529 644 2599 λόγους
664 2530 798 2600 λαμύάνειν
818 2529 882 2600 παρά
928 2527 998 2588 πλεξε
1009 2529 1088 2600 τούτῳ
1101 2529 1139 2581 δτι
1150 2529 1191 2580 δεῖ
1203 2529 1426 2598 παρασκευάζεσθαι
1444 2527 1542 2592 αύτούς,
1555 2527 1598 2580 ίνα
1614 2527 1710 2581 ἀντιπε-

101 2619 150 2666 τῶν
173 2616 329 2682 στρατηγῶν.
366 2607 436 2662 Μετὰ
460 2611 537 2660 ταῦτα
555 2607 629 2661 πάλιν
650 2605 698 2660 ἀπδ
719 2611 763 2660 τοῦ
779 2609 882 2661 δυνατοῦ
928 2605 1013 2666 σόντος
1024 2607 1063 2658 ότι
1073 2607 1114 2658 καί
1125 2613 1174 2668 πιῖις
1183 2607 1285 2659 δυνατόν
1296 2607 1528 2678 παρασκευάζεσθαι,
1541 2605 1573 2678 μή
1586 2607 1709 2676 ύπαρχόν·

102 2689 230 2744 ἀντέπεσεν
244 2689 379 2748 ἀντίθεσις·
403 2685 478 2738 ’ἀλλὰ
496 2685 595 2756 χαλεπὰ
618 2685 659 2738 καί
677 2685 771 2756 ἐργώδη
788 2685 879 2756 λέγεις·
928 2702 977 2736 των
991 2685 1142 2755 χρημάτων,
1154 2685 1257 2755 εύχερῶς
1269 2685 1283 2738 ό
1293 2686 1349 2756 περί
1362 2689 1405 2739 τοῦ
1420 2685 1538 2756 βασιλέως
1556 2685 1651 2757 είσελθη
1665 2685 1709 2736 λό-

102 2769 268 2838 Δημόσθενες·
291 2765 355 2819 εἶναι
373 2764 400 2818 δέ
417 2763 492 2831 αύτὴν
516 2768 560 2818 τοῦ
578 2766 681 2817 δυνατοῦ
699 2764 777 2834 φαμέν
793 2764 833 2816 διὰ
854 2765 883 2818 τδ
929 2781 982 2832 γος.
1021 2763 1068 2814 Καὶ
1082 2771 1118 2835 τῷ
1132 2763 1275 2835 βουλομένῳ
1297 2764 1323 2817 δὲ
1342 2767 1471 2818 κατανοεῖν
1490 2765 1592 2818 πλείονα
1613 2765 1707 2817 τούτων

102 2847 267 2918 πραγματείας
277 2845 353 2898 είπεῖν
362 2845 403 2896 καί
417 2844 514 2904 πόνους.
551 2843 646 2913 Σχεδδυ
656 2841 703 2913 γὰρ
717 2843 746 2895 τδ
759 2842 791 2914 μὴ
801 2843 883 2914 ῥᾴδιον
929 2838 1037 2910 ἔγκειται
1048 2845 1079 2913 πή
1089 2841 1202 2912 ῥητορεία
1214 2846 1258 2894 τοῦ
1270 2843 1399 2912 προοιμίου
1413 2842 1499 2895 τούτου
1513 2847 1556 2896 τοῦ
1568 2843 1708 2912 κεφαλαίου·

105 2924 170 2978 εἶναι
184 2925 213 2978 τδ
228 2926 330 2995 πρᾶγμα
348 2923 477 2993 σημαίνει,
499 2921 528 2973 ού
548 2919 595 2992 μὴν
610 2920 766 2987 ἀπήλλακται
780 2927 823 2974 τοῦ
843 2942 883 2992 με·
928 2917 1105 2989 ύποδείγματος
1115 2921 1137 2971 δ’
1154 2921 1232 2972 ένεκεν
1247 2920 1344 2991 ἀπόχρη
1363 2941 1405 2991 μοι
1419 2921 1459 2973 καί
1473 2925 1557 2976 ταῦτα.
1596 2920 1668 2988 Λῆξιν
1685 2921 1710 2974 δέ

103 3006 183 3074 τέχειν
198 3005 239 3057 καί
256 2993 299 3056 τοῦ
316 3003 490 3072 συμφέροντος·
510 2999 551 3052 καί
570 3003 645 3053 τοῦτο
665 3001 786 3052 δείκνυται
804 3007 884 3071 σαφῶς
930 2995 1003 3048 ἔλαθε
1015 2997 1083 3049 τουτί
1102 2998 1131 3049 τδ
1150 2999 1279 3069 προοίμιον
1302 2997 1333 3060 είς
1351 2999 1441 3065 ταύτην
1455 2997 1499 3064 τήν
1522 2998 1593 3060 λέξιν·
1612 3021 1623 3048 ιι
1644 2999 1710 3052 τοῦτ’

103 3082 130 3136 ἐκ
153 3088 201 3135 τῶν
219 3083 324 3136 λύσεων.
362 3079 409 3132 Καὶ
424 3079 489 3132 ἔστιν
511 3078 527 3146 ἡ
547 3079 665 3140 ἀντίθεσις
679 3079 721 3149 (p.
738 3081 797 3146 137,
813 3095 847 3131 αα
862 3083 881 3146 )·
932 3095 943 3124 υ
960 3073 1006 3142 ήδη
1019 3079 1097 3129 πᾶσαν
1110 3075 1246 3148 ἐπιδέχεται
1257 3078 1415 3149 κατηγορίαν·
1434 3101 1443 3128 ι
1460 3077 1515 3131 εἶτα
1528 3084 1711 3152 προκατασκευῇ

107 3183 117 3209 ι
139 3159 169 3212 Et
183 3161 208 3213 δέ
222 3179 258 3232 τῳ
274 3161 345 3212 δοκεῖ
360 3162 437 3211 ταῦτα
452 3157 493 3210 καί
505 3158 613 3223 δαπάνης
633 3157 727 3222 πολλῆς
745 3159 786 3210 καί
802 3159 884 3211 πόνων
931 3153 991 3224 μετὰ
1002 3157 1075 3207 τοῦτο
1089 3158 1188 3224 χρῆται·
1209 3177 1219 3203 ι
1237 3153 1306 3224 ύμεῖς
1323 3157 1404 3207 τοίνυν
1420 3155 1470 3208 οὔτ’
1489 3155 1585 3209 ἀκούειν
1599 3159 1654 3228 πρίν
1669 3159 1709 3222 ἀν,

106 3263 117 3288 ι
134 3239 233 3292 πολλῶν
247 3239 288 3291 καί
305 3237 471 3308 πραγματείας
481 3235 560 3300 είναι,
575 3236 616 3288 καί
627 3236 684 3306 μάλ’
693 3235 769 3306 ὀρθῶς
780 3237 855 3293 δοκεῖ.
871 3259 881 3286 ι
933 3234 1037 3303 εθισπερ
1054 3237 1111 3297 νῦν,
1127 3231 1188 3284 αύτά
1199 3237 1264 3303 παρῇ
1278 3233 1308 3286 τά
1326 3235 1472 3304 πράγματα,
1485 3235 1541 3288 οὔτε
1556 3237 1712 3306 βουλεύεσθαι

104 3397 229 3466 λεπιίιτερα
242 3394 273 3447 τά
292 3394 482 3463 συμῦησόμενα,
500 3391 521 3444 εί
544 3391 577 3463 μὴ
594 3393 649 3453 τοίις
668 3393 766 3463 μικρούς
787 3394 886 3455 τούτους
930 3391 1142 3460 προδιοικουμένου
1156 3390 1197 3442 καί
1216 3394 1497 3460 προκατασκευάζοντος,
1510 3395 1562 3446 δεῖν
1582 3393 1712 3466 ἀνέχεσθαι

105 3473 146 3526 καὶ
158 3475 213 3534 τοῦς
225 3472 325 3542 ὀλίγους
339 3471 479 3536 ἐθελήσαιεν
491 3471 622 3540 ύπομεῖναι
633 3472 729 3533 πόνους.
768 3472 814 3523 Καί
822 3471 886 3523 ἀλλο
930 3469 1045 3540 λέγοντος
1057 3469 1099 3522 καί
1113 3469 1320 3538 συμόουλεύοντος
1336 3472 1389 3541 περί
1401 3475 1443 3536 τῆς
1455 3473 1580 3542 πρεσόείας
1593 3477 1636 3538 τῆς
1655 3473 1714 3544 πρδς

104 3553 130 3604 δέ
144 3571 166 3604 τι
178 3553 246 3623 μέρος
257 3551 310 3602 λύει
321 3552 364 3615 τῆς
378 3549 451 3614 αὐτῆς
462 3547 618 3613 ἀντιθέσεως,
636 3550 694 3618 ὅπερ
708 3550 736 3602 ού
748 3551 850 3603 τέθεικεν
860 3549 886 3602 ἐκ
931 3549 973 3601 τδν
988 3549 1084 3614 Μῆδον.
1133 3549 1167 3600 Tb
1188 3549 1364 3614 καταπλήττειν
1387 3549 1414 3601 δέ
1431 3551 1531 3615 αύτούς,
1552 3551 1713 3622 ἀπροαιρέτως

105 3635 148 3684 τοῦ
163 3632 317 3702 προφανοῦς,
331 3627 447 3698 ὥσπερέν
460 3633 495 3698 τῷ
508 3629 661 3693 Διοπείθους,
677 3627 761 3700 ἔκρυψε
775 3629 811 3692 δέ,
824 3630 886 3682 διότι
932 3625 1034 3695 ἔχοντας
1054 3625 1293 3695 παρασκευάζεσθαι,
1309 3629 1352 3690 τῆς
1374 3625 1447 3692 αότής
1469 3627 1552 3696 ἔχεται
1577 3627 1711 3698 ῥητορείας.

105 3709 149 3762 οῦκ
162 3705 192 3774 ἦν
203 3707 356 3778 εὐπρόσωπος
367 3705 421 3759 οίιδέ
435 3705 535 3766 πιθανός
548 3706 602 3758 οῦδὲ
616 3706 742 3768 δυνατδςό
759 3707 814 3776 περί
831 3707 886 3758 τού·
931 3706 1001 3775 Ὀσῳ
1013 3705 1061 3776 γὰρ
1073 3706 1102 3757 ἀν
1117 3701 1248 3768 ἐνδείξηται
1268 3702 1366 3772 μᾶλλον
1380 3703 1441 3773 μήτε
1459 3707 1715 3775 παρασκευαζομένους

106 3807 148 3841 του
164 3787 248 3857 λόγος.
285 3786 326 3846 Τίς
346 3784 394 3854 γάρ
416 3783 474 3854 ύπέρ
497 3783 633 3853 ἀλλοτρίων
647 3784 728 3836 είλετο
742 3785 885 3836 κινδυνεύειν
933 3784 993 3853 μήτε
1008 3783 1120 3852 πράττειν
1133 3779 1277 3842 ἐθέλοντας,
1291 3780 1401 3850 τοσούτῳ
1414 3779 1458 3846 τήν
1476 3781 1554 3833 αἰτίαν
1568 3783 1711 3853 τούτωνφα-

106 3865 148 3916 καί
161 3865 285 3928 δαπανάνις
303 3862 328 3914 αί
340 3864 422 3932 μέντοι
434 3879 464 3930 γε
478 3861 558 3920 λύσεις
570 3859 671 3929 ἔχουσαι
684 3861 736 3930 μεθ’
753 3859 844 3913 ἑαυτῶν
859 3861 887 3914 τδ
932 3863 1063 3931 νεφωτέραν
1071 3859 1253 3920 κατασκευάζει,
1266 3858 1332 3929 λέγω
1342 3859 1386 3924 τήν
1400 3866 1447 3912 τῶν
1458 3861 1593 3931 χρημάτων
1606 3861 1712 3926 ἐνδειαν,

106 3945 242 4013 ἀναγκαῖον
256 3947 304 3996 τῶν
318 3939 397 4012 ἐργων
409 3938 451 3990 καί
464 3941 606 4008 κεραννῦυαι
619 3935 662 4002 τὴν
674 3939 807 4008 πρότασιν,
823 3938 886 3991 είκό-
931 3940 965 3992 ίν’
983 3939 998 3991 ό
1011 3939 1065 4009 περί
1083 3938 1199 4008 βασιλέως
1215 3935 1348 3999 ἀκόλουθος
1361 3938 1437 4008 λόγος
1450 3937 1494 4005 τὴν
1507 3938 1586 4010 ἀρχὴν
1604 3939 1713 3994 ἐντεῦθεν

106 4017 705 4089 τωςτήνπαρρησίαντῷσυμδυύλιρπαρέχουσιν.
746 4015 888 4087 Ἐχρήσατο
932 4017 1008 4090 λάύῃ.
1048 4014 1079 4068 Ἡ
1093 4015 1119 4068 δέ
1142 4014 1243 4080 ἐπιβολὴ
1264 4015 1337 4083 αύτῖγς
1357 4020 1399 4082 τῆς
1419 4017 1567 4088 εἰσηγήσεως
1590 4019 1651 4090 μετά
1670 4017 1714 4084 τήν

107 4103 167 4170 γοῦν
181 4098 343 4168 θουκυδιδείῳ
361 4097 446 4158 λύσει,
461 4090 520 4166 ᾗπερ
535 4095 793 4164 όίίέσύιοςχριίιμενος
806 4097 887 4166 φαῖνε·
932 4093 1129 4165 προκατασκευήν
1150 4095 1192 4164 (p.
1211 4095 1271 4163 139,
1287 4097 1346 4164 τό)-
1368 4117 1378 4145 n
1399 4094 1457 4164 θδή
1477 4097 1564 4150 λοιπόν
1583 4095 1651 4162 ἐστι,
1673 4099 1714 4149 καί

107 4198 163 4241 ται,
175 4179 212 4229 ότι
226 4182 262 4248 τῷ
279 4175 321 4246 μίν
335 4177 417 4228 δοκεῖν
439 4173 497 4244 ύπέρ
511 4173 612 4239 ἀλλων,
626 4177 657 4244 τῇ
671 4174 696 4226 δὲ
711 4173 815 4245 ἀληθεία
830 4175 887 4245 ῦπέρ
937 4193 947 4220 ι
963 4173 1039 4226 πάλαι
1051 4171 1094 4242 μέν
1106 4171 1153 4224 ἔδει
1164 4172 1287 4243 διαφεύγει
1296 4172 1322 4226 δὲ
1331 4172 1386 4226 οὐδὲ
1397 4179 1449 4240 νῦν,
1463 4178 1535 4227 τοῦτο
1552 4175 1608 4244 ἐρῶ.
1624 4197 1634 4222 ι
1650 4173 1714 4230 Εἶτα

107 4253 221 4326 ἣμῶντά
235 4255 364 4324 γενόμενα.
400 4251 477 4318 Καλή
497 4251 566 4313 λύσις
583 4251 700 4322 ἐναργής·
718 4275 729 4300 ι
747 4251 768 4304 εί
784 4251 826 4322 μὲν
841 4256 888 4324 γάρ
933 4250 1004 4312 αύτδς
1023 4249 1100 4322 ἐαυτῷ
1112 4249 1156 4316 τὴν
1176 4249 1295 4304 ἀντίθεσιν
1315 4258 1422 4323 φανερῶς
1441 4251 1623 4322 σιινομολογεῖ,
1644 4252 1715 4306 ίναό

111 4359 122 4383 ι
140 4333 191 4386 ἐστί
203 4353 238 4396 τις
254 4330 442 4404 ἐγγυητήςήμῖν
458 4333 535 4395 θεῶν,
546 4330 574 4383 ού
588 4330 635 4401 γάρ
650 4329 782 4401 ἀνθρώπων
803 4351 832 4402 γε
850 4333 889 4385 οὗ·
932 4333 1007 4402 λόγος
1021 4331 1175 4402 εύπρόσωπον
1190 4329 1268 4400 ἀρχὴν
1282 4331 1323 4383 καί
1333 4330 1447 4396 εἰσβολήν
1458 4330 1626 4400 προσήκουσαν
1637 4331 1713 4402 λάόῃ.

111 4437 122 4464 ιι
141 4415 198 4474 δείς.
214 4435 224 4461 ι
241 4412 286 4464 ίίαί
298 4413 372 4466 πάλιν
386 4409 503 4480 προῖὼνό
517 4410 592 4478 λόγος
605 4411 693 4480 φησίν·
710 4432 720 4459 ι
739 4409 759 4462 εί
777 4410 803 4463 δέ
822 4413 890 4481 πρόί-
934 4412 975 4472 Τίς
995 4406 1068 4476 ούνίη
1088 4407 1270 4479 συνομολογίας
1294 4430 1304 4456 ιι
1326 4409 1423 4472 οθδενδς
1446 4415 1495 4461 τῶν
1518 4409 1616 4460 πάντων
1637 4409 1713 4470 ούτως

112 4515 122 4541 ιι
141 4510 203 4561 σμεν
223 4491 325 4550 ἅπαντες
344 4491 383 4542 ότι
404 4489 456 4557 όσῳ
473 4488 502 4540 ἀν
521 4487 641 4541 πλειόνων
659 4488 768 4560 ἐάσωμεν
796 4489 889 4542 ἐκεῖνον
937 4489 996 4550 κῶς
1011 4489 1145 4558 χρημάτων
1163 4487 1203 4538 δεῖ
1214 4489 1245 4556 τῇ
1257 4487 1328 4540 πόλει
1342 4487 1400 4558 πρδς
1418 4487 1505 4540 τὰνῦν
1524 4485 1623 4540 ἐπιόντα
1637 4489 1714 4557 πράγ-

112 4570 252 4634 ιγενέσθαι
271 4568 366 4638 κύρων,
382 4568 490 4636 τοσούτῳ
507 4567 672 4638 χαλεπωτέρῳ
685 4569 727 4620 καί
745 4568 890 4641 ἰσχυροτέρῳ
937 4585 1068 4637 ιματα.»
1108 4565 1140 4617 Ὃ
1157 4564 1205 4635 γὰρ
1222 4564 1352 4632 ἀντέθηκεν
1372 4566 1437 4638 αύτῷ
1454 4567 1468 4619 ό
1484 4565 1618 4635 ἀκροατής,
1642 4571 1715 4618 τοῦτο

112 4648 286 4718 ιχρησόμεθα
305 4645 395 4716 ἐχθριῖι.
423 4665 433 4694 ι
460 4643 517 4698 Ἐπὶ
530 4646 623 4707 τούτοις
640 4645 767 4700 ἀντέπεσεν
787 4647 835 4701 ἀπό
848 4653 890 4715 τῆς
934 4645 1064 4716 προλαδάιν
1077 4643 1240 4714 ὡμολόγησεν
1254 4643 1333 4706 αύτός.
1376 4645 1539 4698 Ἐνδείκνυται
1555 4645 1603 4715 γάρ
1617 4645 1657 4697 καί
1671 4644 1715 4710 τὴν

109 4727 224 4798 ἐργασίας
247 4728 290 4777 τοῦ
307 4725 471 4794 συμφέροντος
485 4723 587 4776 ύπόνοιά
610 4743 645 4786 τις
665 4725 741 4794 [τοῦ]
758 4719 889 4796 ἀναγκαίου
935 4725 1045 4794 ἀνάγκην
1058 4725 1098 4777 καί
1115 4723 1158 4789 τήν
1175 4725 1277 4792 χρείαν,
1295 4727 1337 4777 καί
1358 4728 1410 4797 περί
1425 4733 1472 4778 τῶν
1488 4726 1630 4796 μελλόντων
1646 4725 1714 4796 ἐκφο·

110 4806 200 4860 πάλιν·
225 4801 291 4856 ’ἀλλ’
313 4804 371 4856 όταν
390 4801 485 4872 ἀνάγκη
505 4803 605 4872 γένηται
620 4803 661 4855 καί
681 4802 716 4874 ἐφ’
738 4802 802 4874 ἡμᾶς
829 4805 890 4878 ἔλθη
935 4805 987 4869 δεῖ,
1001 4803 1044 4855 ίνα
1062 4802 1155 4873 ἀνάγκη
1179 4805 1268 4869 μείζων
1290 4807 1407 4875 γένηται,
1426 4807 1467 4858 καί
1483 4805 1612 4876 ἐκπλαγείς
1635 4811 1671 4877 τῷ
1689 4825 1715 4859 τε

110 4884 250 4946 Φίλιππος,
265 4883 363 4952 σῦφήςς
373 4885 446 4934 τοῦτο
461 4880 509 4951 γὰρ
524 4883 725 4946 κατεσκευάζετο,
741 4884 779 4935 δτι
788 4883 829 4936 καί
843 4885 891 4955 γὰρ
936 4885 1032 4954 μεγέθει
1043 4888 1091 4936 τῶν
1104 4885 1159 4937 τότε
1170 4887 1247 4937 όντων
1260 4885 1300 4936 καί
1314 4889 1345 4958 τῇ
1360 4887 1492 4956 προσδοκίᾳ
1505 4891 1552 4938 τῶν
1573 4885 1716 4958 μελλόντων

113 4961 156 5014 ἐάν
169 4961 260 5021 πάντας
271 4959 353 5032 λάῦη,
367 4959 403 5030 ἐφ’
416 4958 481 5030 ἡμᾶς
492 4957 555 5024 ἥξει,
567 4960 623 5012 τότε
638 4959 710 5011 αύτδν
724 4959 889 5032 ἀμυνούμεθα,
935 4963 949 5015 ὁ
962 4959 1080 5032 ἀκροατὴς
1090 4963 1179 5031 ταύτην
1193 4959 1269 5017 ούοαν
1283 4965 1360 5034 μόνην
1374 4967 1530 5034 καταδέξηται
1543 4965 1588 5034 τὴν
1606 4987 1715 5040 παραμυ-

111 5040 147 5094 θύ
162 5037 210 5110 μὴν
224 5037 384 5102 ούτωςαύτὴν
397 5035 468 5103 έθηκε
486 5041 627 5107 προφανῶς,
642 5037 700 5088 ἀλλ’
717 5037 771 5090 ἀντί
784 5043 825 5106 τῆς
838 5039 891 5111 ἀφί-
936 5041 999 5092 θίαν·
1026 5041 1090 5112 φημί
1107 5040 1132 5094 δέ
1154 5040 1198 5107 τήν
1225 5040 1284 5111 πρδς
1305 5041 1405 5110 βασιλέα
1424 5044 1561 5114 πρεσύείαν.
1600 5041 1664 5097 Εἶτα
1676 5045 1717 5097 καί

112 5119 170 5180 ξεως
179 5117 219 5169 καί
229 5121 272 5168 τοῦ
285 5115 366 5168 ἐλθεῖν
376 5113 459 5180 εἶπεν,
470 5116 529 5167 όταν
539 5113 674 5184 ἀναγκαῖον
685 5111 709 5186 ᾖ·
722 5116 750 5168 τδ
759 5115 806 5186 γάρ
815 5117 890 5189 ἀναγ-
936 5118 1063 5190 ἐπειδήπερ
1074 5119 1177 5190 ἔμελλεν
1191 5119 1338 5174 ἀντιπίπτειν
1350 5121 1416 5193 αύτῷ
1430 5123 1488 5193 πρδς
1500 5128 1586 5178 τοῦτον
1599 5124 1627 5176 τδ
1639 5123 1716 5192 λόγον

113 5198 185 5250 καῖον
199 5194 298 5247 δύναται
311 5193 398 5265 Ικοινόν
412 5191 477 5246 εἶναι
495 5192 535 5245 καί
555 5196 597 5260 τῆς
611 5190 696 5262 ἐφόδου
716 5193 756 5246 καί
772 5200 819 5248 τῶν
841 5198 892 5249 νυνί
938 5197 1055 5260 ἀντίθεσις
1067 5197 1169 5253 ἀπὸτοῦ
1183 5201 1302 5253 δυνατοῦ·
1324 5200 1388 5254 Ἀλλ’
1402 5203 1519 5258 ἀδύνατόν
1530 5203 1594 5258 ἔστιν
1606 5203 1717 5264 ίιπόπτοις
