4032 6094
536 404 600 464 xv.
624 404 725 464 ινιεν
746 403 823 463 ἰνιτ
843 401 982 462 vomax
1007 403 1259 464 νιενθννιιε.
1633 422 1689 471 ,sm

87 535 221 607 προοιμίου
232 532 460 604 προκαταλαμδάνει
468 531 511 586 τδν
523 531 644 603 ἀκροατήν
653 533 694 586 καί
704 531 816 602 βούλεται
828 531 883 584 λα-·
916 530 1060 600 βηθοήσειι,
1075 533 1172 602 φαύλως
1181 534 1222 585 καί
1234 533 1262 587 σύ
1274 535 1356 608 πολλῇ
1368 540 1398 608 τῇ
1408 536 1494 610 ῥώμη,
1511 536 1568 598 ἀλλ’
1580 539 1638 608 ἀχρι
1652 545 1695 592 τού

87 615 147 667 δεῖν
164 613 337 684 ὁμολογοῦντα
355 611 393 664 ύτι
410 611 506 676 ποιήσει
519 609 549 664 τά
570 610 793 682 συμόουλευόμενα·
814 609 873 662 ὥστ’
917 607 999 660 δοκεῖν
1018 607 1059 660 διά
1076 609 1190 678 βασιλέα.
1230 610 1300 664 Ούτω
1322 611 1368 681 μέν
1390 607 1432 666 σύν
1456 613 1503 668 ἀπδ
1524 619 1567 666 τού
1592 617 1694 668 δυνατοῦ

91 690 155 743 αύτδ
167 689 310 742 διοικεῖσθαι
323 686 363 740 διὰ
374 693 423 740 τῶν
434 689 477 740 δύο
489 686 588 740 ἰννοαῖιν
603 690 631 742 τό
642 707 668 740 τε
680 685 829 756 ἀνασχέσθαι
838 685 876 740 λέ·
916 683 959 750 τήν
979 685 1099 740 ἀντίθεσιν
1115 687 1209 742 ἰλυσεν·
1230 689 1279 742 ἀπό
1295 690 1321 743 δέ
1334 695 1378 744 τού
1389 694 1549 763 συμφέροντος
1562 711 1693 764 στοχαστι-

90 787 183 839 γοντος
196 768 238 820 καί
252 767 281 820 τύ
294 767 422 833 πεισθῆναι
433 768 485 828 τοῖς
496 766 639 837 λεγομένοις
656 766 708 843 έμα
725 763 872 835 καίπρέξαι.
916 770 964 826 κῶς
985 768 997 826 ί
1001 783 1027 836 p.
1046 770 1106 837 194,
1120 768 1164 832 3)·
1189 767 1239 820 Ούκ
1259 765 1318 820 οἰδα
1336 769 1379 839 μέν
1394 769 1415 822 εἰ
1437 771 1551 840 βοηθήσει
1569 773 1692 841 βασιλεύς,

90 850 113 900 F
115 849 177 902 ΥΤ.
915 845 1028 914 συμφέρει
1039 846 1061 896 δ’
1073 840 1157 917 ούντῆ
1166 847 1237 900 πόλει
1246 854 1339 918 γνῶναι
1352 851 1453 919 πότερον
1466 849 1624 904 ἀντιποιεῖται
1639 849 1694 904 Ῥο-

132 941 190 994 191,
204 928 230 986 ές.
246 921 317 974 Ἔστι
337 921 379 990 μέν
394 915 437 974 οἰν
448 921 475 974 έν
488 917 524 974 ὧν
537 919 589 992 ἰγὼ
603 922 712 992 νομίζω]
730 917 760 974 ‘fl
771 920 874 987 ἐπιόολή
915 922 974 975 δίων
984 923 1019 990 ,ῆ
1035 923 1074 980 ού.
1113 924 1142 976 Εἰ
1158 925 1206 996 γάρ
1218 926 1368 980 ἀντιποιοῖτο
1387 932 1430 993 τῆς
1450 928 1542 994 νήοου,
1560 930 1637 995 δῆλον
1656 934 1694 984 ότι

89 1007 140 1057 τού
151 1003 262 1072 δευτέρου
277 999 415 1070 προοιμίου.
452 997 509 1052 Ἵνα
527 1000 554 1054 δέ
572 999 678 1072 μήδοκῆ
693 1002 777 1070 χάριτι
792 1000 873 1071 λέγειν
915 1001 957 1052 καλ
970 1002 1067 1056 πάντων
1081 1008 1130 1056 τῶν
1147 1000 1285 1070 Ἑλλήνων.
1307 1005 1387 1059 FYV.
1404 1004 1472 1076 Ἄχρι
1490 1006 1532 1076 μέν
1553 1002 1595 1059 ούν
1609 1009 1695 1061 τούτου

87 1081 152 1153 ύπέρ
166 1081 283 1144 Ῥοδίων,
305 1081 473 1149 κατηγόρησεν
492 1078 571 1132 αἰετῶν
591 1079 632 1132 καί
647 1081 812 1150 κατέδραμεν,
827 1078 875 1148 ούχ
916 1078 1073 1149 διηγώνισται
1091 1080 1216 1150 πρδςξτάς
1238 1079 1286 1135 ἀπὸ
1307 1085 1350 1134 τοῦ
1370 1085 1531 1153 συμφέροντος
1554 1083 1690 1147 ἀντιθέσεις

84 1163 125 1222 ὡς
140 1158 284 1230 παροξῦναι,
295 1156 352 1208 ἀλλ’
365 1156 397 1218 εἰς
409 1155 502 1210 εύνοιαν
512 1159 554 1210 τδν
567 1157 686 1228 ἀκροατήν
700 1157 874 1212 έκκαλέσασθαι
917 1155 1004 1210 λοιπδν
1018 1157 1044 1212 δέ
1060 1157 1100 1212 ἰπί
1117 1159 1147 1211 τδ
1166 1160 1397 1230 δυσμεταχείριστον
1414 1161 1535 1228 ἐληλύθει·
1555 1163 1569 1215 ό
1590 1163 1637 1234 γὰρ
1651 1167 1693 1218 τδν

86 1239 252 1309 βουλόμενος.
291 1235 364 1304 Ἔχει
388 1234 414 1288 δέ
430 1234 458 1286 τδ
481 1235 595 1306 δεύτερον
610 1237 738 1306 προοίμιον
753 1254 874 1306 προκατα-
915 1234 956 1288 ἀπ’
967 1235 1040 1304 αύιῆς
1052 1241 1095 1304 τῆς
1107 1241 1236 1305 ποιότητος
1253 1245 1303 1294 τῶν
1326 1238 1427 1292 Ῥοδίων
1446 1243 1595 1312 κατηγορίαν
1615 1246 1692 1313 περιέ·
1740 1245 1747 1256 ”

88 1315 181 1381 σκευήν
192 1318 236 1368 τού
244 1312 383 1384 κεφαλαίου·
397 1310 442 1377 τήν
456 1311 504 1382 γέιρ
515 1312 617 1383 δύναμιν
629 1311 813 1384 ἐπισημαίνεται
824 1319 873 1366 τῶν
914 1332 1049 1384 χοντα....
1072 1317 1110 1369 δτι
1124 1314 1270 1384 ἀπέστησαν.
1310 1316 1356 1368 ίίαί
1371 1317 1496 1384 ζητήσειεν
1510 1317 1550 1370 ’έν
1564 1338 1599 1380 τις
1615 1322 1638 1372 τί
1653 1321 1695 1387 δή·

90 1395 237 1466 μελλόντων
250 1391 413 1463 ῥηθήσεσθαι,
427 1390 470 1458 τήν
494 1391 565 1454 δόξαν
583 1392 624 1444 καί
642 1392 686 1459 τήν
700 1391 826 1457 εύκλειαν,
843 1394 873 1460 ῆν
916 1410 990 1456 ποτε,
1003 1393 1073 1454 όντος
1084 1397 1127 1445 τοῖι
1140 1395 1324 1463 προηγουμένου
1341 1393 1382 1446 καί
1395 1393 1449 1464 περί
1459 1391 1487 1448 ού
1509 1395 1614 1464 μάλιστά
1628 1395 1693 1450 ἐστιν

89 1474 175 1536 έξουσι
194 1473 235 1525 διδ
257 1475 301 1538 τῆς
322 1471 428 1542 αρέξειος
452 1471 553 1538 ταύτης,
577 1471 795 1542 ἀπολογησόμενοι
816 1472 874 1541 πρός
916 1467 932 1534 ἡ
951 1470 1065 1540 σύμπασα
1082 1472 1195 1538 ζήτησις,
1212 1471 1233 1523 εἰ
1251 1473 1419 1541 δεῖβαηθῆσαι
1439 1474 1491 1534 τοῖς
1504 1473 1632 1539 ἀδικήκασι
1648 1473 1692 1541 τήν

90 1553 151 1613 τούς
161 1549 302 1604 διαόάλλειν
319 1548 405 1610 αύτούς
416 1547 539 1612 εἰωθότας.
577 1551 658 1604 Ταῦτα
671 1551 714 1624 μέν
727 1545 808 1604 ούνίν
822 1553 874 1614 τοῖς
917 1547 1005 1613 πόλιν,
1020 1543 1130 1610 ούτοςαύ
1143 1550 1172 1602 τδ
1187 1553 1231 1602 τού
1241 1551 1402 1620 συμφέροντος
1415 1552 1546 1620 κεφάλαιον
1562 1553 1691 1622 προέταξε,

88 1631 228 1701 προοιμίοις
240 1629 367 1701 διώκηται.
383 1627 456 1699 ’λρχή
468 1628 494 1681 δέ
505 1633 548 1682 τοῦ
558 1631 718 1700 συμφέροντος
730 1629 871 1700 κεφαλαίου,
917 1626 959 1678 καί
968 1627 1079 1698 δεύτερον
1091 1628 1120 1681 τδ
1133 1628 1244 1682 δυνατόν·
1266 1626 1321 1681 εἰτα
1333 1627 1354 1682 εἰ
1369 1629 1485 1698 βοηθήσει
1498 1631 1609 1698 βασιλεύς
1622 1633 1663 1684 καί
1677 1633 1692 1698 έγ

92 1731 106 1760 ι
124 1709 257 1782 ήτιάσαντο
274 1707 318 1778 μέν
331 1708 434 1778 γάρ(ρ.
454 1725 513 1776 ¹9¹·
531 1706 873 1778 ιτ)-.κίίατεσειεύασται
920 1702 1063 1774 Ἀρτεμισία.
1100 1704 1172 1758 Τδδέ
1182 1707 1297 1776 θεώρημα
1313 1707 1425 1776 φανερόν·
1444 1705 1524 1771 ἐπειδὴ
1533 1707 1581 1778 γὰρ
1596 1709 1692 1772 ένδοξον

89 1789 119 1841 δέ
133 1793 169 1859 τῷ
180 1785 329 1858 δικαίιρήτοι
343 1786 420 1858 ἀδίκφ
433 1785 462 1838 τδ
473 1786 607 1855 συμφέρον,
622 1786 661 1838 δτι
674 1783 821 1838 ἀδικούντων
832 1785 873 1836 καί
916 1781 945 1834 τδ
956 1784 1084 1853 πρόσωπον
1097 1783 1138 1835 καί
1147 1785 1353 1854 παρρησιάζεσθαι
1364 1783 1421 1854 ύπίρ
1438 1789 1486 1838 τῶν
1497 1784 1592 1856 ἀνδρῶν
1606 1786 1634 1838 ού
1651 1789 1692 1839 δύ-

87 1865 304 1920 πλεονεκτσύντιυν
327 1863 399 1925 δόξαν
423 1861 534 1934 εἴχομεν·
563 1863 645 1932 διόπερ
669 1862 711 1914 καί
734 1860 871 1928 ἀπέστησαν
916 1859 1094 1926 ναταιπολλήν
1111 1859 1220 1931 ἐχόντων
1241 1859 1370 1926 διαόολήν,
1390 1861 1490 1922 εἰκότως
1507 1863 1550 1915 τδν
1569 1862 1691 1934 ἀκροατήν

88 1944 163 2015 έημιῗιν
177 1944 201 1997 οἰ
217 1945 353 2014 σύμμαχοι.
389 1941 445 1994 Ἵνα
462 1942 488 1996 δέ
498 1941 532 2013 μή
543 1943 604 2014 δοκῇ
617 1943 871 2011 κατηγορεῖντῆςπό·
914 1938 1097 2008 καταλαμβάνει
1110 1939 1199 2010 καίιήι
1218 1940 1362 2010 συμφέροντι
1380 1940 1421 1992 καί
1439 1945 1474 2012 τῷ
1491 1939 1627 2015 ἀναγκαίην,
1640 1963 1694 1998 του-

89 2025 156 2084 λεως
164 2022 249 2088 αύτδς,
266 2021 385 2092 ἀνήνεγκε
395 2020 439 2086 τὴν
451 2021 605 2092 βλασφημίαν
618 2020 657 2074 ἐκέ
670 2020 818 2084 Μαύσωλον,
830 2021 872 2073 ἵνα
914 2017 979 2070 τέστι
990 2022 1025 2088 τῷ
1035 2017 1104 2088 φόύιρ
1115 2023 1151 2089 τῷ
1164 2017 1229 2088 παρὰ
1242 2019 1375 2088 βασιλέως,
1389 2019 1477 2090 θνατῷ
1490 2019 1533 2090 μέν
1550 2025 1692 2093 συμφέροντι

91 2100 135 2153 καί
143 2097 200 2168 ’νε-,ἐρ
211 2103 254 2166 τῆς
265 2099 365 2159 πόλεως’
370 2097 525 2169 ἀπολογῆται
534 2100 568 2160 ὡς
579 2099 669 2168 ψευδῶς
679 2097 873 2169 διαύαλλομένης
915 2093 1029 2165 ἐπαχθείς
1039 2095 1079 2148 διά
1089 2095 1133 2160 τὴν
1151 2095 1276 2161 εύκλειαν,
1290 2097 1362 2168 τῷδέ
1373 2097 1553 2168 καταπλαγείς,
1568 2106 1603 2171 τῷ
1615 2101 1692 2172 ἀναγ-

91 2178 137 2229 καί
147 2175 205 2246 ύπέρ
215 2182 265 2230 τῶν
278 2175 383 2229 Ῥοδίων
393 2177 426 2238 ύις
435 2175 608 2248 ἠπατημένων.
621 2176 636 2228 ό
653 2175 700 2245 γάρ
715 2180 792 2228 ταῦτα
807 2176 871 2230 πλα-
915 2174 990 2244 καίιρ,
1006 2172 1048 2226 έάν
1065 2173 1209 2246 ἐκιδουλεύη
1230 2177 1283 2235 τοῖς
1301 2173 1410 2240 Ἕλλησι
1425 2174 1546 2243 βασιλεύς,
1563 2176 1691 2249 ύπέρθηται

91 2247 640 2324 σάμενοςκαίτείσαςάποστῆνάιέκεῖνοςήν.
652 2253 724 2305 Οθτω
736 2252 765 2304 τδ
777 2253 870 2304 δίκαιον
915 2250 958 2320 μέν
973 2252 1002 2304 τδ
1017 2256 1195 2322 μνησικακῆσαι
1214 2251 1245 2304 τά
1266 2255 1318 2312 νῦν,
1332 2252 1442 2323 βοηθήσῃ
1463 2252 1489 2305 δέ
1508 2252 1548 2304 διά
1566 2255 1595 2308 τ“ο
1615 2255 1693 2328 ἐαυτῷ

91 2334 220 2401 προτείνας
240 2327 314 2396 ήλθεν
328 2329 368 2384 ἰπὶ
381 2331 409 2384 τδ
429 2331 562 2402 συμφέρον,
582 2327 656 2400 οθπερ
676 2326 706 2396 ῆν
720 2329 735 2396 έγ
748 2331 868 2400 πρότασις·
914 2331 1052 2400 χρήσιμον,
1076 2334 1118 2382 τοῦ
1139 2333 1299 2402 συμφέροντος
1320 2330 1466 2400 ὀρεγόμενος
1488 2331 1529 2383 καί
1551 2333 1632 2402 φόύων
1651 2337 1693 2388 καί

90 2411 212 2480 Σνμφέρει
220 2409 279 2480 ύμῖν
293 2407 462 2462 ἀπολύσασθαι
470 2409 513 2471 τάς
522 2411 576 2464 καθ’
586 2409 655 2480 ύμών
665 2409 780 2471 διαύολάς
791 2408 872 2472 αἰετοῖς
914 2409 1031 2462 κινδύνων
1046 2407 1233 2470 ἀπαλλακτικῶς
1247 2409 1323 2480 έχων,
1335 2410 1368 2470 ώς
1380 2409 1500 2478 αἰρεῖσθαι
1508 2409 1548 2462 καὶ
1560 2414 1611 2473 τοῖς
1619 2412 1690 2466 λελυ-

89 2489 244 2559 τοῖςέργοις.
282 2485 405 2553 Εἰληπται
415 2487 495 2540 τοίνυν
514 2489 543 2540 τδ
552 2487 683 2557 κεφάλαιον
700 2485 747 2540 ἀπὸ
759 2491 802 2540 τοῖν
813 2507 872 2559 συμ-
913 2487 1002 2550 κηκόσι
1020 2485 1119 2555 βοηθεῖν
1135 2485 1175 2536 διὰ
1192 2484 1222 2538 τά
1241 2485 1421 2556 ἀναγκαιότατα
1441 2485 1511 2539 αθτά.
1554 2487 1590 2538 Δι’
1604 2489 1634 2555 ῆν
1648 2490 1691 2560 μέν

90 2569 218 2636 φέροντος,
233 2561 277 2630 τῆν
294 2563 443 2630 κατασκευήν
463 2564 565 2635 ἐχοντοξ
579 2563 628 2618 ἀπδ
649 2569 691 2618 τοῦ
710 2565 813 2628 δικαίου,
831 2565 872 2618 καί
913 2558 956 2616 ούν
970 2563 1049 2618 αἰτίαν
1065 2563 1182 2629 ἐνήλλαξε
1200 2563 1245 2630 τήν
1266 2565 1329 2618 θέσιν
1347 2570 1395 2616 τῶν
1415 2565 1553 2634 κεφαλαίων
1575 2565 1687 2634 ἀκήκοας·

92 2646 250 2716 καταστρέφει
265 2642 338 2704 εἰςτδ
359 2641 471 2708 ἔνδοξον,
491 2645 530 2696 ὅτι
550 2645 640 2714 πρέπον
654 2642 719 2696 ἰστίν
741 2643 807 2713 έχειν
826 2644 870 2710 τὴν
913 2643 1003 2712 διαιρεῖ
1018 2642 1044 2696 δέ
1063 2641 1121 2696 αύτδ
1135 2644 1164 2696 τδ
1183 2644 1276 2696 δίκαιον
1292 2643 1423 2712 κεφάλαιον
1443 2644 1471 2696 ού
1494 2647 1568 2714 μικρᾷ
1582 2664 1629 2700 τινι
1651 2649 1691 2700 καί

93 2721 201 2784 εύδοξέαν
222 2722 248 2775 ἐκ
267 2721 383 2774 τοιούτων
405 2721 485 2792 έργων
502 2726 532 2794 τῇ
552 2723 632 2776 πόλει.
670 2723 734 2792 Πρδς
752 2723 778 2776 δέ
799 2727 871 2776 τούτο
912 2721 992 2792 φαύλη
1017 2721 1144 2791 ῥητορεία,
1164 2721 1219 2774 ούδέ
1238 2725 1269 2792 τῇ
1289 2722 1396 2793 τυχούσῃ
1415 2721 1544 2794 οἰκονομίᾳ
1564 2727 1689 2796 κέχρηται,

91 2800 211 2861 ἀντίθεσις
225 2797 273 2852 ἀπδ
287 2803 330 2859 τού
347 2800 450 2852 δυνατοῦ
462 2799 611 2870 κεφαλαίου,
633 2799 708 2852 Ἀλλά
726 2801 869 2870 δεδοίκαμεν
912 2801 992 2852 TCV.

89 2877 202 2947 βασιλέα.
219 2877 315 2943 Ταύτην
327 2877 411 2930 έλυοεν
421 2877 546 2948 όμογενιῗις
561 2878 588 2932 ἐκ
599 2883 642 2932 τού
656 2878 730 2931 ούτού
739 2877 870 2948 κεφαλαίου
950 2883 1013 2948 194,
1031 2895 1072 2931 ιο.
1092 2876 1157 2948 Ὁρῶ
1168 2879 1215 2949 γάρ
1229 2878 1315 2940 αύτούς
1325 2881 1377 2950 -J
1389 2879 1528 2934 ἰίατατείνει
1541 2881 1636 2948 πολλὴν
1651 2902 1691 2935 κα-

91 2961 134 3008 τοῖι
144 2958 257 3020 δυνατοῦ,
267 2955 407 3025 καὶπρῶτον
416 2955 463 3026 ἀπδ
474 2961 517 3010 τού
530 2959 672 3028 μαχομένου
680 2957 742 3010 κατά
751 2955 795 3024 τήν
807 2958 869 3010 θέσιν
912 2959 1028 3027 τηγορίαν
1043 2963 1091 3010 τῶν
1109 2956 1210 3010 Ῥοδίων
1227 2957 1372 3020 ἀξιοπιστίας
1386 2959 1476 3012 ε’ίνεκα·
1493 2961 1554 3012 πάνυ
1568 2960 1615 3032 γάρ
1631 2981 1690 3033 συμ-

92 3037 165 3102 ειίτῆς
176 3034 256 3098 εύθίις,
270 3036 364 3106 ύτιξρ.
380 3053 439 3104 τρι,
453 3037 505 3102 25)
519 3035 553 3086 ἰθύ
568 3041 616 3086 τῶν
628 3034 706 3087 αύτιῖιν
723 3035 773 3088 ἐστι
787 3033 869 3105 λόγων
912 3035 1030 3090 δάλλεται
1049 3037 1106 3106 πρὸς
1128 3038 1203 3096 πειθὼ
1224 3036 1252 3088 τό
1270 3037 1328 3106 πρδς
1349 3035 1440 3103 ἡδονὴν
1460 3036 1486 3090 έν
1506 3041 1558 3100 τοῖς
1575 3040 1692 3102 τοιούτοις

92 3114 265 3185 συμύουλεύειν
280 3117 310 3185 τῇ
320 3113 392 3166 πόλει
408 3114 507 3182 βοηθεῖν
519 3112 658 3181 Αἰγυπτίοις
669 3111 816 3182 ἀφεστηκόσι
827 3117 869 3166 τού
912 3115 1075 3185 διαλέγεσθαι.
1112 3115 1148 3166 Δι’
1162 3114 1251 3181 ἡδονῆς
1264 3115 1290 3168 δέ
1303 3115 1385 3176 αύτοῖς
1399 3114 1450 3168 ἐστι
1463 3116 1492 3168 τύ
1505 3121 1583 3178 κακῶς
1596 3115 1705 3173 ἀκούειν.

93 3193 211 3262 βασιλέως
229 3193 269 3246 καί
293 3192 421 3262 φοὸεῖσθαι
438 3191 539 3260 βασιλέα
558 3190 615 3260 ύπέρ
642 3187 753 3243 Ῥοδίων.
792 3191 838 3244 ἰίαί
853 3190 883 3256 ῆ,
917 3191 1033 3254 Ῥοδίους.
1072 3193 1201 3263 Μέμνηται
1216 3193 1243 3246 δέ
1263 3190 1364 3246 Ῥοδίων
1380 3195 1452 3260 δῆθεν
1465 3201 1556 3260 κακῶς,
1572 3194 1690 3249 ἐνδεικνύ-

90 3271 217 3341 προσθήκη
228 3274 271 3336 τῆς
283 3269 372 3335 αἰτίας,
387 3271 425 3322 δτι
438 3269 469 3321 Οἱ
482 3269 525 3340 μέν
543 3268 681 3335 Ἕλληνες,
694 3269 717 3322 οἱ
730 3270 755 3322 δέ
767 3268 826 3322 εἰσιν
838 3289 868 3342 τη
913 3289 984 3341 μενος
1004 3271 1064 3342 μήτε
1079 3272 1137 3342 πρός
1149 3273 1225 3342 χάριν
1238 3271 1299 3342 μήτε
1313 3271 1344 3322 δι’
1359 3271 1454 3324 ιύνοιαν
1474 3272 1564 3343 λέγειν,
1579 3273 1622 3326 ίνα
1636 3276 1691 3338 τούς

92 3349 157 3420 ἀρχή
182 3348 275 3402 ἰκείνου
295 3350 475 3419 μεμερισμένοι.
517 3349 619 3419 Δευτέρα
637 3347 720 3412 λύσις,
741 3349 779 3400 ὅτι
797 3347 869 3419 Ὗπέρ
912 3347 1156 3418 ἀκροατάςάρέσηται
1172 3353 1214 3402 νύν
1234 3348 1277 3419 μίν
1293 3348 1471 3419 ἐνδεικνύμενος
1487 3355 1567 3420 μισεῖν
1581 3343 1691 3413 τούςλε-

91 3428 136 3497 μέν
151 3433 199 3480 τῶν
220 3426 316 3482 οἰκείων
332 3426 494 3497 πολεμήσειεν
510 3427 538 3478 ἀν
564 3426 690 3496 βασιλεύς,
710 3425 767 3496 ύπίρ
781 3427 807 3480 δέ
821 3434 868 3480 τῶν
911 3427 1048 3493 λυπηκότας
1061 3425 1105 3492 τήν
1119 3427 1203 3491 πόλιν,
1223 3432 1265 3480 νύν
1279 3427 1305 3480 δέ
1325 3425 1357 3497 μὴ
1372 3427 1429 3497 ύπέρ
1447 3425 1548 3480 Ῥοδίων
1569 3432 1691 3484 ποιεῖσθαι

96 3505 224 3573 Ἑλλήνων
236 3505 274 3563 ού.
311 3505 385 3575 Τρίτη
397 3505 480 3568 λύσις,
490 3505 520 3558 Εἰ
530 3504 572 3575 μέν
582 3499 626 3558 σύν
635 3503 758 3575 ἐγνώκατε
772 3505 868 3560 ἀδικού·
912 3505 953 3558 τδν
966 3505 1053 3576 λόγον,
1065 3505 1122 3557 ἀλλ’
1132 3505 1189 3575 ύπὲρ
1201 3505 1274 3558 αύτοῖι
1286 3510 1328 3557 τοῦ
1342 3507 1502 3575 συμφέροντος
1513 3507 1553 3558 καὶ
1564 3511 1607 3573 τῆς
1620 3508 1692 3579 ύπαρ-

90 3604 161 3655 μενοι
175 3587 332 3654 παραχωρεῖν
344 3581 380 3638 ὧν
391 3583 473 3638 ἀδικεῖ
483 3584 539 3645 τούς
549 3583 676 3650 Ἕλληνας
692 3584 812 3653 βασιλεύς,
825 3585 868 3638 οθκ
911 3585 1002 3653 χούσης
1021 3583 1091 3650 δόξης
1109 3585 1140 3654 τῆ
1162 3582 1241 3636 πόλει.
1280 3582 1374 3651 θίικρού
1395 3581 1421 3633 δέ
1440 3582 1480 3634 καί
1497 3581 1590 3650 οἰηθείη
1612 3586 1642 3636 ἀν
1657 3605 1692 3647 τις

92 3663 181 3716 ἐπαινῶ
194 3662 238 3729 τήν
250 3664 361 3734 γνώμην·
373 3662 395 3716 εἰ
405 3663 431 3716 δέ
442 3665 489 3716 πᾶν
507 3662 587 3714 ότιοῖιν
598 3661 742 3733 ύπομένειν,
755 3663 816 3733 μηδέ
826 3667 868 3716 νῦν
912 3660 984 3714 αύτδν
997 3660 1168 3731 συμόουλεύειν
1181 3661 1316 3730 στρατεύειν
1330 3659 1370 3714 ἐπί
1385 3659 1508 3725 Ῥοδίους,
1521 3669 1638 3716 τοσοῦτον
1651 3667 1691 3718 θυ·

91 3742 194 3796 ἰκνεῖτε.
231 3739 294 3795 Ιίἰτα
307 3741 333 3795 έκ
345 3742 602 3812 παραδείγματος,ύτι
614 3741 659 3792 Καί
671 3741 755 3812 Σάμον
773 3741 868 3796 ἐλευθε-
912 3738 958 3809 μδν
983 3736 1129 3790 ἐνδείκνυται
1151 3737 1210 3807 πρὸς
1233 3737 1288 3799 τοὺς
1312 3736 1464 3805 ἠδικηκότας.
1507 3739 1581 3792 ’ἀλλὰ
1602 3743 1634 3793 δι’
1654 3739 1690 3795 ὧν

92 3823 213 3889 μύσαντες
224 3821 343 3892 Τιμοθέου
356 3821 552 3892 κατειλημμένην
566 3820 613 3873 ύπδ
627 3819 812 3892 Κυπροθέμιδος,
826 3821 869 3875 ούκ
911 3817 1054 3886 κατατρέχει
1071 3813 1183 3880 Ῥοδίων,
1197 3815 1237 3868 διὰ
1252 3817 1344 3868 τούτων
1356 3817 1431 3872 πείθει
1445 3817 1488 3870 τδν
1501 3819 1591 3890 δῆμον,
1607 3820 1647 3872 καί
1658 3823 1690 3873 δι’

92 3898 247 3969 ἠγανάκτησε
264 3899 392 3970 βασιλεύς(
403 3917 430 3970 ρ.
448 3899 506 3968 τ93,
520 3899 562 3965 3).
576 3899 620 3952 FY
623 3901 655 3950 V.
910 3893 945 3947 ὤν
962 3896 1099 3964 κατηγορεῖ
1114 3893 1210 3964 μᾶλλον
1232 3895 1303 3946 δοκεῖ
1323 3893 1444 3965 πραύνειν.
1483 3897 1564 3950 Ταῦτα
1584 3899 1627 3968 μέν
1646 3895 1689 3952 ούν

131 3979 187 4046 193,
204 3983 246 4038 ιή.
261 3975 318 4029 Ὅτι
334 3977 356 4028 δ’
370 3975 420 4028 ούδ’
440 3975 630 4044 ἐναντιωθῆναι]
651 3975 727 4043 Ἄλλη
751 3974 869 4044 ἀντίθεσις
911 3974 952 4025 καί
960 3971 990 4025 τά
999 3979 1099 4025 τοιαῦτα
1107 3971 1168 4024 κατὰ
1177 3972 1206 4024 τδ
1217 3973 1348 4042 κεφάλαιον
1359 3975 1497 4044 θαυμασίως
1509 3975 1688 4046 ἐρρητόρευκευ.

94 4055 140 4109 έπδ
151 4059 194 4108 τού
207 4053 281 4108 αἰτοῦ
291 4055 404 4108 δυνατού·
422 4051 487 4107 ’ἀλλ’
503 4051 639 4123 ’λρτεμισία
651 4051 712 4123 ἡμῖν
725 4052 868 4119 έναντιωθή-
915 4050 949 4104 Ἡ
963 4051 989 4104 δέ
1005 4051 1122 4111 ἀντέθεσίι
1142 4051 1205 4104 ἐστιν
1218 4051 1265 4105 ἀπδ
1283 4057 1326 4104 τού
1346 4053 1440 4106 δικαίου
1460 4053 1691 4126 ἀντεγκληματικῶς

95 4149 167 4184 σεται.
208 4128 343 4201 Ἀρτεμισία
356 4131 382 4184 δέ
394 4129 533 4184 Μαυσώλου
547 4130 590 4200 μέν
606 4131 706 4200 γέγονεν
723 4129 814 4200 ἀδελφή
829 4129 869 4182 καί
911 4130 1058 4202 εἰσηγμένη·
1083 4128 1146 4182 ’ἀλλ’
1162 4129 1223 4191 έξιοι
1239 4130 1330 4184 τούτων
1355 4129 1446 4183 Ῥόδιοι
1460 4135 1502 4198 τῆς
1516 4131 1609 4194 πόλεως
1628 4133 1689 4186 ἀπο·

94 4207 203 4280 γαμετή,
214 4209 303 4280 Καρίας
319 4209 345 4262 δέ
357 4209 496 4273 ίόασίλευε,
515 4209 585 4279 φίλια
597 4209 624 4262 δέ
641 4207 742 4278 ἔπραττε
756 4208 866 4278 βασιλεῖ,
911 4211 1016 4271 στάντες·
1032 4207 1061 4262 ού
1074 4207 1121 4279 μὴν
1134 4209 1235 4262 τέθειται
1244 4215 1378 4279 προφανῶς·
1392 4211 1486 4278 γίνεται
1498 4210 1524 4262 δέ
1537 4211 1627 4281 φανερά
1639 4215 1690 4273 τοῖς

94 4285 271 4342 διάτδοίκεῖον
285 4289 406 4359 συμφέρον
423 4287 495 4340 αύτδν
511 4287 689 4356 θεραπεύουσα,
705 4286 869 4357 καίύρχουσα
911 4285 1068 4356 ἐπιστήμοσιν
1092 4285 1132 4340 ἀπ’
1153 4285 1231 4339 αθτιῖιν
1254 4293 1302 4340 τῶν
1325 4287 1428 4342 λύσεων,
1470 4285 1500 4340 Ἦ
1521 4289 1546 4342 δέ
1566 4287 1691 4359 ἀρχὴτῆς

96 4365 136 4434 μέν
161 4371 209 4420 τῶν
232 4365 344 4431 οἰκείων,
360 4365 428 4418 ούδίν
448 4366 475 4419 δέ
488 4359 562 4431 ήττον
584 4365 751 4436 φυλαττομένη
772 4365 872 4436 βασιλεῖ
910 4365 1001 4426 λύσεως
1015 4363 1108 4417 ἐνθένδε
1123 4365 1168 4435 (p.
1184 4368 1247 4434 194,
1261 4363 1307 4435 4)·
1323 4387 1333 4412 υ
1348 4364 1382 4416 ἰθύ
1395 4364 1442 4434 μὴν
1454 4363 1504 4417 οὐδ’
1519 4367 1548 4418 ἀν
1563 4365 1584 4418 εἰ
1602 4367 1633 4418 δι’
1649 4367 1690 4420 αύ-

94 4443 263 4512 προσιρούειν,
281 4443 334 4497 ίστι
343 4444 365 4496 δ’
378 4445 419 4496 ύτε
433 4443 498 4515 αύτῷ
509 4443 739 4515 συλλαμδανομένη.
787 4443 868 4496 λείπει
914 4448 989 4496 ιτῖιν
1002 4441 1074 4513 εἰχον
1088 4440 1132 4509 τήν
1146 4441 1218 4496 πόλιν
1231 4441 1254 4494 οί
1267 4447 1308 4496 νύν
1324 4444 1391 4504 ὄντες
1407 4441 1689 4516 Ῥόδιοι,παρήνεσαάν

94 4525 161 4595 δὲτῆ
176 4523 301 4580 ,ἀντιθέσει
320 4525 466 4590 κατασκευή.
514 4523 583 4578 ’Ἔδει
599 4523 647 4594 γὰρ
670 4523 710 4575 καί
726 4521 769 4588 τήν
788 4521 866 4576 αἰτίαν
915 4520 1000 4592 εύμῖν
1020 4521 1119 4581 τούτους
1142 4519 1247 4574 ἑλέσθαι.
1274 4523 1387 4574 ιΤΥἰί.
1426 4519 1507 4583 ’λξιον
1525 4521 1550 4574 δέ
1570 4523 1690 4594 θαυμόσαι

95 4605 247 4672 προσθεῖναι,
263 4603 295 4654 δι’
312 4605 343 4670 ῆν
357 4602 492 4674 Ἀρτεμισία
506 4601 534 4655 ού
552 4603 715 4673 συγχωρήσει·
740 4602 807 4667 ἀλλ’,
825 4602 868 4654 ’ίνα
910 4599 951 4652 καί
963 4597 1007 4664 τήν
1020 4599 1182 4669 μεταχείρισιν
1194 4599 1224 4663 ἣν
1236 4601 1341 4652 ποιεῖται
1352 4599 1393 4652 καί
1404 4597 1447 4665 τῆν
1463 4599 1542 4652 λύσιν.
1580 4599 1628 4666 Τῆς
1642 4601 1689 4672 γάρ

96 4680 128 4752 μὴ
144 4681 301 4752 χαλεπωτέρα
317 4683 418 4753 γένηται
428 4683 486 4752 πρδς
499 4679 543 4746 τὴν
561 4681 645 4746 λύσιν,
663 4679 707 4746 τήν
719 4678 868 4746 κατασκευήν
911 4677 1052 4739 ἀντιθέσεως
1063 4676 1182 4746 λεγούσης
1199 4675 1277 4738 ἀξίους
1290 4676 1354 4729 εἰναι
1371 4675 1479 4738 Ῥοδίους
1497 4681 1572 4730 ταῦτα
1586 4679 1688 4748 πάσχειν

95 4759 233 4830 παραλιπὼν
246 4757 291 4825 τῆν
311 4759 354 4832 μέν
365 4761 481 4830 πρότασιν
498 4759 570 4826 έθηκε
586 4759 679 4830 μόνην,
693 4757 737 4824 τῆν
752 4759 778 4812 δέ
794 4777 868 4812 κατα-
911 4757 1084 4820 έπεπόνθασι,
1098 4755 1234 4824 συντρέχων
1247 4755 1370 4826 τῷάξίους
1382 4753 1467 4817 αύτούς
1478 4752 1552 4820 εἰναι,
1563 4753 1607 4808 ούκ
1620 4753 1687 4818 έξών

95 4837 177 4904 σκευήν
187 4841 241 4900 ταῖς
251 4839 335 4894 λύσεσι
346 4839 481 4910 συμπλέξας
488 4838 659 4908 ἀσθενεστέραν
670 4838 791 4906 ίποίησεν.
812 4839 869 4892 Λύει
911 4833 1039 4901 ἠδικήκασι
1053 4831 1097 4900 τήν
1108 4833 1180 4886 πόλιν
1194 4837 1266 4885 τοῦτο
1278 4833 1462 4898 κατεσκεύακεν,
1478 4833 1521 4886 ἵνα
1533 4831 1567 4904 μή
1580 4832 1688 4888 ἐναντίον

95 4917 119 4968 δὲ
132 4921 165 4988 τῷ
181 4916 277 4987 δυνατῷ
288 4917 329 4970 καί
344 4923 379 4989 τῷ
396 4918 549 4988 συμφέροντι.
598 4916 645 4968 ἰίαί
664 4922 699 4986 τῷ
715 4915 758 4986 μέν
772 4917 868 4986 δυνατῷ
911 4914 953 4966 τὀν
964 4912 1040 4982 λόγον
1051 4911 1128 4982 έαυτῷ
1140 4911 1284 4978 ποιήσηται,
1298 4910 1355 4963 ἀλλ’
1372 4911 1395 4973 ἐξ
1406 4909 1442 4964 ὧν
1460 4911 1528 4965 αύτοί
1541 4912 1598 4983 πρὸς
1612 4913 1689 4982 ἀλλή-

95 4995 153 5048 κατά
167 4997 336 5067 μερισμόνήμ.
351 4997 411 5065 193,
434 4999 492 5066 19)·
509 4995 538 5048 Εἰ
552 4994 595 5066 μέν
605 4989 632 5048 εύ
643 4996 744 5066 πρέττοι
756 4993 868 5066 βασιλεύς
910 4991 967 5052 λους
980 4991 1120 5056 διετέθησαν
1140 4989 1268 5042 διαύάλλει
1281 4990 1323 5042 τδν
1343 4991 1443 5060 τρόπον.
1481 4991 1564 5044 ἰίαίτοι
1583 4991 1611 5044 τό
1630 4991 1688 5044 ἀκό-

97 5073 146 5126 κατ’
161 5069 298 5142 Αἴγυπτον,
314 5073 452 5144 βοηθήσειν·
475 5070 508 5144 μῆ
521 5073 569 5143 γὰρ
587 5069 652 5126 εἰναι
663 5071 768 5140 ἀνόητον
786 5074 867 5142 ὥσπερ
909 5071 999 5122 λουθον
1018 5064 1047 5134 ήν
1067 5067 1143 5122 εἰπεῖν
1162 5067 1186 5130 ἐξ
1207 5065 1243 5122 ών
1262 5070 1401 5137 διετέθησαν
1422 5069 1476 5141 περὶ
1493 5069 1535 5122 τὸν
1557 5067 1688 5136 Ἀθηναίων

25 5229 26 5234 γ
96 5150 243 5221 ἐπιτείχισμα
256 5151 432 5204 κατασκευάσαι
446 5155 488 5219 τῆς
499 5149 589 5222 οἰκείας
607 5148 694 5220 ἀρχῆς.
740 5149 770 5201 Εἰ
783 5149 809 5202 δέ
826 5147 868 5202 καί
910 5151 1004 5219 δῆμον·
1021 5147 1035 5200 ό
1054 5147 1094 5212 δέ,
1108 5147 1151 5200 ’ἰνα
1165 5148 1240 5218 μείζω
1254 5148 1371 5215 διαβολήν
1390 5147 1535 5220 έργέσηται,
1556 5149 1687 5220 μετήνεγκε

1549 5243 1583 5290 37.
