4032 6094
589 363 668 424 ΧΙΧ.
693 361 783 424 ΠΕΡΙ
803 363 879 424 ΤΗΣ
898 363 1228 428 ΠΑΡΑΠΡΕΣΒΕΙΑΣ.
1646 387 1703 438 οτι

110 492 220 560 κρίπτειν
240 489 284 554 τἠν
304 488 423 559 αἰσχίνην
442 492 556 560 καρτερεῖ
566 491 675 561 γαμθρδν
688 491 761 545 αἰιτοῦ
777 492 887 564 εύφήμως
932 491 1003 546 καινά
1022 495 1143 565 δράματα.
1181 495 1216 548 ’ίδ
1231 495 1282 549 δίι
1301 497 1343 549 καί
1362 497 1459 561 τούτους
1472 499 1647 572 ἀμαριύρουςι
1664 505 1705 576 έμ

108 567 241 621 ἀποκαλῶν
253 567 294 619 τδν
309 567 433 620 Φίλιππον
443 565 483 618 διά
493 567 536 619 τθν
546 566 609 622 υίόν.
622 569 703 622 ΤῸΤ.
929 589 1000 639 φασιν
1020 570 1073 642 ἐχει
1084 577 1127 626 τοῦ
1144 574 1264 644 μηδεμίαν
1278 573 1397 637 ἀπόδειξιν
1411 576 1497 648 ἀκριόῆ
1517 583 1704 652 παρασχόμενον

144 647 186 716 Τῷ
199 645 244 713 δέ]
259 651 294 716 τῷ
306 645 420 715 Φρόνωνι
430 645 507 716 λέγει.
526 641 603 707 Οίτος
613 645 661 716 γάρ
672 645 791 712 κηδεστήν
802 647 886 714 ἐποιή-
929 647 1055 720 Τίμαρχον
1069 651 1291 716 καταδικάσασθαι,
1304 652 1426 723 χρήσιμον
1437 655 1462 708 δί
1473 657 1514 708 καί
1529 658 1587 727 πρθς
1597 657 1640 724 τήν
1657 680 1704 713 m.

105 741 170 776 σατο
184 723 261 794 ἐαυτῷ
273 722 316 776 τθν
330 723 465 788 Φίλιππον,
478 720 561 785 ίκθοίνς
577 722 663 777 ἑαυτοῦ
678 725 730 778 υίθν
745 731 782 798 τῷ
795 725 887 782 Φιλίπ·
929 731 1018 795 ροῦσαν
1029 726 1153 781 ίπόθεσιν·
1172 727 1227 780 οἰιδέ
1239 727 1287 798 γάρ
1300 728 1371 791 αἰιτθς
1382 732 1512 801 παρέχεται
1526 735 1652 804 μάρτυρας,
1662 737 1705 790 ἵνα

103 819 157 870 πω.
170 801 249 854 ΑἰίΤ.
929 803 958 856 τί
974 805 1060 874 ὅμοιον
1074 811 1109 876 τῷ
1117 804 1196 876 δμοίορ
1208 805 1362 876 παραόληθέν
1374 807 1418 875 τήν
1432 808 1486 876 ίσην
1498 810 1565 872 ἀξίαν
1576 813 1640 883 παρά
1652 818 1706 878 τοῖς

144 877 211 946 377,
224 880 251 930 6.
265 875 350 946 Τοίτιρ
360 877 400 944 δ’]
414 875 527 948 Αἰσχίνη.
539 877 569 930 Ρ.
929 880 1042 948 ἀκούουσι
1055 883 1130 956 λάίη.
1166 884 1201 938 Τί
1214 883 1240 938 δέ
1253 885 1311 955 πρὸς
1321 887 1544 958 διαμεμετρημένην
1557 890 1601 954 τὴν
1612 891 1704 962 ἡμέραν

144 954 205 1023 377,
223 970 265 1008 11.
286 953 344 1006 οίδ’
357 952 473 1023 ἀφιέντων
492 953 609 1025 ἀφίησιν]
630 954 706 1016 οθτως
725 953 753 1008 οί
774 955 886 1024 βούλεται
929 958 1015 1027 φησίν,
1028 960 1067 1012 θτι
1079 959 1141 1020 τινές
1153 965 1201 1012 τών
1215 959 1318 1030 ἀγώνων
1332 961 1373 1013 διὰ
1385 963 1414 1014 τδ
1426 966 1526 1034 μέγεθος
1538 965 1705 1037 λαμῦάνουσιν

100 1029 170 1083 κατὰ
181 1031 306 1084 Φιλίππου
319 1031 400 1102 λέγειν
410 1033 473 1084 ὥστε
484 1031 574 1101 ζημίαν
586 1030 684 1098 ἡγεῖται
695 1032 723 1085 τθ
736 1031 769 1102 μή
780 1052 885 1104 συνηγο-
929 1035 986 1105 θρσν
997 1033 1042 1102 τήν
1053 1035 1202 1108 ὴμέρανκαί
1212 1037 1276 1110 ίδωρ
1288 1037 1317 1092 τί
1327 1038 1450 1110 ἐξαρκοῦν.
1470 1041 1549 1113 Αίρείς
1560 1044 1585 1096 δέ
1597 1046 1703 1112 διώκων,

101 1111 159 1177 ρεῖν
173 1108 247 1180 αύτῷ.
285 1109 336 1162 ἰίάν
357 1108 486 1180 γάρίμεῖς
510 1109 586 1180 ἀφῆτε
604 1109 688 1176 αύτδν,
706 1110 833 1174 ἀνεύθυνος
846 1111 884 1178 εί,
929 1120 1082 1185 κατηγορῶν.
1098 1117 1178 1169 TCV.

99 1187 251 1256 φάσκοντες,
278 1185 311 1258 μὴ
333 1187 475 1252 πολιτεύου,
498 1187 667 1254 ἀπαλλάττου,
691 1188 734 1242 οίικ
758 1187 886 1260 ἀφίσταται
965 1192 1026 1262 378,
1046 1211 1071 1263 7.
1086 1193 1179 1264 Αίρεῖς]
1197 1191 1252 1246 ἀντί
1271 1197 1315 1246 τοῦ
1330 1198 1406 1264 νικᾷς.
1446 1194 1580 1262 Ὀξντόνως
1593 1199 1705 1272 ἀναγνω-

99 1262 186 1333 ίιμῶν.
198 1265 278 1318 ch.
929 1269 1009 1326 στέον.
1024 1271 1100 1324 ΑίίΤ.

142 1341 200 1394 οίδ’
212 1341 328 1412 ἀφιέντων
339 1341 449 1414 ἀφίεται]
463 1342 521 1397 Ὀτι
531 1343 576 1396 κάν
585 1342 736 1414 ίμεῗςαίτδν
749 1343 834 1412 ἐάσητε
843 1349 886 1412 τῆς
965 1347 1026 1417 378,
1048 1351 1075 1404 8.
1090 1347 1194 1400 Πολλῶν
1212 1348 1293 1402 τοίνυν
1311 1349 1353 1401 καί
1365 1351 1449 1403 δεινῶν
1467 1352 1562 1424 ὄντων]
1578 1353 1652 1408 Ἄλλο
1663 1355 1705 1410 ἀπ’

101 1421 232 1492 τιμωρίας,
243 1421 314 1484 αἰιτδς
324 1421 367 1475 ούκ
377 1420 504 1491 ἀφίσταται
516 1425 560 1489 τῆς
570 1421 693 1476 Φιλίππου
701 1423 791 1492 φιλίας.
804 1425 883 1477 ΑἰίΤ.
899 1461 901 1480 ;
929 1421 1007 1494 ἀρχῆς
1023 1426 1081 1496 ἀχρι
1094 1425 1193 1490 τέλους,
1208 1425 1249 1479 καί
1261 1430 1334 1479 τοῦτο
1349 1425 1376 1479 ἐκ
1390 1432 1439 1480 τῶν
1458 1433 1649 1502 πεπραγμένων,
1664 1435 1707 1486 καί

143 1499 205 1567 377,
223 1501 264 1561 τίς.
290 1499 390 1563 Καίτοι,
409 1497 491 1566 tw.
509 1505 558 1552 τῶν
572 1497 683 1568 ἐλέγχων
701 1497 828 1566 ἀπαίτησις
848 1499 886 1553 ἐν·
930 1501 994 1569 ἀλλη
1012 1502 1130 1566 ἀπόδειξις
1143 1504 1350 1574 τήςδωροδοκίας.
1363 1506 1548 1561 BFRSYTCV.
1568 1507 1706 1581 Αμαρτάυει

102 1578 185 1630 ταῦθα
198 1577 281 1630 πόλιν.
295 1579 394 1633 ΑΙίΤΡ.
930 1581 993 1634 δέτι
1010 1581 1066 1652 περὶ
1079 1585 1151 1636 τοῦτο
1169 1581 1198 1634 τί
1216 1583 1287 1652 μέρος
1308 1584 1455 1652 γενόμενος,
1471 1583 1514 1636 οίκ
1526 1585 1654 1653 ἀπιστήσας
1670 1597 1706 1663 τῷ

143 1657 205 1726 377,
220 1659 342 1727 οσ.Βοᾷ]
354 1657 449 1727 Μικροῦ
460 1655 502 1708 καί
513 1654 596 1726 φωνήν
607 1656 660 1717 τοῖς
671 1655 798 1726 πράγμασι
806 1656 884 1726 περιέ-
929 1663 1020 1730 καιρῷ,
1035 1659 1090 1712 καθ’
1112 1660 1140 1712 δν
1161 1657 1178 1724 ἡ
1198 1659 1312 1728 πρεσῦιία
1330 1661 1427 1729 γέγονε.
1465 1660 1559 1715 Γίνεται
1578 1665 1626 1736 γάρ
1644 1669 1704 1737 αῦτη

102 1735 181 1799 θηκεν
200 1733 309 1805 ἔμψυχον
325 1741 400 1789 ποιῶν
413 1735 455 1788 τίν
469 1733 557 1804 λόγον.
577 1733 764 1788 BFRSYTCV.
786 1731 834 1784 ίίαί
856 1733 886 1787 τδ
928 1735 996 1805 τρίτη
1016 1737 1129 1808 πρισθεία
1146 1736 1204 1806 πρθς
1221 1736 1362 1800 Φίλιππον,
1383 1733 1442 1790 ὄντα
1460 1737 1485 1790 ἐν
1500 1740 1626 1796 Φωκεῦσιν
1646 1744 1704 1814 ήδη.

102 1815 215 1879 συνεχῶς
228 1809 255 1862 δέ
265 1811 295 1863 τί
307 1811 401 1877 πλῆθος
411 1816 460 1864 τῶν
474 1809 618 1872 ἀποδείξεων
631 1809 749 1881 ἐμφαίνει.
769 1811 848 1864 TCV.
929 1812 1058 1882 Συνίστησί
1075 1833 1101 1868 τε
1117 1813 1158 1866 διὰ
1171 1815 1257 1867 τούτου
1272 1815 1355 1867 τόντε
1375 1813 1482 1886 ίλεγχον
1498 1821 1541 1884 τῆς
1561 1821 1707 1891 δωροδοκίας

143 1888 207 1957 377,
217 1888 261 1941 25.
276 1889 323 1941 1ίαί
335 1890 371 1950 τίς
385 1909 430 1961 μου
441 1889 636 1960 καταμαρτυρεῖ,
649 1887 739 1958 φησίν]
756 1887 798 1938 Ἐν
813 1888 886 1958 βαρύ·
929 1891 970 1944 καί
983 1892 1011 1946 τί
1029 1895 1173 1964 παρειμένον
1189 1892 1258 1946 αίτό.
1295 1892 1331 1944 Δι’
1345 1893 1375 1959 ἣν
1390 1893 1437 1964 γάρ
1451 1893 1529 1948 αἰτίαν
1542 1897 1585 1950 οίκ
1599 1899 1706 1972 ἐφώρασε

101 1984 163 2031 τητι
181 1967 263 2019 κεῖταί
278 1965 363 2028 όίτως.
405 1967 448 2029 Ὧς
463 1970 507 2033 τῆς
521 1965 662 2028 ἀποδείξεως
675 1965 702 2018 δέ
718 1969 762 2032 τῆς
778 1965 818 2018 διά
837 1972 886 2019 τῶν
928 1969 983 2032 τοίις
995 1969 1112 2040 Αἰσχίνου
1123 1971 1213 2041 λόγους
1227 1969 1288 2040 μετά
1299 1967 1343 2035 τὴν
1361 1969 1459 2036 έξοδον,
1472 1974 1609 2042 συνίστησιν
1624 1975 1651 2031 ἐκ
1662 1983 1706 2033 τοῦ

103 2044 261 2112 πραγμάτων
278 2043 428 2114 ἐλεγχούσης
440 2043 572 2116 εἰληφότα,
587 2042 612 2096 ἐν
631 2041 684 2108 ήθει
704 2041 748 2108 τὴν
766 2041 886 2096 ἀντίθεσιν
929 2045 971 2100 τίν
985 2046 1103 2118 Αἰσχίνην
1115 2051 1261 2118 καταμεῖναι
1273 2049 1352 2116 δεῦρο.
1369 2049 1450 2104 TCV.

103 2119 234 2192 εἰσήγαγε.
273 2123 322 2176 Καὶ
334 2123 427 2176 τούτων
441 2121 506 2176 οῦτω
524 2124 701 2194 δεικνυμένων,
720 2122 795 2192 φησί,
806 2122 887 2193 τολμᾷ
965 2125 1026 2193 378,
1044 2143 1085 2180 10.
1100 2126 1201 2196 Δοκεῖν]
1215 2124 1269 2178 ἀντὶ
1282 2129 1326 2178 τοῦ
1336 2125 1470 2195 φαίνεσθαι.
1486 2127 1582 2182 ΑἰίΤΡ.

102 2198 199 2267 λέγειν,
218 2224 229 2247 ε
242 2201 283 2253 καί
295 2203 330 2264 τίς
339 2222 384 2272 μου
393 2203 574 2272 καταμαρτυρεῖ
580 2203 646 2272 δῶρα
658 2200 761 2266 λαῦεῖν;
775 2220 786 2249 ι
803 2197 886 2252 Ἥλύ·
965 2203 1027 2271 378,
1043 2203 1084 2258 15.
1099 2203 1193 2265 Καλαίς
1209 2204 1250 2256 καί
1263 2203 1398 2274 μεγάλαις]
1414 2203 1467 2256 κατ’
1479 2203 1613 2274 εἰρωνείαν.
1627 2209 1703 2265 ΑἰίΤ,

102 2295 146 2336 σις
164 2275 266 2330 δέκατά
287 2277 436 2340 ἀντεξέτασιν
456 2283 506 2330 τῶν
520 2279 671 2349 πραγμάτων
693 2280 737 2344 [τε
756 2277 800 2329 καί
812 2276 888 2349 ρημό·
964 2280 1026 2348 378,
1046 2283 1087 2335 18.
1108 2279 1286 2351 Ἐξιιιμοσάμην
1301 2279 1399 2350 είθέως]
1419 2281 1449 2332 Τί
1469 2281 1572 2352 διαφέρει
1587 2282 1706 2354 ἐξωμοσία

102 2357 192 2426 των]
204 2357 259 2408 τίνα
282 2357 375 2410 τούτων
396 2354 594 2427 ἀξιοπιστότερα,
615 2355 690 2423 δῆλον
707 2355 745 2408 ότι
762 2353 793 2408 τίι
806 2358 885 2428 πράγ-
929 2355 970 2408 καί
982 2356 1125 2428 ίπωμοοίας
1137 2357 1258 2428 ἐξωμοσία
1271 2356 1314 2425 μὲν
1326 2357 1373 2426 γάρ
1387 2356 1451 2410 ἐστιν
1465 2356 1481 2424 ἡ
1500 2359 1619 2426 παντελής
1631 2363 1705 2432 ἀρνη-

105 2451 185 2504 ματα.
199 2433 281 2490 TCV.
930 2451 966 2494 αις
980 2435 1035 2504 μεθ’
1057 2437 1143 2505 θραου,
1158 2435 1287 2505 ίπωμοσία
1301 2435 1327 2487 δὲ
1345 2434 1361 2500 ὴ
1381 2434 1479 2505 ἔνορκος
1500 2436 1625 2504 ἀναῦολή,
1647 2442 1706 2494 όταν

145 2512 207 2580 377,
219 2517 264 2568 κθ.
276 2513 354 2564 Τοῦτο
365 2513 413 2582 γάρ
427 2511 477 2565 ἐστι
489 2509 659 2582 τὀλαμπρδν]
675 2509 710 2563 Ἢ
721 2511 759 2563 ότι
770 2513 842 2563 τοῦτο
855 2512 888 2575 ώς
930 2511 1008 2585 ἀμνόη
1022 2533 1057 2575 τις
1072 2516 1116 2567 ’ότι
1131 2519 1173 2566 νῦν
1189 2514 1231 2586 μέν
1246 2513 1274 2566 οὗ
1288 2514 1392 2583 δύναμαι
1405 2515 1461 2567 τόδε
1479 2521 1592 2582 ποιῆσαι,
1606 2518 1706 2590 ίστερον

104 2591 173 2660 μέγα
186 2590 227 2642 καί
239 2589 352 2660 λαμπρόν
366 2589 482 2659 Αἰσχίνης
501 2589 636 2660 προτείνει,
652 2589 668 2655 ἢ
687 2591 725 2642 ίτι
740 2588 769 2643 τί
782 2596 887 2660 φανερῶς
929 2591 955 2644 δέ
972 2591 1030 2644 αίτδ
1050 2592 1155 2658 ποιήσω.
1192 2591 1317 2662 Διωμοσία
1332 2591 1385 2658 δέίη
1399 2594 1515 2663 γινομένη
1530 2594 1555 2648 ἐν
1574 2599 1625 2658 τοῖς
1638 2599 1706 2650 δικα-

102 2687 137 2720 σε
149 2669 221 2722 πλέον
231 2667 335 2740 ἐλέγχον
345 2707 352 2732 ,
364 2671 438 2722 τοῦτό
452 2669 528 2722 ἐστιν.
542 2669 622 2721 TCV.
930 2669 1051 2738 στηρίοις,
1064 2670 1122 2722 θταν
1135 2669 1213 2742 όμνύη
1224 2668 1266 2722 καί
1277 2669 1291 2722 θ
1302 2669 1437 2739 κατήγορος
1449 2670 1490 2722 καί
1499 2670 1513 2722 ό
1521 2671 1631 2742 φεύγων·
1646 2674 1706 2742 αῦτη

145 2747 205 2814 378,
220 2763 247 2801 2.
261 2746 324 2816 ἰίρθς
336 2747 362 2800 δέ
375 2748 427 2808 τοῖς
439 2747 596 2817 πράγμασιν]
614 2745 767 2816 Σημείωσαι·
784 2746 886 2814 κλητικίγ
930 2745 955 2799 δέ
969 2747 1010 2800 καί
1022 2747 1164 2818 ἀντωμοσία
1176 2747 1283 2817 λέγεται.
1302 2748 1476 2800 ACDGRTV.

102 2825 234 2894 περίοδος,
255 2827 324 2896 μέρος
341 2825 490 2897 πνεύματος,
509 2826 542 2888 ώς
555 2823 709 2894 ἀποστροφήν
723 2823 886 2897 ἐργαζόμενον
965 2823 1072 2896 Είθέως]
1098 2823 1255 2890 Ἀσκληπιοῦ·
1269 2825 1298 2877 τί
1313 2823 1398 2885 εὐθέως
1409 2826 1539 2894 σοφώτατα
1551 2828 1703 2896 πρόσκειται·

103 2902 152 2955 καί
164 2905 311 2974 καταφοράν.
326 2904 403 2957 ΒΥΡ.
930 2898 1010 2967 ἐπειδὴ
1028 2901 1076 2971 γάρ
1095 2901 1136 2953 καί
1153 2901 1270 2971 Αἰσχίνης
1281 2901 1420 2972 ἐξωμόσατο
1442 2903 1483 2954 καί
1498 2902 1587 2968 ἰσάζει,
1609 2905 1638 2956 τί
1663 2905 1706 2975 μέν

145 2982 207 3051 378,
221 2983 246 3035 3.
272 2981 422 3053 Απόκριναι]
438 2982 486 3034 Δύο
499 2981 598 3053 βήματα
616 2977 663 3048 ήν,
684 2985 727 3035 τοῦ
750 2986 887 3056 κατηγόρου
931 2978 1004 3031 αύτοῦ
1013 2980 1130 3032 δείκνυσιν
1143 2978 1250 3049 είλόγως
1261 2981 1406 3050 γινόμενον,
1421 2981 1464 3034 τδν
1474 2980 1500 3032 δέ
1509 2980 1632 3050 Αἰσχίνην
1646 2982 1707 3052 μετά

103 3062 152 3116 καί
164 3065 206 3116 τοῦ
220 3061 488 3135 ἀπολογουμένου,καί
500 3065 544 3114 τοῦ
558 3061 611 3123 ένδς
628 3061 743 3132 λέγοντος
763 3063 887 3127 ἐκαθέζετο
930 3057 959 3110 τί
971 3057 1064 3128 στέρξω
1078 3057 1218 3128 κακούργως
1232 3057 1411 3128 ἆρίῦΰάίέένῡί·
1428 3059 1614 3114 BFASYTCV·
1629 3061 1709 3128 8ῦίοῗ

102 3133 329 3208 ὁίτερος,έωςοῦ
345 3137 412 3210 είπη.
448 3139 483 3190 Τδ
498 3137 524 3191 δέ
541 3136 669 3208 ἀπόκριναι
681 3137 754 3191 εἰπὼν
773 3139 816 3192 οίκ
830 3139 886 3195 ffl-
930 3135 956 3188 δέ
965 3136 1016 3208 ἅμα
1028 3135 1070 3189 καί
1079 3133 1124 3202 τήν
1137 3135 1245 3189 εὔνοιαν·
1259 3137 1349 3208 ώςγάρ
1360 3137 1706 3210 φιλόπολίνμεήναγκάσατι.

103 3214 186 3264 δωκεν
198 3253 206 3277 ,
219 3211 276 3264 ἀλλ’
290 3213 358 3275 εύθίις
369 3213 427 3284 πρὸς
441 3214 506 3266 ἀλλο
518 3213 618 3286 ἐτράπη.
656 3215 764 3285 Αέγομεν
775 3217 813 3268 θτι
830 3219 887 3288 πρθς
930 3213 1006 3266 TCV.

103 3288 140 3341 τί
154 3288 274 3360 ἀνώτερον
285 3290 367 3343 κῶλον
384 3290 505 3344 ἀπέδωκεν
520 3288 588 3344 οἷον·
603 3291 639 3352 τίς
651 3287 667 3356 ἡ
680 3293 782 3362 πρόνοια
799 3292 859 3360 αῦτη
871 3292 886 3361 ίη
965 3292 1027 3360 378,
1042 3295 1085 3344 26.
1099 3288 1141 3356 Μὴ
1157 3290 1292 3361 σύγκλητος
1308 3289 1424 3358 ἐκκλησία
1439 3293 1556 3364 γένηται]
1567 3295 1709 3364 Σύγκλητος

104 3363 170 3434 ίιπέρ
182 3369 226 3418 τοῦ
239 3366 423 3436 Φιλοκράτουςς
439 3368 519 3420 ΑἰίΤ.
931 3369 1048 3436 ἐκκλησία
1069 3367 1084 3435 ἦ
1105 3370 1222 3440 γινομένη
1240 3368 1350 3440 ἐξαίφνης
1367 3369 1407 3422 διά
1426 3371 1455 3423 τί
1473 3375 1627 3442 κατεπεῖγον.
1652 3375 1706 3430 BY.

149 3440 282 3514 Ἀπόκριναι
299 3443 347 3514 γάρ
371 3446 456 3515 δεῦρο]
470 3443 505 3496 Ἢ
522 3445 581 3516 πρὸς
597 3443 626 3497 τδ
640 3443 751 3516 ἀνωτέρω
768 3445 821 3516 έχει
843 3447 887 3515 τὴν
930 3449 1000 3520 Τρεῖς
1013 3448 1060 3520 γάρ
1075 3448 1201 3515 ἰκκλησίαι
1215 3451 1258 3500 τοῦ
1277 3449 1353 3518 μηνθς
1367 3449 1477 3518 γίνονται
1489 3449 1636 3520 ὡρισμέναι·
1653 3451 1709 3518 ήδέ

107 3518 234 3590 ἀναφορδν
257 3526 348 3586 τοῦτο,
367 3523 384 3588 ἢ
406 3523 444 3574 ίτι
463 3528 511 3575 τιῗιν
532 3522 616 3575 ἀλλων
637 3524 758 3594 πρέσόεων
778 3524 887 3595 ἐχόντων
931 3527 1065 3599 σύγκλητος
1084 3525 1132 3596 ούχ
1153 3527 1284 3596 ὡρισμένη.
1302 3527 1456 3580 ACDGRV.
1470 3527 1610 3598 Σόγκλητος
1624 3529 1650 3584 δέ
1668 3531 1708 3584 ἐκ·

106 3600 230 3668 πρόφασιν
251 3600 281 3651 οῦ
295 3601 409 3670 οίδεμίαν
423 3600 487 3670 ἔχεις
498 3605 541 3654 τοῦ
556 3601 588 3672 μή
602 3601 750 3654 ύπακοῦσαι·
767 3601 818 3656 ἰπεί
831 3603 890 3658 ἀπό-
930 3605 1020 3672 κλησία
1033 3603 1134 3670 ἐκλήθη,
1149 3601 1229 3668 ἐπειδὴ
1245 3602 1271 3655 ἐν
1286 3601 1329 3672 μέν
1340 3605 1392 3664 τοῖς
1408 3603 1519 3673 νομίμοις
1534 3605 1574 3658 καί
1583 3609 1708 3673 συνήθεσιν

103 3695 204 3746 κρινοιι,
218 3677 258 3730 διδ
267 3679 292 3732 τί
304 3678 351 3750 οίχ
362 3679 498 3746 ίιπήκουσας
509 3681 673 3752 καλούμενοςς
685 3681 714 3734 τί
726 3681 752 3734 δὲ
765 3679 886 3749 ἀναστὰς,
932 3681 971 3752 ἀφ’
992 3681 1079 3734 έαυτοῦ
1092 3681 1106 3733 ό
1117 3681 1194 3750 δῆμος
1207 3681 1361 3750 συνέτρεχεν
1373 3681 1432 3732 όταν
1444 3680 1471 3732 δέ
1485 3681 1510 3742 ἐξ
1524 3680 1630 3753 ἀνάγκης
1642 3686 1707 3748 τινίς

104 3753 192 3818 ἐπειδὴ
205 3754 238 3818 εἰς
250 3757 278 3810 τδ
295 3759 376 3828 ἕτερον
392 3759 459 3828 βῆμα
472 3757 486 3811 θ
500 3761 641 3830 κρινόμενος
649 3759 790 3824 ἐκαθέζετο,
802 3762 847 3824 έως
859 3763 888 3814 ἀν
931 3763 1052 3832 σύλλογος
1064 3761 1179 3830 γίνηται,
1195 3759 1344 3825 συγκαλοῦσι
1355 3757 1415 3820 τινές
1429 3761 1568 3830 περιιόντες.
1582 3761 1663 3818 TCV.

104 3833 228 3906 πληρώση
239 3835 282 3888 τθν
296 3837 374 3907 λόγον
392 3836 431 3890 έπί
442 3841 486 3890 τοῦ
498 3837 577 3908 ἐτέρου
592 3837 700 3908 βήματος
715 3837 886 3910 όκατήγορος.
967 3840 1029 3909 378,
1044 3841 1087 3892 28.
1102 3837 1149 3889 Καὶ
1159 3836 1190 3889 τὰ
1198 3837 1330 3908 πράγματα
1343 3835 1433 3908 ἐκρίγη
1445 3837 1487 3889 τίν
1499 3837 1638 3906 Φίλιππον]
1648 3837 1709 3895 Οίον

106 3910 147 3964 Ἣ
158 3911 215 3982 πρδς
227 3912 257 3966 τί
275 3917 318 3966 νῦν
334 3913 462 3984 ἀπόκριναι
475 3914 612 3986 εἰρημένον.
653 3913 788 3985 Απόκριναι
802 3918 841 3970 ότι
860 3917 888 3970 οί
932 3917 961 3970 τδ
976 3916 1126 3986 κατασκάψαι
1138 3914 1247 3975 Φωκέας.
1286 3913 1350 3984 Ὅρα
1363 3914 1390 3967 δί
1404 3913 1529 3985 πῶςὴμάς
1547 3915 1651 3979 ἐδίδαξεν
1670 3917 1709 3970 ἐν·

105 3988 142 4044 τά
153 3991 284 4061 πράγματά
297 3991 349 4045 ἐστι
368 3998 417 4046 τῶν
432 3995 556 4064 μαρτύριον
571 3994 709 4064 πιστότερα.
719 3995 799 4051 TCV.
932 3994 1009 4048 ταῦθα
1026 3995 1064 4047 ότι
1078 3993 1119 4046 καί
1131 3997 1174 4059 τῆς
1187 3991 1267 4062 τρίτης
1279 3992 1404 4062 πρεσῦείας
1420 3993 1566 4062 πεμφθείσης
1578 3994 1643 4065 παρὰ
1659 4001 1708 4049 τῶν

149 4067 211 4137 378,
230 4069 256 4125 ⁵.
278 4069 322 4132 Ὃς
336 4069 383 4141 γάρ
398 4069 510 4140 ἀγῶνας]
529 4071 569 4123 διά
582 4072 708 4142 Τίμαρχον
726 4071 810 4142 λέγει,
827 4073 890 4126 διότι
936 4070 1066 4138 Ἀθηναίων
1080 4069 1116 4123 έτι
1126 4069 1244 4131 ἐσώζοντο
1258 4070 1283 4122 οί
1294 4070 1400 4131 Φωκεῖς.
1413 4071 1515 4123 ATCV.

105 4147 278 4216 κατηγόρησεν
301 4147 391 4214 ούτοῦ,
414 4150 527 4219 γέροντος
544 4147 646 4220 ἀνδρὸς,
669 4149 702 4210 ὡς
720 4147 888 4220 ἡταιρηκότος.
968 4149 1030 4219 379,
1045 4149 1070 4200 3.
1084 4146 1146 4200 Οίτε
1157 4146 1205 4218 γάρ
1216 4149 1283 4209 σῖτος
1292 4142 1339 4218 ἥν]
1349 4147 1380 4199 Οέ
1392 4147 1434 4218 μέν
1443 4147 1548 4217 περὶτῆς
1559 4147 1711 4212 Μακεδονίας

105 4223 188 4278 ΑἰίΤ.
933 4225 1075 4291 ἐλαίον,οί
1097 4225 1123 4278 δέ
1136 4225 1191 4296 πιρί
1211 4229 1253 4292 τῆς
1268 4225 1390 4286 Φωκίδος.
1427 4222 1491 4278 Είτα
1505 4224 1586 4290 ἐπειδὴ
1604 4224 1666 4289 εἰκός
1679 4224 1710 4295 ήν

151 4297 255 4371 ’ἀγῶνας
275 4303 389 4372 καινούς]
409 4301 547 4372 Παρόδοξος
570 4301 618 4373 γάρ
640 4302 654 4355 ί
680 4301 743 4356 κατὰ
764 4303 890 4374 Τιμάρχου
932 4324 998 4368 τινας
1020 4305 1111 4358 ἐννοεῖν
1137 4305 1175 4356 ίτι
1194 4303 1253 4354 ἀλλ’
1275 4302 1362 4365 ἐξωθεν
1383 4302 1515 4368 ἐπεισάξει,
1534 4303 1599 4356 λύων
1619 4305 1708 4375 φησίν,

108 4377 193 4448 ἀγών·
209 4379 291 4446 ἐπειδὴ
305 4381 394 4450 σχεδδν
409 4383 574 4452 γεγηρακότος
584 4381 657 4435 αύτσῦ
670 4381 757 4435 λοιπθν
775 4381 830 4452 περί
847 4385 890 4449 τῆς
936 4405 947 4434 ι
959 4381 1017 4436 Οίθ’
1032 4382 1048 4449 ἡ
1061 4383 1208 4453 σιτοπομπία
1219 4381 1319 4447 δυνατή.
1337 4382 1437 4438 »TCV.
1453 4381 1488 4434 Τί
1502 4381 1528 4434 δὲ
1541 4383 1594 4454 ήρει
1603 4381 1658 4435 ἀντὶ
1666 4387 1710 4436 τοῦ

108 4455 258 4526 ἑταιρήσεως
280 4459 464 4529 κατηγόρησεν,
489 4459 560 4520 ἐάσας
586 4459 631 4526 τήν
654 4462 709 4513 νέαν
728 4459 826 4527 ἡλικίαν
844 4459 889 4526 τήν
933 4461 1056 4533 ἐλάμόανε
1071 4460 1113 4513 καί
1131 4459 1270 4531 ἐχειροῦτο,
1287 4459 1338 4512 ἐστι
1347 4459 1419 4520 δέίις
1432 4458 1459 4512 ἐκ
1476 4463 1520 4512 τοῦ
1531 4459 1593 4530 αίριῗι
1604 4459 1711 4532 ῥήματος

107 4532 228 4588 ῦποπτον.
267 4533 331 4587 Ἀνω
352 4535 374 4587 δ’
393 4534 466 4589 εἰπὼν
482 4537 546 4598 τίνος
565 4537 636 4590 ἕνεκα
662 4537 828 4609 καλούμενος,
849 4541 890 4592 ὅτε
933 4542 1122 4612 περισπωμένου.
1138 4539 1306 4594 ACDGRTV.

115 4609 245 4681 ’Υπερδης
269 4611 314 4678 τήν
338 4613 495 4686 εἰσαγγελίαν
516 4615 638 4680 ἐποιεῖτο,
665 4617 712 4686 ούχ
739 4617 888 4683 ίπήκουσας,
970 4621 1031 4690 379,
1051 4635 1092 4672 12.
1111 4619 1141 4671 Τί
1154 4619 1248 4689 λέγεις]
1264 4617 1355 4678 Πλάσις
1370 4617 1503 4686 χαριέντως
1519 4619 1562 4668 τοῦ
1579 4619 1708 4686 προσώπου

110 4689 241 4762 ἐπειδήπερ
256 4689 411 4759 ἀντέπιπτεν,
422 4693 457 4746 Ού
471 4694 518 4766 γάρ
528 4694 649 4766 ἰοκέμμην
662 4695 712 4746 οὗθ’
725 4693 827 4766 ἑτοίμως
839 4694 891 4765 ίχω
933 4697 1110 4768 ἀντιλέγοντος.
1149 4695 1220 4749 ’Ἔστι
1231 4695 1257 4748 δέ
1268 4693 1407 4764 ἀποστροφὴ
1416 4693 1474 4764 πρθς
1484 4694 1572 4759 αίτθν,
1582 4695 1615 4756 ὡς
1624 4695 1650 4748 ἐκ
1661 4701 1710 4749 τών

109 4769 268 4838 λέγειν,τι]ν
282 4771 378 4826 αἰτίαν·
394 4773 487 4835 ἰξείλεν
501 4773 591 4837 εἰπὼν,
608 4773 890 4845 ιθςγάράγιῖινκςκαι-
937 4775 1083 4842 Ἀθηναίων.
1119 4772 1193 4826 Τίδέ
1213 4773 1263 4826 ἰδει
1283 4772 1309 4826 δέ
1325 4775 1421 4844 μένειν,
1437 4773 1470 4834 ώς
1485 4771 1512 4824 ἐκ
1530 4775 1573 4824 τοῦ
1587 4773 1710 4842 Δημοσθέ·

114 4871 128 4898 ·
151 4848 222 4913 έθῖέύν
236 4850 458 4922 bammum,
477 4851 629 4912 καίτοῦτοῦς
648 4850 814 4922 ἅμαρτῦρῠντ,
834 4853 892 4923 πρός
935 4873 1005 4916 νους·
1019 4852 1087 4906 τίδέ
1105 4857 1154 4914 πῶς
1167 4845 1210 4906 οῦν
1232 4852 1285 4904 κατ’
1306 4849 1438 4920 ἐρώτησιν·
1454 4853 1527 4902 τοῦτο
1543 4851 1590 4920 γάρ
1602 4866 1674 4918 φησιν
1695 4847 1711 4899 ό

115 4949 129 4977 ιι
148 4928 373 5000 διαμεμετρημένην
391 4927 437 4995 τήν
450 4929 542 5002 ἡμέραν
561 4930 637 5001 αίρεῖς
656 4931 762 4984 διώκων.
784 4952 796 4980 ι
817 4931 851 4983 Τθ
865 4929 891 4984 δέ
935 4931 1029 5003 ῥήτωρ·
1041 4930 1066 4982 τί
1074 4923 1134 4992 οθνι
1145 4929 1183 4981 ότι
1196 4928 1267 4999 χρεία
1279 4923 1309 4994 ἦν
1321 4929 1478 4998 παραμεῖναι.
1492 4927 1568 4979 TCV.

112 5006 233 5076 [ὥσπερ]
246 5007 358 5078 δράματα
377 5008 417 5060 διά
430 5009 459 5062 τδ
477 5008 541 5062 εἰναι
561 5007 691 5080 ίποκριτὴν
709 5008 793 5076 εἶπεν,
816 5011 892 5066 οίονεί
971 5011 1086 5079 37919.
1104 5007 1150 5059 1ίαί
1158 5007 1227 5068 τέλος
1238 5003 1292 5076 εἶχε
1303 5005 1332 5059 τί)
1341 5005 1471 5076 μίσθωμα]
1482 5005 1514 5066 ὣς
1529 5004 1710 5076 {memmim-

113 5081 258 5156 πλάσματα.
295 5084 442 5157 Είσάγονται
462 5086 510 5158 γάρ
523 5085 597 5140 κάκεῖ
606 5089 686 5158 ὥσπερ
695 5087 734 5143 ἐπί
747 5092 790 5156 τῆς
802 5095 891 5160 σκηνῆς
935 5109 976 5151 τος
986 5087 1101 5158 Αἰσχίνου
1110 5087 1151 5141 καί
1162 5085 1403 5156 όμολογήσαντος,ἀ
1417 5083 1505 5141 έποιθον
1517 5083 1623 5146 Φωκεῖς.
1632 5083 1710 5138 ch.
