4114 6088
729 522 770 582 11.
792 521 1043 584 ΟΛΥΝΘΙΑΚΟΣ
1066 523 1101 585 B.
1659 535 1716 588 517

109 646 266 710 Μονόκωλος
278 644 436 718 σχοινοτενὴς
456 646 567 720 περίοδος
585 645 610 702 ἰν
623 647 754 721 ύπιρύατῷ
771 668 894 722 σχηματι-
973 657 1016 719 16,
1030 657 1074 707 κθ.
1087 652 1149 708 (mk
1162 653 1240 726 λόγου
1259 655 1374 726 προσδεῖν
1387 653 1510 728 ἡγοῦμαι]
1525 653 1554 708 ού
1567 653 1616 726 γὰρ
1629 655 1677 723 ,δεῖ
1687 657 1718 709 τὰ

110 730 207 782 σθεῖσα.
244 727 280 780 ’ἰδ
298 729 385 800 σχῆμα
406 727 433 782 δί
445 725 590 799 ἐπιτίμησις.
608 727 691 784 mv.
704 728 739 782 ’ἰό
750 729 777 783 δί
790 729 893 802 αυνάρα·
936 730 1125 804 ὁμολογούμενα
1143 734 1346 795 κατασκευάζειν·
1370 734 1412 787 καί
1429 734 1473 788 δύο
1490 739 1572 788 κακῶν
1593 736 1719 804 προκειμί-

111 807 183 873 σθαι,
201 805 335 860 συλλαθεῖν
352 805 395 858 καί
408 805 528 877 άρπάσαι,
543 806 702 877 συνάψασθαι.
719 809 750 864 Ρ.
935 812 1096 864 νων-κακόν
1106 809 1329 882 γόρύπόλεμος-,
1337 811 1441 884 αἱρεῖται
1447 807 1707 880 τόῆττονᾸίἰλςίὉλί
1709 853 1718 868 .

148 891 191 951 16,
206 891 233 940 ό.
254 884 477 956 ἰίρεσόευομίνους]
496 885 674 956 ίΙρεσόεύεσθαί
691 903 764 958 φησιν
786 885 826 942 ἰπλ
843 892 892 941 τῶν
974 894 1018 957 ιό,
1033 905 1077 958 α7.
1091 889 1121 941 Εἰ
1130 889 1178 960 γάρ
1191 889 1267 961 ύμεῑς]
1285 889 1427 962 Ἔπίλογος.
1437 893 1469 948 Β.
1710 937 1712 942 .

110 964 267 1037 όγναούντων
295 963 338 1016 τόν
357 964 493 1030 Φίλιππον,
520 965 565 1017 ἵνα
590 962 674 1036 διδάξῃ
696 964 782 1027 αύτούς
804 963 837 1038 μὴ
857 986 895 1020 πι-
974 973 1017 1031 ιδ,
1034 971 1078 1022 κθ.
1096 968 1161 1030 'Eia
1174 969 1302 1040 γενίσθαι]
1316 969 1372 1039 Ούχ
1387 969 1469 1032 όπλῶς
1479 969 1605 1042 λίγειίξω
1618 973 1718 1039 τῆςπό-

110 1045 203 1098 στεύειν
216 1043 292 1114 αύτῷ·
310 1042 350 1097 ἰπὶ
360 1043 387 1097 δί
404 1048 453 1096 τῶν
465 1043 565 1098 εἰδότων
577 1043 631 1115 μίν,
646 1043 802 1114 ρούουμίνων
817 1044 853 1109 δί,
864 1045 893 1098 τό
936 1045 1014 1110 λεως,
1030 1044 1087 1098 όλλ’
1103 1045 1149 1108 ἔξω
1161 1049 1205 1113 τῆς
1216 1048 1299 1118 χώρας
1313 1045 1339 1100 ίν
1350 1048 1501 1119 Μακεδονία.
1514 1050 1635 1104 BS‘mv.

111 1123 276 1195 όγγίλλεαθαι
285 1121 348 1193 ύμᾶς
361 1124 399 1175 ότι
412 1121 581 1194 στρατεύεαθε,
591 1123 635 1175 ἵνα
643 1121 822 1194 παροξυνθῶαιν
835 1123 893 1196 ύπίρ
974 1141 1016 1195 17,
1031 1139 1058 1177 α.
1071 1123 1137 1185 Τούς
1148 1126 1334 1196 γεωργοῦντας]
1349 1123 1397 1194 ούχ
1407 1123 1490 1187 όπλῶς
1499 1126 1556 1188 τούς
1569 1127 1720 1189 σκάπτοντας

110 1207 155 1255 τού
167 1203 253 1273 μηείτι
263 1202 367 1254 δεδιίναι
380 1201 463 1270 σύτόν.
477 1201 653 1256 Afflnch.
936 1201 981 1268 τὴν
999 1205 1058 1274 γῆν,
1079 1201 1146 1256 άλλόι
1160 1202 1203 1256 καλ
1215 1202 1271 1265 τούς
1284 1205 1446 1274 κικτημίνους
1461 1202 1558 1274 άγρενύς.
1569 1206 1699 1259 BHTCV.

152 1285 195 1346 16,
210 1283 237 1334 θ.
251 1280 327 1333 Δάόοι
336 1281 390 1334 καθ’
404 1281 473 1352 ύμιῗιν
483 1287 594 1334 τοιοῦτον
603 1279 705 1351 καιρόν]
716 1274 768 1342 οἰος
777 1283 819 1332 νύν
834 1280 893 1352 ύμῖν
975 1298 1018 1352 17,
1041 1281 1067 1336 3.
1083 1281 1132 1334 Τόν
1151 1282 1197 1352 πρό
1210 1285 1254 1335 τού
1265 1279 1391 1353 πόλεμον]
1406 1282 1446 1336 τδν
1468 1283 1500 1334 δι’
1515 1280 1657 1354 ’λμρίπυλιν
1676 1284 1717 1337 λό·

112 1358 166 1414 ἰστλ
176 1359 230 1412 κατ’
246 1356 353 1412 ἐκείνου·
374 1359 416 1412 καί
426 1358 534 1430 πόλεμος
546 1360 643 1428 γίνοιτο
655 1358 714 1428 πρός
726 1361 758 1428 τῇ
777 1359 850 1430 χεύρρ
862 1361 894 1432 τῇ
937 1379 991 1432 γει,
1008 1359 1042 1422 εἰς
1059 1361 1087 1414 δν
1105 1359 1177 1431 χῠιια
1190 1361 1301 1412 διακόσια
1314 1359 1424 1414 τάλαντα
1438 1360 1565 1428 όναλεύθη.
1578 1362 1699 1416 BSTCV.

111 1437 231 1510 ἡμετόρᾳ,
245 1439 352 1508 καθάπερ
372 1443 415 1490 ν’ύν
433 1442 465 1510 τῇ
485 1437 591 1492 ἐκείνου·
611 1435 627 1504 ἡ
641 1436 689 1508 γὰρ
709 1436 828 1500 Ὄλυνθος
841 1440 893 1510 γεί·
975 1456 1018 1508 ι7,
1035 1439 1060 1493 5.
1074 1439 1210 1510 Πρόσεσθ]
1222 1441 1253 1510 τῇ
1266 1439 1342 1511 ζημία
1354 1440 1533 1510 περιφρόνησις.
1546 1441 1576 1497 Ρ.

111 1535 161 1570 των
182 1515 256 1586 αύτῷ.
281 1517 313 1570 Ρ.
329 1513 359 1567 Εἰ
381 1521 507 1580 τοιαῦται,
527 1515 611 1586 φησλν,
633 1515 698 1587 αύτῷ
719 1518 894 1587 προσγίνοιντο
974 1536 1017 1588 17,
1032 1537 1059 1588 7.
1071 1517 1199 1589 Σείεφροαι]
1215 1519 1267 1580 τοῖς
1284 1520 1393 1579 συνετοῖς
1403 1517 1445 1572 καί
1456 1521 1562 1582 σώζουσι
1571 1517 1614 1581 τός
1622 1519 1717 1590 φρένας.

112 1593 206 1648 πολλαὶ
218 1593 341 1664 εύπαρίαι,
362 1587 414 1646 οἰαι
434 1597 476 1646 νῦν
496 1591 573 1663 ἰιμῖν·
590 1593 632 1646 καλ
644 1593 729 1658 πάλιν,
743 1591 766 1646 εί
784 1593 893 1666 πόλεμόν
936 1597 1033 1651 BTCP.

112 1695 168 1730 τινα
178 1675 299 1746 σχοίημαν
310 1675 413 1745 θμορον,
425 1675 459 1737 ῶς
472 1673 542 1737 αύτδς
552 1677 595 1728 νύν
607 1671 667 1745 ἰαχε
676 1673 719 1728 τδν
733 1677 765 1746 τῇ
782 1672 894 1750 Ὀλύνθῳ
972 1675 1058 1728 Πάντα
1070 1672 1100 1741 δὴ
1112 1675 1206 1746 ταῦτα]
1228 1672 1355 1728 Ἐντεῦθεν
1373 1674 1389 1728 ό
1403 1673 1525 1746 ἰπίλογος.
1545 1675 1598 1730 ΒΡ.
1617 1672 1662 1728 Ἐκ
1676 1679 1721 1729 τού

114 1754 294 1826 γειτνιάζοντα.
305 1754 387 1808 ch.
937 1755 1099 1825 συμφίροντος
1123 1753 1254 1824 κεφαλαίου
1277 1753 1332 1814 τούς
1351 1751 1480 1824 ἰπιλόγους
1499 1751 1597 1824 εἴληφε·
1613 1755 1655 1806 δεῖ
1672 1753 1721 1825 γάρ

150 1837 192 1898 τό,
210 1848 251 1888 ιο.
264 1830 369 1903 Πρδςτῇ
385 1831 472 1902 χώρᾳ]
484 1829 561 1902 ἤγουν
580 1829 678 1902 όμορῶν
689 1834 721 1903 τῇ
734 1834 818 1904 χώρᾳ,
830 1832 863 1896 ῶς
878 1832 893 1887 ό
938 1831 964 1886 ἰκ
974 1837 1023 1886 τῶν
1036 1832 1140 1903 ἰσχυρῶν
1151 1831 1190 1885 όελ
1200 1833 1242 1886 καί
1255 1836 1304 1886 τῶν
1315 1836 1461 1886 αινεκτοιῶν
1473 1831 1516 1894 τὰς
1529 1830 1718 1904 άνακεφαλαιόι·

112 1911 237 1974 Φθιιππος
260 1913 303 1964 ν’ύν
330 1908 384 1981 ἰχει
407 1911 451 1964 τδν
477 1915 527 1966 τῶν
552 1908 688 1964 Ὀλυνθίων
712 1913 891 1981 γειτνιάζοντα.
938 1929 987 1974 σεις
999 1911 1041 1964 καί
1053 1909 1248 1982 τούςίπιλόγους
1259 1909 1405 1982 λαμόάνιιν.
1424 1911 1547 1968 AB'I'CV.

112 1991 190 2045 HBS.
460 1981 464 1988 ¹
975 2005 1017 2056 17,
1033 1991 1059 2042 θ.
1075 1986 1187 2059 Ἐκιῖσε]
1203 1985 1236 2050 είς
1251 1985 1297 2054 τὴν
1310 1987 1475 2041 Μακεδονίαν.
1491 1989 1521 2040 Ρ.

152 2074 195 2134 ι6,
211 2083 254 2121 ιι.
266 2065 323 2120 Εἶτ’
335 2067 380 2120 οθκ
392 2066 547 2138 αίσχύνεσθε]
564 2065 595 2120 Ἦ
604 2067 714 2138 περίοδος
730 2067 893 2138 ἰπιτιμητικὴ,
975 2084 1018 2135 ι7,
1036 2083 1078 2120 ιι.
1097 2066 1158 2128 Τοθς
1176 2067 1198 2118 δ’
1210 2064 1235 2120 όν
1249 2065 1350 2136 ἰηλιαίη]
1367 2065 1423 2128 τούς
1442 2066 1588 2138 δυναμίνους
1600 2063 1666 2118 όπλα
1678 2065 1720 2135 φί·

113 2148 195 2214 ἧόστι
208 2145 366 2218 μονόκωλος,
379 2146 452 2217 φησίν
469 2144 628 2218 Ἕρμογίνης.
648 2147 701 2202 (ΖΡ.
717 2145 813 2218 ’λσσφδς
830 2145 895 2202 εἰναι
937 2165 987 2217 ρειν
999 2147 1041 2200 καί
1060 2147 1190 2217 μάχεσθαι.
1207 2148 1237 2200 Ρ.
1251 2145 1314 2207 ’ἰούς
1333 2146 1481 2212 νεωτίρους·
1498 2141 1585 2209 ἡλικία
1598 2141 1646 2215 γάρ
1660 2141 1721 2205 ἔξει,

112 2226 186 2280 δοκεῖ
203 2227 242 2300 τίη
254 2225 359 2296 χοιρίον·
384 2224 478 2292 όδηλον
497 2223 546 2297 γδρ
563 2226 611 2278 τίνι
632 2222 681 2296 χρὴ
700 2227 846 2297 προσνεῖμαι
865 2227 894 2280 τό
938 2226 1011 2296 ρίτεις
1032 2223 1072 2278 ἰπλ
1088 2229 1137 2277 τῶν
1158 2224 1299 2294 νεωτίρων·
1319 2221 1345 2276 ἰν
1366 2221 1427 2295 αύτῇ
1445 2222 1493 2294 γάρ
1510 2223 1590 2276 πάντα
1605 2221 1720 2292 πράττειν

116 2307 221 2356 ιταύτα
242 2307 359 2370 ποιῆσαι,
385 2305 586 2374 νπότερονποῖς
610 2301 777 2372 Ἀθηναίοις]
798 2310 834 2376 τῷ
846 2303 894 2357 Φι·
937 2303 1070 2374 δυνάμεθα.
1085 2303 1143 2358 CV.
1155 2299 1306 2364 Τούςδ’ίξω
1319 2304 1363 2368 τῆς
1372 2299 1550 2368 ηλικίας,ι]τοι
1559 2300 1682 2371 γίροντας.

111 2382 208 2453 λίπναρ,·
225 2382 296 2434 δοκεῖ
305 2379 354 2452 γόρ
368 2379 403 2452 ἔφ’
418 2380 536 2452 ίκατίρων
557 2381 683 2452 ἁρμόζειν.
720 2377 770 2452 Χρὴ
791 2375 834 2434 ούν
855 2381 895 2436 ίπλ
976 2397 1018 2451 ι7,
1032 2381 1075 2437 13.
1086 2381 1147 2443 ’ἰούς
1160 2381 1187 2434 δί
1200 2380 1328 2451 λίγοντας]
1340 2378 1416 2451 ἤγουν
1428 2381 1485 2442 τολις
1494 2379 1607 2450 ῥήτορας.
1619 2379 1718 2432 ίίίίὸΡ.

112 2465 163 2513 τῶν
174 2459 291 2514 τοιούτων
301 2457 399 2528 όσαφῶν
409 2458 451 2512 καί
460 2459 656 2530 ἐπαμφοτερίζειν
667 2460 804 2513 δοκούντων
814 2459 841 2514 ἔκ
851 2464 895 2514 τοῦ
941 2457 998 2514 ’Aah
1014 2462 1099 2512 κοινού
1120 2457 1252 2526 ίκληπτίον
1266 2459 1296 2512 τδ
1310 2459 1362 2512 δεῖν
1378 2459 1478 2529 βοηθεῖν
1491 2457 1533 2511 καλ
1549 2455 1657 2510 ἀπωθεῖν
1669 2455 1722 2510 ἰκεῖ

112 2539 197 2600 τίλους
210 2537 249 2593 ίπί
262 2537 307 2604 τὴν
332 2535 412 2608 ἀρχὴν
435 2535 541 2592 άνιίναι·
565 2537 698 2604 λυθήσεται
716 2537 765 2609 γόρ
783 2537 859 2600 οὕτως
878 2538 894 2606 ἰ]
937 2538 980 2592 τόν
997 2537 1118 2608 πόλεμον.
1131 2539 1207 2591 HRS.

113 2615 226 2686 ἀσάφεια.
263 2609 324 2668 Οἴου
337 2613 376 2668 ἔπλ
389 2619 433 2668 τοῦ
449 2617 569 2686 παρόντος
580 2615 648 2678 εθθὶις
660 2617 768 2670 κάτωθεν
791 2615 895 2688 άρξάμε-
975 2633 1018 2686 ι7,
1042 2620 1085 2679 τό.
1103 2614 1226 2688 Εύθυναι]
1247 2613 1380 2686 άπυλογίαι
1401 2615 1442 2668 καλ
1455 2615 1544 2686 κρίσεις
1560 2612 1662 2685 φανεραὶ
1677 2612 1720 2665 καλ

112 2711 155 2756 νος
167 2694 239 2765 λέγε·
257 2715 269 2746 ε
285 2693 314 2746 ού
331 2693 468 2764 τολμήσετε
488 2695 572 2766 καιρόν
588 2695 687 2766 ίχοντες
704 2697 781 2750 ταῦτα
794 2699 895 2762 ποιῆσαι
937 2695 1068 2750 κάλλισται
1083 2697 1214 2766 γίνωνται.
1230 2697 1262 2750 Ρ.
1275 2693 1300 2748 αἱ
1316 2695 1428 2765 βάσανοι.
1439 2695 1466 2749 S.

114 2795 128 2823 ε
145 2775 161 2824 ό
174 2773 268 2826 πάθοιτ’
280 2773 309 2826 όν
322 2771 343 2826 εἰ
352 2773 450 2826 δύναιτο
464 2771 574 2840 όκεῖνσς;
593 2796 605 2825 ν
620 2775 650 2829 τδ
668 2773 716 2846 γάρ
726 2775 842 2845 πρότερον
853 2773 894 2829 ·ίπ’
976 2791 1018 2842 17,
1034 2780 1076 2844 17.
1092 2774 1194 2844 λύτοῖς]
1210 2774 1262 2835 τοῖς
1272 2771 1382 2843 λίγουσι.
1398 2775 1428 2828 Ρ.

113 2853 257 2924 άμφοτίρων
271 2851 387 2924 λίγεαθαι
404 2852 491 2904 δοκοῦν
513 2855 554 2904 νῖν
574 2851 649 2923 ἰφάνη
667 2851 723 2924 περὶ
744 2853 826 2924 μόνων
846 2859 895 2908 τῶν
972 2851 1072 2922 λρησείι
1089 2852 1115 2906 δί
1129 2850 1182 2920 εἰη,
1205 2850 1295 2912 παντδς
1310 2851 1398 2922 ἕνεκα]
1422 2849 1509 2920 Εύχὴν
1529 2848 1673 2920 προστίθησι
1687 2852 1718 2920 τῇ

117 2931 251 2998 Ἀθηναίων
266 2929 403 3002 εἰρημένον.
418 2931 463 2982 ΒΤ
463 2930 520 2988 CV.
939 2929 1067 3000 συμθουλῇ
1076 2968 1084 2994 ,
1094 2925 1160 2995 οἰον,
1171 2927 1220 2983 εἴθε
1234 2930 1347 2999 γίνοιτο,
1357 2929 1431 3000 φησί,
1442 2927 1549 2999 χρηστὰ,
1559 2927 1600 2980 καλ
1614 2925 1718 2996 πρυόαίη

149 3009 180 3062 Εἰ
197 3010 255 3081 μηδ’
267 3010 283 3060 ό
295 3009 391 3062 πάθοιτ’
402 3008 451 3080 όν]
465 3009 493 3063 τό
506 3006 539 3080 μὴ
559 3008 688 3080 περισσόν·
706 3009 723 3079 ἢ
737 3010 767 3066 τδ
779 3008 801 3064 εί
814 3007 847 3082 μὴ
862 3009 895 3074 εἰς
938 3007 1019 3070 καλῶς
1031 3007 1072 3060 διίι
1085 3008 1192 3073 πάντας,
1212 3002 1276 3070 οἷον,
1288 3006 1328 3059 διόι
1343 3007 1399 3070 τούς
1413 3005 1552 3072 πλουσίους,
1564 3005 1620 3068 τούς
1631 3004 1719 3058 νεωτά-

113 3087 145 3143 τδ
158 3088 186 3140 ού
197 3087 343 3159 τολμήσετε.
360 3089 392 3142 Ρ.
940 3105 1011 3158 ρους,
1025 3087 1081 3150 τούς
1095 3087 1207 3159 ῥήτορας.
1217 3087 1299 3140 TCV.

153 3161 896 3237 16,ια.Ἔτιτοίνυν,ῶόνδρεςἈθηναῖοι]Μετάόασιςίπί
972 3165 1079 3238 Εἵνεκα]
1100 3165 1136 3220 Ού
1155 3166 1241 3238 κυρίως
1258 3166 1287 3220 τό
1308 3165 1390 3220 εἵνεκα
1413 3165 1457 3220 σύν
1482 3168 1519 3238 τῷ
1540 3183 1558 3218 ι·
1583 3163 1711 3230 ποιητικόν

112 3244 146 3298 τδ
159 3242 306 3318 ἀναγκαῖον.
319 3245 418 3300 BTCP.
455 3241 552 3314 Ὥσπερ
564 3243 594 3297 τό
606 3244 727 3314 συμρίρον
739 3243 826 3307 εἰςδύο
836 3247 894 3318 τίμ-
938 3243 997 3314 γάρ.
1009 3245 1041 3298 Β.

113 3325 199 3378 νεσθαι
208 3322 302 3394 φαμίν,
315 3321 350 3385 εἰς
359 3342 386 3376 τε
399 3322 459 3377 αύτδ
472 3323 501 3376 τδ
515 3323 635 3394 συμφίρον
647 3323 689 3376 καλ
702 3323 732 3378 τδ
746 3322 892 3396 άναγκαῖον,

112 3403 180 3458 σύτω
190 3402 232 3456 καὶ
246 3403 275 3456 τδ
284 3402 387 3456 δονατδν
399 3399 434 3464 εἰς
444 3419 471 3456 τι
482 3400 542 3455 αύτό
555 3400 584 3455 τδ
602 3401 705 3455 δυνατδν
715 3400 798 3465 όπλῶς
809 3404 851 3457 καί
863 3405 893 3458 εδ

111 3482 197 3555 ῥᾴδιον
211 3480 252 3534 καλ
263 3479 296 3544 εἰς
304 3479 333 3534 τό
352 3479 501 3551 ἀναγκαῖον·
517 3479 576 3550 όπερ
586 3478 611 3533 ίν
620 3479 699 3552 ταύτην
709 3484 745 3552 τῖρ
754 3482 840 3554 χωρίῳ
852 3486 894 3535 νῦν
1172 3489 1205 3544 11,
1222 3487 1425 3544 οΛΥΝο1ΑΚοΣ
1442 3487 1473 3542 Β.

115 3559 270 3623 ίξετάζισθαί
285 3577 376 3630 φαμεν.
412 3558 502 3611 Δίδωσι
519 3557 568 3630 γάρ
580 3559 633 3620 τοῖς
654 3556 785 3626 Ἀθηναίοις
801 3561 894 3631 αἵρεσιν

113 3643 164 3694 ποῖν
173 3635 222 3710 χρὴ
235 3638 366 3709 πολεμεῖν,
381 3638 423 3691 καλ
433 3637 475 3692 τδν
490 3635 515 3689 ἰν
525 3637 669 3708 Μακεδονίᾳ
675 3635 784 3708 πόλεμον
794 3639 895 3694 εύκολον
975 3641 1017 3706 ιθ,
1034 3639 1059 3693 5.
1078 3637 1136 3694 Ἐπί
1148 3640 1248 3694 πολλῶν
1262 3639 1305 3712 μίν
1318 3639 1347 3693 όν
1362 3642 1411 3707 τις]
1419 3639 1513 3692 Τούτου
1527 3637 1651 3699 Διονύσιος
1661 3657 1720 3709 προ-

115 3717 240 3783 δείκνυσι,
253 3718 297 3772 τδν
311 3717 338 3772 δί
354 3717 395 3772 ἐπὶ
407 3719 452 3784 τῆς
475 3713 582 3782 ’λττικῆς
594 3715 705 3786 χαλεπόν
723 3717 765 3769 καλ
780 3717 893 3790 φοόερόν.
937 3719 1019 3774 τάττει
1028 3723 1077 3772 τῶν
1090 3716 1267 3783 Ὀλυνθιακῶν,
1277 3717 1398 3789 άρχοντάς
1410 3717 1437 3772 τί
1449 3734 1516 3777 τινας
1526 3714 1669 3786 κσταλίγων
1679 3714 1720 3768 καλ

113 3796 218 3853 mv.
939 3796 966 3851 ἰκ
985 3801 1029 3851 τού
1046 3800 1174 3868 προοιμίου
1187 3796 1346 3868 πιστούμενος
1364 3795 1391 3848 ἰκ
1403 3794 1557 3867 περιχαρείας
1574 3792 1719 3864 ληρθίντος.

154 3878 197 3938 ι6,
212 3871 316 3942 ι7.’ἰθ]ν
327 3871 483 3944 ύπάρχσυσαν
492 3875 502 3942 ]
511 3871 589 3944 ἤγουν
597 3871 727 3944 ίημεείραν.
740 3875 770 3928 Ρ.
939 3875 1063 3937 ίίαικθιιος
1073 3875 1100 3928 δί
1113 3873 1235 3946 όντιλίγει
1241 3879 1337 3946 πρῶτον
1349 3871 1421 3936 άξιῶν
1433 3873 1477 3927 τδν
1485 3877 1582 3944 πρῶτον
1590 3872 1720 3943 νομιζόμ-

155 3955 204 4015 ι6,
216 3968 261 4006 αο.
276 3950 397 4022 θηύαῖοι]
411 3951 481 4004 Πολύ
491 3951 520 4005 τδ
535 3953 578 4016 τῆς
588 3951 739 4022 γοργότητος
750 3949 790 4002 διό
801 3951 830 4006 τό
843 3955 897 4015 ταῖς
939 3972 992 4008 νον.
1008 3953 1042 4006 Τό
1053 3953 1096 4025 μίν
1108 3949 1151 4007 ούν
1163 3952 1226 4007 κατόι
1239 3953 1295 4015 τούς
1306 3953 1427 4023 άρχοντας
1440 3949 1465 4004 ἰν
1479 3949 1574 4022 ίστορίρ
1584 3951 1664 4003 κεῖται
1675 3949 1717 4003 καί

114 4028 266 4095 ἀπαντήσεσι
277 4029 386 4099 ταχείαις
396 4029 503 4100 χρῆσθαι
516 4028 557 4081 καλ
572 4029 704 4099 βραχείαις.
714 4030 789 4084 BHS.
939 4032 997 4096 ἰσως
1006 4033 1049 4086 ούκ
1060 4031 1146 4104 όκριόῆ
1160 4033 1203 4086 τόν
1212 4031 1319 4102 ἔλεγχον
1330 4031 1391 4101 ἰχει·
1406 4030 1435 4084 τδ
1442 4029 1469 4084 δί
1481 4027 1581 4083 κατότδ
1589 4027 1719 4098 προοίμιον

153 4106 196 4174 m
209 4107 266 4162 nav
277 4110 286 4177 ]
298 4107 431 4179 φθοΰμᾰῑ,
448 4106 547 4170 {MN-
564 4109 596 4162 P·
939 4112 982 4167 ούκ
998 4111 1112 4183 αύταρκες
1126 4111 1158 4174 εἰς
1176 4110 1307 4174 ἀπόδειξιν.
1348 4107 1447 4181 Ἐτίρεν
1461 4107 1510 4180 γόρ
1528 4107 1582 4179 ἰχει
1601 4107 1719 4178 πρόφασιν

155 4193 197 4252 ιθ,
218 4203 263 4241 αι.
284 4186 504 4258 Συνεισόσλοῦσιν]
525 4185 558 4248 ύις
579 4185 694 4257 πολίμιοι
719 4183 896 4242 εἰσελεύσονται
938 4190 968 4244 τό
989 4191 1080 4262 νόημα.
1125 4187 1167 4252 Ἐξ
1186 4187 1265 4242 αύτῶν
1287 4188 1313 4243 δί
1334 4193 1383 4242 τῶν
1403 4188 1572 4260 Δημασθίνους
1587 4185 1720 4256 ιύρίσκεται

114 4266 151 4328 εἰς
164 4263 208 4330 ῐθθ
222 4265 306 4322 ῖθθῑθ·
318 4269 349 4320 Ρ·
938 4277 1031 4342 πρῶτος
1050 4270 1092 4324 όε
1117 4269 1179 4324 ‘m
1191 4269 1306 4324 πολλῶν·
1325 4291 1337 4318 ν
1359 4267 1470 4340 ίκεῖγδρ
1490 4267 1520 4320 τό
1538 4265 1658 4337 συμφόρου
1673 4265 1720 4336 μά·

155 4349 202 4409 16,
226 4345 272 4398 αδ.
295 4341 361 4397 Ἀλλ’
381 4339 403 4398 ὦ
420 4344 486 4415 τόν]
505 4342 660 4414 όνθυποφορίι
680 4343 845 4415 στοχαστικὴ,
865 4347 895 4414 ἣν
938 4349 1011 4404 λιστα
1023 4349 1068 4416 τὴν
1081 4350 1198 4418 πλείστην
1213 4347 1317 4412 ἰξίτασιν
1330 4345 1440 4418 εἴληφεν,
1454 4343 1594 4401 ἰνταύθαδί
1610 4343 1639 4397 τδ
1649 4345 1721 4396 δυνα-

112 4423 169 4476 λύεῑ
183 4421 210 4476 ἔκ
228 4423 374 4494 τεκμηρίων·
395 4423 544 4479 ΑΒΗΤίΝ.
565 4423 600 4476 Tb
620 4421 646 4474 δί
663 4417 685 4476 ὦ
703 4425 748 4476 τᾶν
769 4423 812 4476 δύο
833 4426 892 4496 μίρη
940 4428 994 4494 τόν,
1008 4428 1086 4490 ούδελς
1096 4428 1123 4482 δί
1135 4428 1190 4499 περ]
1200 4431 1245 4481 τού
1256 4427 1359 4480 δυνατού
1374 4425 1514 4496 βουλεύεται
1526 4420 1560 4494 μὴ
1570 4422 1685 4492 πρότερον
1697 4421 1720 4474 εἰ

111 4503 195 4572 λόγου
206 4500 277 4567 εἰσίν,
289 4497 363 4556 ῶκαλ
373 4499 439 4568 ίτᾶν,
453 4503 467 4555 ό
479 4501 543 4556 ἰστιν
556 4498 676 4572 ὦύταῖρε.
687 4503 788 4557 B'PCV.
939 4508 1052 4578 συμφέρει
1065 4505 1198 4574 σκοεεησας.
1236 4505 1339 4559 Ἔπειτα
1358 4503 1505 4575 παρείληφεν
1519 4500 1544 4554 ἰν
1565 4505 1602 4570 τῷ
1616 4500 1719 4570 δευτίρῳ

152 4579 217 4650 Ούχλ
232 4580 394 4651 βουλήσεται]
413 4581 428 4634 ό
445 4581 569 4642 Φίλιππος
582 4580 708 4648 δηλονότι.
723 4581 755 4635 Ρ.
939 4585 994 4640 τινὰ
1006 4587 1039 4648 ὡς
1051 4585 1253 4657 ὁμολογούμενα,
1267 4585 1327 4654 ἅπερ
1336 4582 1361 4636 ίν
1374 4587 1410 4654 τῷ
1422 4585 1531 4654 προτέρῳ
1545 4576 1607 4651 μετά
1617 4577 1718 4632 πολλῶν

155 4664 198 4724 16,
212 4663 257 4722 σί.
269 4658 323 4711 m
335 4661 397 4730 νύν]
411 4660 440 4712 τδ
449 4659 485 4730 ]φ’
497 4658 561 4731 ἡμᾶς
574 4658 664 4713 ἐλθεῖν.
680 4663 710 4713 Ρ.
940 4663 1084 4726 ἀποδείξων
1097 4663 1281 4728 κατεσκεύασεν,
1291 4657 1345 4715 οἰον
1359 4657 1468 4724 εύόδςτύ
1477 4659 1532 4731 περί
1544 4661 1588 4725 τῆς
1597 4663 1646 4711 τῶν
1658 4658 1719 4712 θεῶν

154 4737 230 4791 'Hm
249 4737 289 4790 ὅτι
307 4735 415 4808 ἰμχομαι
433 4735 473 4791 ύπλ
488 4735 532 4802 τὴν
550 4735 667 4804 Ἀττικήν.
678 4735 738 4807 Ἆρα
749 4736 792 4792 ἰόν
804 4739 897 4811 δυνηθῇ
941 4742 1033 4804 ιύνοίας
1046 4741 1149 4795 ἐνταῦθα
1163 4741 1206 4813 μίν
1219 4742 1253 4803 ὣς
1265 4739 1466 4812 ὁμολογούμενον
1477 4739 1503 4795 ἰν
1513 4737 1634 4809 προοιμίῳ
1644 4737 1720 4791 τίθει.

111 4822 195 4870 ταῦτα
210 4818 310 4882 ποιῆσαι
321 4815 349 4868 ού
362 4814 461 4886 πράξεις
475 4817 577 4870 BTCV.
600 4815 720 4882 Ζητητόον
734 4821 784 4878 πῶς
801 4816 826 4870 ίν
846 4821 897 4880 τοῖς
940 4838 993 4882 κεν,
1011 4819 1065 4872 ἐκεῖ
1074 4819 1101 4872 ai
1120 4817 1166 4889 (p.
1191 4835 1219 4871 ιι
1232 4855 1241 4884 ,
1256 4822 1308 4888 ²9)
1322 4819 1416 4872 δίκαιον
1429 4812 1547 4888 λογιστλν
1564 4813 1666 4881 ίζήτησι
1679 4813 1721 4868 καί

113 4895 170 4946 όνω
181 4893 260 4951 δεινόν
275 4891 348 4946 αύτόν
363 4891 437 4948 εἰπὼν
449 4892 491 4946 καλ
505 4891 587 4946 εἰδότα
600 4891 740 4963 χρησασθαι
756 4893 896 4964 πράγμασιν
939 4897 1035 4959 πολλὰς
1046 4895 1176 4958 ἇποδεύεις
1189 4895 1287 4968 ίκόμισε
1300 4902 1344 4950 τού
1355 4897 1498 4968 συμμάχους
1509 4893 1575 4948 εἰναι
1584 4893 1641 4956 τούς
1653 4893 1720 4956 θεούς

112 4973 221 5028 ἐνταῦθα
238 4973 321 5043 μωρόν
336 4970 466 5026 άκοιισλεῖ.
504 4971 612 5044 Δίγομιν
625 4971 663 5024 ότι
677 4969 726 5026 άπδ
736 4971 832 5038 πολλῆς
845 4971 897 5026 ίπι-
940 4981 972 5048 τῇ
986 4976 1067 5031 πόλει.
1104 4974 1234 5045 Πρόδηλον
1247 4968 1291 5028 οθν
1303 4975 1342 5028 ότι
1354 4973 1396 5026 διὰ
1406 4977 1479 5028 τοῦτο
1493 4976 1536 5027 νῦν
1548 4970 1577 5025 ού
1589 4971 1719 5025 κατεσκεύ·

112 5051 203 5122 θυμίας
212 5053 256 5110 τού
270 5051 399 5120 βούλεσθαι
410 5049 483 5104 αύτδν
499 5049 538 5106 ίπλ
549 5049 593 5117 τὴν
612 5046 720 5115 ’λττυιην
736 5048 818 5104 ἰλθεῖν
832 5058 897 5104 ποιεῖ
940 5072 998 5106 ασεν
1014 5055 1052 5106 ότι
1065 5048 1096 5119 ἦν
1110 5051 1136 5106 ἰν
1150 5051 1235 5124 ἰκτίνῳ
1246 5053 1361 5123 πρότερον
1373 5051 1508 5115 όποδείξας.
1545 5050 1682 5121 Κεφάλαιον
1693 5048 1720 5102 δί

112 5131 190 5186 αύτύν
208 5127 242 5200 μ]
254 5131 388 5202 δυνάμενον
404 5129 491 5184 όεωτού
510 5131 654 5200 κατασχεῖν,
669 5127 736 5180 ἀλλὰ
756 5127 800 5196 τὴν
815 5129 896 5184 ἐπιθυ·
941 5131 966 5185 ἰν
979 5130 1097 5202 τῷλόγῳ
1105 5129 1290 5202 προηγούμενον
1304 5129 1345 5182 καλ
1358 5131 1434 5200 μόνον
1443 5128 1534 5184 ἰστλτδ
1546 5127 1662 5194 δυνατύν,
1675 5146 1720 5180 κα-

114 5211 176 5284 μίαν
191 5207 324 5266 ἔελίγοντα
336 5208 454 5262 τελειοῦν.
468 5209 636 5262 BHRSTCV.
941 5209 1046 5278 θαῖρεσιν
1058 5207 1117 5278 ἔχον
1131 5211 1174 5262 τού
1187 5207 1322 5262 Φιλίππου.
1359 5207 1452 5262 Τούτου
1466 5207 1493 5262 δί
1513 5205 1576 5260 κστό
1590 5206 1719 5276 σύμπαντα

154 5293 188 5344 16
196 5327 205 5356 ,
219 5289 264 5347 25.
289 5287 423 5361 Ἐγκελεῖ]
438 5287 493 5342 ἀντὶ
506 5291 549 5342 τοῖν
561 5287 667 5344 άπειλεῖ.
686 5290 717 5344 Β,
941 5287 984 5341 τδν
997 5287 1076 5360 λόγον
1093 5285 1265 5360 ίξετιζομίνου
1277 5289 1342 5360 τρεῖς
1355 5285 1396 5344 ἆτ’
1412 5287 1486 5344 αἰτοῖ
1504 5288 1658 5344 πιπαόκεσιν
1676 5280 1719 5334 όν·
