<?xml version="1.0" encoding="UTF-8"?>
<!DOCTYPE html PUBLIC "-//W3C//DTD XHTML 1.0 Transitional//EN"
    "http://www.w3.org/TR/xhtml1/DTD/xhtml1-transitional.dtd">
<html xmlns="http://www.w3.org/1999/xhtml" xml:lang="en" lang="en">
 <head>
  <title>
</title>
<meta http-equiv="Content-Type" content="text/html;charset=utf-8" />
  <meta name='ocr-system' content='tesseract 3.04.00' />
  <meta name='ocr-capabilities' content='ocr_page ocr_carea ocr_par ocr_line ocrx_word'/>
</head>
<body>
  <div class='ocr_page' id='page_1' title='image "./oratoresatticia00unkngoog/oratoresatticia00unkngoog_0213.png"; bbox 0 0 4150 6094; ppageno 0'>
   <div class='ocr_carea' id='block_1_1' title="bbox 623 379 1756 486">
    <p class='ocr_par' dir='ltr' id='par_1_1' title="bbox 623 379 1756 486">
     <span class='ocr_line' id='line_1_1' title="bbox 623 379 1756 486; baseline 0.025 -28"><span class='ocrx_word' id='word_1_1' title='bbox 623 398 918 464; x_wconf 80' lang='lat' dir='ltr'><strong>aamnnnanrrs</strong></span> <span class='ocrx_word' id='word_1_2' title='bbox 939 379 1001 466; x_wconf 87' lang='lat' dir='ltr'><strong>o&#39;a.</strong></span> <span class='ocrx_word' id='word_1_3' title='bbox 1025 405 1075 468; x_wconf 84' lang='lat' dir='ltr'>nn</span> <span class='ocrx_word' id='word_1_4' title='bbox 1096 409 1300 475; x_wconf 81' lang='lat' dir='ltr'><strong>sonnrsnrs.</strong></span> <span class='ocrx_word' id='word_1_5' title='bbox 1701 435 1756 486; x_wconf 79' lang='grc' dir='ltr'>ιω</span> 
     </span>
    </p>
   </div>
   <div class='ocr_carea' id='block_1_2' title="bbox 106 524 940 5280">
    <p class='ocr_par' dir='ltr' id='par_1_2' title="bbox 142 524 931 874">
     <span class='ocr_line' id='line_1_2' title="bbox 142 524 930 611; baseline 0.01 -27"><span class='ocrx_word' id='word_1_6' title='bbox 142 525 197 584; x_wconf 82' lang='grc' dir='ltr'>τῶν</span> <span class='ocrx_word' id='word_1_7' title='bbox 210 524 368 604; x_wconf 76' lang='grc' dir='ltr'>αὐτομάτων</span> <span class='ocrx_word' id='word_1_8' title='bbox 383 527 487 604; x_wconf 87' lang='grc' dir='ltr'>ἀγαθῶν</span> <span class='ocrx_word' id='word_1_9' title='bbox 508 527 666 606; x_wconf 86' lang='grc' dir='ltr'>ἐπίπροσθεν</span> <span class='ocrx_word' id='word_1_10' title='bbox 687 535 719 609; x_wconf 79' lang='grc' dir='ltr'>τῇ</span> <span class='ocrx_word' id='word_1_11' title='bbox 740 531 835 611; x_wconf 75' lang='grc' dir='ltr'>χρήσει</span> <span class='ocrx_word' id='word_1_12' title='bbox 849 533 930 592; x_wconf 87' lang='grc' dir='ltr'>καθέ-</span> 
     </span>
     <span class='ocr_line' id='line_1_3' title="bbox 146 613 931 696; baseline 0.011 -27"><span class='ocrx_word' id='word_1_13' title='bbox 146 637 228 688; x_wconf 64' lang='lat' dir='ltr'><strong>arque</strong></span> <span class='ocrx_word' id='word_1_14' title='bbox 244 613 290 671; x_wconf 82' lang='grc' dir='ltr'>καὶ</span> <span class='ocrx_word' id='word_1_15' title='bbox 304 613 385 694; x_wconf 88' lang='grc' dir='ltr'>χείρω</span> <span class='ocrx_word' id='word_1_16' title='bbox 403 617 449 686; x_wconf 83' lang='grc' dir='ltr'>τῆς</span> <span class='ocrx_word' id='word_1_17' title='bbox 461 614 544 694; x_wconf 96' lang='grc' dir='ltr'>τύχης</span> <span class='ocrx_word' id='word_1_18' title='bbox 565 616 646 676; x_wconf 78' lang='grc' dir='ltr'>ἐνίοτε</span> <span class='ocrx_word' id='word_1_19' title='bbox 661 622 715 686; x_wconf 78' lang='grc' dir='ltr'>τοῖς</span> <span class='ocrx_word' id='word_1_20' title='bbox 732 619 931 696; x_wconf 77' lang='grc' dir='ltr'>ἀγωνιζομένοις</span> 
     </span>
     <span class='ocr_line' id='line_1_4' title="bbox 144 699 930 787; baseline 0.01 -29"><span class='ocrx_word' id='word_1_21' title='bbox 144 699 194 772; x_wconf 73' lang='grc' dir='ltr'>τὴν</span> <span class='ocrx_word' id='word_1_22' title='bbox 209 700 361 780; x_wconf 74' lang='grc' dir='ltr'>ἐπικουρίαν</span> <span class='ocrx_word' id='word_1_23' title='bbox 382 703 564 780; x_wconf 88' lang='grc' dir='ltr'>παραδίδωσι,</span> <span class='ocrx_word' id='word_1_24' title='bbox 580 703 626 762; x_wconf 80' lang='grc' dir='ltr'>καί</span> <span class='ocrx_word' id='word_1_25' title='bbox 651 708 704 764; x_wconf 90' lang='grc' dir='ltr'>τῶν</span> <span class='ocrx_word' id='word_1_26' title='bbox 728 705 815 764; x_wconf 77' lang='grc' dir='ltr'>ἄλλων</span> <span class='ocrx_word' id='word_1_27' title='bbox 830 711 930 787; x_wconf 87' lang='grc' dir='ltr'>τεχνῶν</span> 
     </span>
     <span class='ocr_line' id='line_1_5' title="bbox 144 788 930 874; baseline 0.013 -28"><span class='ocrx_word' id='word_1_28' title='bbox 144 788 191 848; x_wconf 80' lang='grc' dir='ltr'>ἐπὶ</span> <span class='ocrx_word' id='word_1_29' title='bbox 205 789 237 847; x_wconf 87' lang='grc' dir='ltr'>τδ</span> <span class='ocrx_word' id='word_1_30' title='bbox 252 788 354 868; x_wconf 81' lang='grc' dir='ltr'>βέλτιον</span> <span class='ocrx_word' id='word_1_31' title='bbox 368 791 441 868; x_wconf 80' lang='grc' dir='ltr'>ἄγειν</span> <span class='ocrx_word' id='word_1_32' title='bbox 455 791 500 852; x_wconf 88' lang='grc' dir='ltr'>τδν</span> <span class='ocrx_word' id='word_1_33' title='bbox 514 796 566 850; x_wconf 90' lang='grc' dir='ltr'>τῶν</span> <span class='ocrx_word' id='word_1_34' title='bbox 580 795 724 873; x_wconf 81' lang='grc' dir='ltr'>ἀνθρώπων</span> <span class='ocrx_word' id='word_1_35' title='bbox 742 795 797 874; x_wconf 87' lang='grc' dir='ltr'>βίον</span> <span class='ocrx_word' id='word_1_36' title='bbox 810 796 930 873; x_wconf 81' lang='grc' dir='ltr'>εἰθισμέ-</span> 
     </span>
    </p>

    <p class='ocr_par' dir='ltr' id='par_1_3' title="bbox 118 877 931 1030">
     <span class='ocr_line' id='line_1_6' title="bbox 118 877 931 963; baseline 0.01 -29"><span class='ocrx_word' id='word_1_37' title='bbox 118 895 133 934; x_wconf 77' lang='lat' dir='ltr'><strong>s</strong></span> <span class='ocrx_word' id='word_1_38' title='bbox 148 900 201 936; x_wconf 91' lang='grc' dir='ltr'>νων</span> <span class='ocrx_word' id='word_1_39' title='bbox 220 877 287 948; x_wconf 76' lang='grc' dir='ltr'>αὐτ-λ</span> <span class='ocrx_word' id='word_1_40' title='bbox 308 877 354 936; x_wconf 80' lang='grc' dir='ltr'>καί</span> <span class='ocrx_word' id='word_1_41' title='bbox 373 881 427 946; x_wconf 84' lang='grc' dir='ltr'>τοῖς</span> <span class='ocrx_word' id='word_1_42' title='bbox 442 879 598 956; x_wconf 73' lang='grc' dir='ltr'>αὐτομάτοις</span> <span class='ocrx_word' id='word_1_43' title='bbox 614 883 794 963; x_wconf 77' lang='grc' dir='ltr'>εὐπορήμασιν</span> <span class='ocrx_word' id='word_1_44' title='bbox 811 883 931 963; x_wconf 83' lang='grc' dir='ltr'>ίμποδῶν</span> 
     </span>
     <span class='ocr_line' id='line_1_7' title="bbox 148 967 231 1030; baseline -0.024 -6"><span class='ocrx_word' id='word_1_45' title='bbox 148 967 231 1030; x_wconf 70' lang='grc' dir='ltr'>ἔστιν.</span> 
     </span>
    </p>

    <p class='ocr_par' dir='ltr' id='par_1_4' title="bbox 146 1047 932 1312">
     <span class='ocr_line' id='line_1_8' title="bbox 190 1047 928 1134; baseline 0.011 -23"><span class='ocrx_word' id='word_1_46' title='bbox 190 1072 223 1112; x_wconf 86' lang='grc' dir='ltr'>ιο.</span> <span class='ocrx_word' id='word_1_47' title='bbox 248 1051 381 1132; x_wconf 82' lang='grc' dir='ltr'>Ἧγαῶμαι</span> <span class='ocrx_word' id='word_1_48' title='bbox 392 1053 415 1112; x_wconf 86' lang='grc' dir='ltr'>δ’</span> <span class='ocrx_word' id='word_1_49' title='bbox 427 1053 486 1114; x_wconf 82' lang='grc' dir='ltr'>οὐδέ</span> <span class='ocrx_word' id='word_1_50' title='bbox 498 1055 591 1134; x_wconf 79' lang='grc' dir='ltr'>λόγους</span> <span class='ocrx_word' id='word_1_51' title='bbox 605 1055 703 1116; x_wconf 88' lang='grc' dir='ltr'>δίκαιον</span> <span class='ocrx_word' id='word_1_52' title='bbox 714 1047 780 1118; x_wconf 82' lang='grc' dir='ltr'>είναι</span> <span class='ocrx_word' id='word_1_53' title='bbox 791 1060 928 1118; x_wconf 87' lang='grc' dir='ltr'>καλεῖσθαι</span> 
     </span>
     <span class='ocr_line' id='line_1_9' title="bbox 146 1140 932 1226; baseline 0.011 -29"><span class='ocrx_word' id='word_1_54' title='bbox 146 1140 208 1208; x_wconf 87' lang='grc' dir='ltr'>τούς</span> <span class='ocrx_word' id='word_1_55' title='bbox 218 1141 435 1220; x_wconf 75' lang='grc' dir='ltr'>γεγραμμένους,</span> <span class='ocrx_word' id='word_1_56' title='bbox 452 1142 510 1202; x_wconf 85' lang='grc' dir='ltr'>ἀλλ’</span> <span class='ocrx_word' id='word_1_57' title='bbox 527 1142 617 1224; x_wconf 81' lang='grc' dir='ltr'>ῶσπερ</span> <span class='ocrx_word' id='word_1_58' title='bbox 633 1144 730 1204; x_wconf 75' lang='grc' dir='ltr'>εἴδωλα</span> <span class='ocrx_word' id='word_1_59' title='bbox 745 1147 790 1204; x_wconf 76' lang='grc' dir='ltr'>καὶ</span> <span class='ocrx_word' id='word_1_60' title='bbox 805 1147 932 1226; x_wconf 77' lang='grc' dir='ltr'>σχήματα</span> 
     </span>
     <span class='ocr_line' id='line_1_10' title="bbox 146 1228 932 1312; baseline 0.014 -26"><span class='ocrx_word' id='word_1_61' title='bbox 146 1229 194 1287; x_wconf 80' lang='grc' dir='ltr'>καί</span> <span class='ocrx_word' id='word_1_62' title='bbox 209 1228 354 1306; x_wconf 81' lang='grc' dir='ltr'>μιμήματα</span> <span class='ocrx_word' id='word_1_63' title='bbox 368 1231 466 1312; x_wconf 88' lang='grc' dir='ltr'>λόγων,</span> <span class='ocrx_word' id='word_1_64' title='bbox 475 1233 521 1291; x_wconf 78' lang='grc' dir='ltr'>καί</span> <span class='ocrx_word' id='word_1_65' title='bbox 534 1233 584 1304; x_wconf 80' lang='grc' dir='ltr'>τὴν</span> <span class='ocrx_word' id='word_1_66' title='bbox 599 1233 680 1305; x_wconf 78' lang='grc' dir='ltr'>αὐτὴν</span> <span class='ocrx_word' id='word_1_67' title='bbox 691 1235 750 1292; x_wconf 90' lang='grc' dir='ltr'>κατ’</span> <span class='ocrx_word' id='word_1_68' title='bbox 761 1237 845 1295; x_wconf 88' lang='grc' dir='ltr'>αὐτῶν</span> <span class='ocrx_word' id='word_1_69' title='bbox 864 1236 932 1296; x_wconf 87' lang='grc' dir='ltr'>εἶκό·</span> 
     </span>
    </p>

    <p class='ocr_par' dir='ltr' id='par_1_5' title="bbox 107 1316 934 1757">
     <span class='ocr_line' id='line_1_11' title="bbox 107 1316 931 1403; baseline 0.011 -30"><span class='ocrx_word' id='word_1_70' title='bbox 107 1335 134 1374; x_wconf 84' lang='lat' dir='ltr'>to</span> <span class='ocrx_word' id='word_1_71' title='bbox 147 1341 200 1383; x_wconf 88' lang='grc' dir='ltr'>τως</span> <span class='ocrx_word' id='word_1_72' title='bbox 214 1317 246 1374; x_wconf 81' lang='grc' dir='ltr'>δν</span> <span class='ocrx_word' id='word_1_73' title='bbox 260 1316 335 1385; x_wconf 55' lang='grc' dir='ltr'>δῶσιν</span> <span class='ocrx_word' id='word_1_74' title='bbox 353 1317 478 1398; x_wconf 75' lang='grc' dir='ltr'>ἔχοιμεν,</span> <span class='ocrx_word' id='word_1_75' title='bbox 493 1319 577 1400; x_wconf 78' lang='grc' dir='ltr'>ἥνπερ</span> <span class='ocrx_word' id='word_1_76' title='bbox 596 1321 642 1380; x_wconf 77' lang='grc' dir='ltr'>καὶ</span> <span class='ocrx_word' id='word_1_77' title='bbox 664 1321 734 1382; x_wconf 76' lang='grc' dir='ltr'>κατὰ</span> <span class='ocrx_word' id='word_1_78' title='bbox 755 1327 807 1381; x_wconf 89' lang='grc' dir='ltr'>τῶν</span> <span class='ocrx_word' id='word_1_79' title='bbox 823 1326 931 1403; x_wconf 84' lang='grc' dir='ltr'>χαλκῶν</span> 
     </span>
     <span class='ocr_line' id='line_1_12' title="bbox 147 1405 931 1490; baseline 0.011 -26"><span class='ocrx_word' id='word_1_80' title='bbox 147 1405 309 1486; x_wconf 79' lang='grc' dir='ltr'>ἀνδριάντων</span> <span class='ocrx_word' id='word_1_81' title='bbox 331 1407 376 1466; x_wconf 81' lang='grc' dir='ltr'>καί</span> <span class='ocrx_word' id='word_1_82' title='bbox 396 1407 501 1467; x_wconf 80' lang='grc' dir='ltr'>λιθίνων</span> <span class='ocrx_word' id='word_1_83' title='bbox 528 1409 689 1487; x_wconf 76' lang='grc' dir='ltr'>ἀγαλμάτων</span> <span class='ocrx_word' id='word_1_84' title='bbox 711 1411 757 1470; x_wconf 81' lang='grc' dir='ltr'>καί</span> <span class='ocrx_word' id='word_1_85' title='bbox 779 1413 931 1490; x_wconf 87' lang='grc' dir='ltr'>γεγραμμέ-</span> 
     </span>
     <span class='ocr_line' id='line_1_13' title="bbox 147 1492 932 1579; baseline 0.011 -27"><span class='ocrx_word' id='word_1_86' title='bbox 147 1518 201 1552; x_wconf 89' lang='grc' dir='ltr'>νων</span> <span class='ocrx_word' id='word_1_87' title='bbox 213 1496 299 1563; x_wconf 80' lang='grc' dir='ltr'>ζιύων.</span> <span class='ocrx_word' id='word_1_88' title='bbox 341 1492 449 1579; x_wconf 82' lang='grc' dir='ltr'>Ὥσπερ</span> <span class='ocrx_word' id='word_1_89' title='bbox 465 1497 516 1579; x_wconf 77' lang='grc' dir='ltr'>γὰρ</span> <span class='ocrx_word' id='word_1_90' title='bbox 532 1506 615 1560; x_wconf 81' lang='grc' dir='ltr'>ταῦτα</span> <span class='ocrx_word' id='word_1_91' title='bbox 631 1500 776 1578; x_wconf 81' lang='grc' dir='ltr'>μιμήματα</span> <span class='ocrx_word' id='word_1_92' title='bbox 795 1505 847 1560; x_wconf 91' lang='grc' dir='ltr'>τῶν</span> <span class='ocrx_word' id='word_1_93' title='bbox 868 1505 932 1574; x_wconf 82' lang='grc' dir='ltr'>ἀλη-</span> 
     </span>
     <span class='ocr_line' id='line_1_14' title="bbox 148 1583 934 1669; baseline 0.01 -29"><span class='ocrx_word' id='word_1_94' title='bbox 148 1587 226 1641; x_wconf 88' lang='grc' dir='ltr'>θινῶν</span> <span class='ocrx_word' id='word_1_95' title='bbox 241 1583 372 1660; x_wconf 83' lang='grc' dir='ltr'>σωμάτων</span> <span class='ocrx_word' id='word_1_96' title='bbox 389 1585 459 1662; x_wconf 80' lang='grc' dir='ltr'>έστί,</span> <span class='ocrx_word' id='word_1_97' title='bbox 471 1587 517 1644; x_wconf 83' lang='grc' dir='ltr'>καὶ</span> <span class='ocrx_word' id='word_1_98' title='bbox 526 1585 619 1666; x_wconf 78' lang='grc' dir='ltr'>τέρψιν</span> <span class='ocrx_word' id='word_1_99' title='bbox 634 1590 681 1661; x_wconf 83' lang='grc' dir='ltr'>μέν</span> <span class='ocrx_word' id='word_1_100' title='bbox 701 1589 744 1648; x_wconf 74' lang='grc' dir='ltr'>ἐπὶ</span> <span class='ocrx_word' id='word_1_101' title='bbox 764 1593 811 1661; x_wconf 77' lang='grc' dir='ltr'>τῆς</span> <span class='ocrx_word' id='word_1_102' title='bbox 825 1591 934 1669; x_wconf 90' lang='grc' dir='ltr'>θεωρίας</span> 
     </span>
     <span class='ocr_line' id='line_1_15' title="bbox 147 1667 933 1757; baseline 0.014 -32"><span class='ocrx_word' id='word_1_103' title='bbox 147 1667 226 1748; x_wconf 80' lang='grc' dir='ltr'>ἔχει,</span> <span class='ocrx_word' id='word_1_104' title='bbox 241 1675 335 1750; x_wconf 80' lang='grc' dir='ltr'>χρῆσιν</span> <span class='ocrx_word' id='word_1_105' title='bbox 349 1673 373 1730; x_wconf 78' lang='grc' dir='ltr'>δ’</span> <span class='ocrx_word' id='word_1_106' title='bbox 385 1671 508 1750; x_wconf 78' lang='grc' dir='ltr'>οὐδεμίαν</span> <span class='ocrx_word' id='word_1_107' title='bbox 526 1677 563 1752; x_wconf 86' lang='grc' dir='ltr'>τῷ</span> <span class='ocrx_word' id='word_1_108' title='bbox 584 1677 636 1732; x_wconf 87' lang='grc' dir='ltr'>τῶν</span> <span class='ocrx_word' id='word_1_109' title='bbox 648 1674 792 1755; x_wconf 78' lang='grc' dir='ltr'>ἀνθρώπων</span> <span class='ocrx_word' id='word_1_110' title='bbox 813 1675 862 1757; x_wconf 85' lang='grc' dir='ltr'>βίῳ</span> <span class='ocrx_word' id='word_1_111' title='bbox 877 1701 933 1736; x_wconf 90' lang='grc' dir='ltr'>πα-</span> 
     </span>
    </p>

    <p class='ocr_par' dir='ltr' id='par_1_6' title="bbox 108 1758 934 2192">
     <span class='ocr_line' id='line_1_16' title="bbox 108 1758 933 1844; baseline 0.01 -26"><span class='ocrx_word' id='word_1_112' title='bbox 108 1777 135 1818; x_wconf 79' lang='lat' dir='ltr'>ts</span> <span class='ocrx_word' id='word_1_113' title='bbox 150 1758 278 1840; x_wconf 86' lang='grc' dir='ltr'>ραδίδωσι</span> <span class='ocrx_word' id='word_1_114' title='bbox 286 1805 295 1836; x_wconf 87' lang='grc'><strong>,</strong></span> <span class='ocrx_word' id='word_1_115' title='bbox 309 1759 352 1820; x_wconf 87' lang='grc' dir='ltr'>τδν</span> <span class='ocrx_word' id='word_1_116' title='bbox 364 1761 441 1821; x_wconf 89' lang='grc' dir='ltr'>αὐτδν</span> <span class='ocrx_word' id='word_1_117' title='bbox 454 1763 549 1840; x_wconf 84' lang='grc' dir='ltr'>τρόπον</span> <span class='ocrx_word' id='word_1_118' title='bbox 566 1767 580 1822; x_wconf 85' lang='grc' dir='ltr'>ὁ</span> <span class='ocrx_word' id='word_1_119' title='bbox 594 1762 775 1844; x_wconf 85' lang='grc' dir='ltr'>γεγραμμένος</span> <span class='ocrx_word' id='word_1_120' title='bbox 791 1767 879 1844; x_wconf 85' lang='grc' dir='ltr'>λόγος,</span> <span class='ocrx_word' id='word_1_121' title='bbox 895 1767 933 1827; x_wconf 80' lang='grc' dir='ltr'>ἐνί</span> 
     </span>
     <span class='ocr_line' id='line_1_17' title="bbox 148 1847 933 1932; baseline 0.011 -28"><span class='ocrx_word' id='word_1_122' title='bbox 148 1847 271 1926; x_wconf 80' lang='grc' dir='ltr'>σχήματι</span> <span class='ocrx_word' id='word_1_123' title='bbox 282 1847 327 1906; x_wconf 82' lang='grc' dir='ltr'>καὶ</span> <span class='ocrx_word' id='word_1_124' title='bbox 340 1847 411 1917; x_wconf 87' lang='grc' dir='ltr'>τάξει</span> <span class='ocrx_word' id='word_1_125' title='bbox 425 1848 598 1930; x_wconf 76' lang='grc' dir='ltr'>κεχρημένος,</span> <span class='ocrx_word' id='word_1_126' title='bbox 615 1853 645 1909; x_wconf 85' lang='grc' dir='ltr'>ἐκ</span> <span class='ocrx_word' id='word_1_127' title='bbox 662 1851 767 1930; x_wconf 83' lang='grc' dir='ltr'>βιύλίου</span> <span class='ocrx_word' id='word_1_128' title='bbox 782 1853 933 1932; x_wconf 76' lang='grc' dir='ltr'>θεωρούμε·</span> 
     </span>
     <span class='ocr_line' id='line_1_18' title="bbox 148 1935 934 2018; baseline 0.01 -26"><span class='ocrx_word' id='word_1_129' title='bbox 148 1935 258 2014; x_wconf 84' lang='grc' dir='ltr'>νοςέχει</span> <span class='ocrx_word' id='word_1_130' title='bbox 271 1935 344 2003; x_wconf 72' lang='grc' dir='ltr'>τινός</span> <span class='ocrx_word' id='word_1_131' title='bbox 358 1935 505 2010; x_wconf 71' lang='grc' dir='ltr'>ἑκπληξεις,</span> <span class='ocrx_word' id='word_1_132' title='bbox 524 1939 567 1998; x_wconf 81' lang='grc' dir='ltr'>ἐπὶ</span> <span class='ocrx_word' id='word_1_133' title='bbox 586 1937 614 1996; x_wconf 83' lang='grc' dir='ltr'>δέ</span> <span class='ocrx_word' id='word_1_134' title='bbox 631 1941 684 1998; x_wconf 89' lang='grc' dir='ltr'>τῶν</span> <span class='ocrx_word' id='word_1_135' title='bbox 698 1943 796 2018; x_wconf 89' lang='grc' dir='ltr'>καιρῶν</span> <span class='ocrx_word' id='word_1_136' title='bbox 813 1940 934 2011; x_wconf 86' lang='grc' dir='ltr'>ἀκίνητος</span> 
     </span>
     <span class='ocr_line' id='line_1_19' title="bbox 149 2021 932 2104; baseline 0.006 -23"><span class='ocrx_word' id='word_1_137' title='bbox 149 2021 188 2081; x_wconf 77' lang='grc' dir='ltr'>ῶν</span> <span class='ocrx_word' id='word_1_138' title='bbox 200 2023 325 2100; x_wconf 79' lang='grc' dir='ltr'>οὐδεμίαν</span> <span class='ocrx_word' id='word_1_139' title='bbox 339 2023 467 2104; x_wconf 81' lang='grc' dir='ltr'>ὠφέλειαν</span> <span class='ocrx_word' id='word_1_140' title='bbox 489 2035 542 2092; x_wconf 88' lang='grc' dir='ltr'>τοῖς</span> <span class='ocrx_word' id='word_1_141' title='bbox 558 2025 728 2101; x_wconf 77' lang='grc' dir='ltr'>κεκτημένοις</span> <span class='ocrx_word' id='word_1_142' title='bbox 740 2027 932 2103; x_wconf 88' lang='grc' dir='ltr'>παραδίδωσιν·</span> 
     </span>
     <span class='ocr_line' id='line_1_20' title="bbox 149 2111 932 2192; baseline 0.008 -24"><span class='ocrx_word' id='word_1_143' title='bbox 149 2111 211 2168; x_wconf 83' lang='grc' dir='ltr'>ἀλλ’</span> <span class='ocrx_word' id='word_1_144' title='bbox 225 2111 315 2190; x_wconf 84' lang='grc' dir='ltr'>ῶσπερ</span> <span class='ocrx_word' id='word_1_145' title='bbox 330 2111 490 2192; x_wconf 75' lang='grc' dir='ltr'>ἀνδριάντων</span> <span class='ocrx_word' id='word_1_146' title='bbox 508 2115 596 2173; x_wconf 85' lang='grc' dir='ltr'>καλῶν</span> <span class='ocrx_word' id='word_1_147' title='bbox 610 2113 720 2186; x_wconf 73' lang='grc' dir='ltr'>ἀληθινὰ</span> <span class='ocrx_word' id='word_1_148' title='bbox 736 2113 849 2192; x_wconf 83' lang='grc' dir='ltr'>σώματα</span> <span class='ocrx_word' id='word_1_149' title='bbox 864 2115 932 2174; x_wconf 88' lang='grc' dir='ltr'>πσλύ</span> 
     </span>
    </p>

    <p class='ocr_par' dir='ltr' id='par_1_7' title="bbox 109 2196 935 2634">
     <span class='ocr_line' id='line_1_21' title="bbox 109 2196 933 2278; baseline 0.004 -20"><span class='ocrx_word' id='word_1_150' title='bbox 109 2219 138 2258; x_wconf 75' lang='lat' dir='ltr'>ao</span> <span class='ocrx_word' id='word_1_151' title='bbox 151 2196 258 2277; x_wconf 87' lang='grc' dir='ltr'>χείρους</span> <span class='ocrx_word' id='word_1_152' title='bbox 273 2198 319 2265; x_wconf 85' lang='grc' dir='ltr'>εδις</span> <span class='ocrx_word' id='word_1_153' title='bbox 334 2197 456 2277; x_wconf 78' lang='grc' dir='ltr'>εὐπορίας</span> <span class='ocrx_word' id='word_1_154' title='bbox 471 2197 567 2278; x_wconf 80' lang='grc' dir='ltr'>ἔχωτε</span> <span class='ocrx_word' id='word_1_155' title='bbox 586 2201 799 2268; x_wconf 85' lang='grc' dir='ltr'>πολλαπλασίους</span> <span class='ocrx_word' id='word_1_156' title='bbox 823 2201 866 2260; x_wconf 82' lang='grc' dir='ltr'>ἐπί</span> <span class='ocrx_word' id='word_1_157' title='bbox 881 2207 933 2262; x_wconf 89' lang='grc' dir='ltr'>τῶν</span> 
     </span>
     <span class='ocr_line' id='line_1_22' title="bbox 149 2285 935 2368; baseline 0.008 -24"><span class='ocrx_word' id='word_1_158' title='bbox 149 2287 236 2364; x_wconf 83' lang='grc' dir='ltr'>ἔργων</span> <span class='ocrx_word' id='word_1_159' title='bbox 252 2285 299 2352; x_wconf 80' lang='grc' dir='ltr'>τδς</span> <span class='ocrx_word' id='word_1_160' title='bbox 311 2287 439 2368; x_wconf 81' lang='grc' dir='ltr'>ὠφελείας</span> <span class='ocrx_word' id='word_1_161' title='bbox 460 2287 661 2367; x_wconf 83' lang='grc' dir='ltr'>παραδίδωσιν,</span> <span class='ocrx_word' id='word_1_162' title='bbox 680 2287 748 2348; x_wconf 85' lang='grc' dir='ltr'>οὐτω</span> <span class='ocrx_word' id='word_1_163' title='bbox 768 2289 814 2348; x_wconf 81' lang='grc' dir='ltr'>καί</span> <span class='ocrx_word' id='word_1_164' title='bbox 833 2290 935 2368; x_wconf 87' lang='grc' dir='ltr'>λόγοςδ</span> 
     </span>
     <span class='ocr_line' id='line_1_23' title="bbox 151 2375 935 2457; baseline 0.008 -26"><span class='ocrx_word' id='word_1_165' title='bbox 151 2376 201 2450; x_wconf 78' lang='grc' dir='ltr'>μὲν</span> <span class='ocrx_word' id='word_1_166' title='bbox 213 2376 260 2432; x_wconf 84' lang='grc' dir='ltr'>ἀπ’</span> <span class='ocrx_word' id='word_1_167' title='bbox 273 2375 353 2446; x_wconf 83' lang='grc' dir='ltr'>αὐτῆς</span> <span class='ocrx_word' id='word_1_168' title='bbox 363 2379 409 2446; x_wconf 81' lang='grc' dir='ltr'>τῆς</span> <span class='ocrx_word' id='word_1_169' title='bbox 419 2375 533 2442; x_wconf 86' lang='grc' dir='ltr'>διανοίας</span> <span class='ocrx_word' id='word_1_170' title='bbox 546 2377 572 2434; x_wconf 83' lang='grc' dir='ltr'>έν</span> <span class='ocrx_word' id='word_1_171' title='bbox 584 2380 623 2457; x_wconf 82' lang='grc' dir='ltr'>τῷ</span> <span class='ocrx_word' id='word_1_172' title='bbox 632 2376 782 2456; x_wconf 85' lang='grc' dir='ltr'>παραυτίκα</span> <span class='ocrx_word' id='word_1_173' title='bbox 797 2377 935 2457; x_wconf 89' lang='grc' dir='ltr'>λεγόμενος</span> 
     </span>
     <span class='ocr_line' id='line_1_24' title="bbox 150 2460 933 2545; baseline 0.009 -27"><span class='ocrx_word' id='word_1_174' title='bbox 150 2460 272 2542; x_wconf 78' lang='grc' dir='ltr'>ἔμψυχός</span> <span class='ocrx_word' id='word_1_175' title='bbox 289 2465 344 2520; x_wconf 83' lang='grc' dir='ltr'>ἐστι</span> <span class='ocrx_word' id='word_1_176' title='bbox 361 2462 407 2521; x_wconf 82' lang='grc' dir='ltr'>καί</span> <span class='ocrx_word' id='word_1_177' title='bbox 423 2466 455 2542; x_wconf 80' lang='grc' dir='ltr'>ζῇ</span> <span class='ocrx_word' id='word_1_178' title='bbox 469 2463 515 2522; x_wconf 77' lang='grc' dir='ltr'>καὶ</span> <span class='ocrx_word' id='word_1_179' title='bbox 530 2473 582 2530; x_wconf 87' lang='grc' dir='ltr'>τοῖς</span> <span class='ocrx_word' id='word_1_180' title='bbox 603 2465 757 2545; x_wconf 81' lang='grc' dir='ltr'>πράγμασιν</span> <span class='ocrx_word' id='word_1_181' title='bbox 779 2463 933 2526; x_wconf 77' lang='grc' dir='ltr'>ἕπεταικαὶ</span> 
     </span>
     <span class='ocr_line' id='line_1_25' title="bbox 149 2549 935 2634; baseline 0.008 -25"><span class='ocrx_word' id='word_1_182' title='bbox 149 2559 206 2616; x_wconf 88' lang='grc' dir='ltr'>τοῖς</span> <span class='ocrx_word' id='word_1_183' title='bbox 218 2549 340 2622; x_wconf 79' lang='grc' dir='ltr'>ἀληθέσιν</span> <span class='ocrx_word' id='word_1_184' title='bbox 352 2552 522 2632; x_wconf 86' lang='grc' dir='ltr'>ἀφωμοίωται</span> <span class='ocrx_word' id='word_1_185' title='bbox 539 2553 677 2632; x_wconf 83' lang='grc' dir='ltr'>σώμασιν,</span> <span class='ocrx_word' id='word_1_186' title='bbox 690 2560 704 2613; x_wconf 86' lang='grc' dir='ltr'>θ</span> <span class='ocrx_word' id='word_1_187' title='bbox 718 2555 744 2614; x_wconf 78' lang='grc' dir='ltr'>δέ</span> <span class='ocrx_word' id='word_1_188' title='bbox 755 2556 935 2634; x_wconf 86' lang='grc' dir='ltr'>γεγραμμένος</span> 
     </span>
    </p>

    <p class='ocr_par' dir='ltr' id='par_1_8' title="bbox 106 2636 935 2806">
     <span class='ocr_line' id='line_1_26' title="bbox 106 2636 935 2726; baseline 0.014 -34"><span class='ocrx_word' id='word_1_189' title='bbox 106 2654 134 2692; x_wconf 81' lang='lat' dir='ltr'>as</span> <span class='ocrx_word' id='word_1_190' title='bbox 151 2636 234 2696; x_wconf 81' lang='grc' dir='ltr'>εἰκόνι</span> <span class='ocrx_word' id='word_1_191' title='bbox 245 2636 324 2717; x_wconf 88' lang='grc' dir='ltr'>λόγου</span> <span class='ocrx_word' id='word_1_192' title='bbox 337 2639 385 2711; x_wconf 81' lang='grc' dir='ltr'>τὴν</span> <span class='ocrx_word' id='word_1_193' title='bbox 399 2640 475 2720; x_wconf 88' lang='grc' dir='ltr'>φύσιν</span> <span class='ocrx_word' id='word_1_194' title='bbox 490 2641 583 2719; x_wconf 81' lang='grc' dir='ltr'>ὁμοίαν</span> <span class='ocrx_word' id='word_1_195' title='bbox 598 2641 668 2722; x_wconf 85' lang='grc' dir='ltr'>ἔχων</span> <span class='ocrx_word' id='word_1_196' title='bbox 683 2642 789 2715; x_wconf 80' lang='grc' dir='ltr'>ἀπάσης</span> <span class='ocrx_word' id='word_1_197' title='bbox 804 2644 935 2726; x_wconf 77' lang='grc' dir='ltr'>ἐνεργείας</span> 
     </span>
     <span class='ocr_line' id='line_1_27' title="bbox 151 2727 446 2806; baseline 0 -22"><span class='ocrx_word' id='word_1_198' title='bbox 151 2727 262 2806; x_wconf 81' lang='grc' dir='ltr'>ἄμοιρος</span> <span class='ocrx_word' id='word_1_199' title='bbox 273 2729 446 2799; x_wconf 79' lang='grc' dir='ltr'>καθέστηκεν,</span> 
     </span>
    </p>

    <p class='ocr_par' dir='ltr' id='par_1_9' title="bbox 150 2807 936 3074">
     <span class='ocr_line' id='line_1_28' title="bbox 194 2807 935 2898; baseline 0.005 -24"><span class='ocrx_word' id='word_1_200' title='bbox 194 2835 230 2874; x_wconf 86' lang='lat'>11.</span> <span class='ocrx_word' id='word_1_201' title='bbox 252 2812 332 2881; x_wconf 80' lang='grc' dir='ltr'>’Ῑσως</span> <span class='ocrx_word' id='word_1_202' title='bbox 350 2813 381 2873; x_wconf 83' lang='grc' dir='ltr'>ἀν</span> <span class='ocrx_word' id='word_1_203' title='bbox 396 2807 442 2874; x_wconf 82' lang='grc' dir='ltr'>οὐν</span> <span class='ocrx_word' id='word_1_204' title='bbox 457 2813 526 2874; x_wconf 78' lang='lat' dir='ltr'><strong>ainos</strong></span> <span class='ocrx_word' id='word_1_205' title='bbox 540 2839 577 2883; x_wconf 88' lang='grc' dir='ltr'>τις</span> <span class='ocrx_word' id='word_1_206' title='bbox 595 2819 629 2883; x_wconf 83' lang='grc' dir='ltr'>ῶς</span> <span class='ocrx_word' id='word_1_207' title='bbox 644 2815 737 2896; x_wconf 87' lang='grc' dir='ltr'>ἀλογόν</span> <span class='ocrx_word' id='word_1_208' title='bbox 751 2819 806 2878; x_wconf 80' lang='grc' dir='ltr'>ἐστι</span> <span class='ocrx_word' id='word_1_209' title='bbox 823 2843 935 2898; x_wconf 83' lang='grc' dir='ltr'>κατηγο-</span> 
     </span>
     <span class='ocr_line' id='line_1_29' title="bbox 151 2901 936 2984; baseline 0.003 -22"><span class='ocrx_word' id='word_1_210' title='bbox 151 2910 207 2984; x_wconf 90' lang='grc' dir='ltr'>ρεῖν</span> <span class='ocrx_word' id='word_1_211' title='bbox 220 2903 267 2979; x_wconf 80' lang='grc' dir='ltr'>μέν</span> <span class='ocrx_word' id='word_1_212' title='bbox 281 2908 328 2972; x_wconf 79' lang='grc' dir='ltr'>τῆς</span> <span class='ocrx_word' id='word_1_213' title='bbox 340 2907 470 2983; x_wconf 75' lang='grc' dir='ltr'>γραφικῆς</span> <span class='ocrx_word' id='word_1_214' title='bbox 484 2905 635 2982; x_wconf 79' lang='grc' dir='ltr'>δυνάμεως,</span> <span class='ocrx_word' id='word_1_215' title='bbox 651 2903 728 2963; x_wconf 80' lang='grc' dir='ltr'>αὐτόν</span> <span class='ocrx_word' id='word_1_216' title='bbox 743 2901 771 2962; x_wconf 79' lang='grc' dir='ltr'>δέ</span> <span class='ocrx_word' id='word_1_217' title='bbox 786 2905 936 2978; x_wconf 78' lang='grc' dir='ltr'>διὰταύτης</span> 
     </span>
     <span class='ocr_line' id='line_1_30' title="bbox 150 2990 936 3074; baseline 0.006 -27"><span class='ocrx_word' id='word_1_218' title='bbox 150 2991 292 3070; x_wconf 81' lang='grc' dir='ltr'>φαίνεσθαι</span> <span class='ocrx_word' id='word_1_219' title='bbox 307 2990 356 3060; x_wconf 81' lang='grc' dir='ltr'>τδς</span> <span class='ocrx_word' id='word_1_220' title='bbox 370 2991 505 3061; x_wconf 76' lang='grc' dir='ltr'>ἐπιδείξεις</span> <span class='ocrx_word' id='word_1_221' title='bbox 521 2993 694 3069; x_wconf 82' lang='grc' dir='ltr'>ποιούμενον,</span> <span class='ocrx_word' id='word_1_222' title='bbox 707 2993 753 3052; x_wconf 81' lang='grc' dir='ltr'>καί</span> <span class='ocrx_word' id='word_1_223' title='bbox 764 2993 936 3074; x_wconf 80' lang='grc' dir='ltr'>προδιαύάλ-</span> 
     </span>
    </p>

    <p class='ocr_par' dir='ltr' id='par_1_10' title="bbox 106 3072 940 5280">
     <span class='ocr_line' id='line_1_31' title="bbox 106 3072 936 3160; baseline -0.004 -19"><span class='ocrx_word' id='word_1_224' title='bbox 106 3101 137 3141; x_wconf 81' lang='lat' dir='ltr'>ao</span> <span class='ocrx_word' id='word_1_225' title='bbox 150 3082 210 3138; x_wconf 86' lang='grc' dir='ltr'>λειν</span> <span class='ocrx_word' id='word_1_226' title='bbox 233 3081 282 3152; x_wconf 78' lang='grc' dir='ltr'>τὴν</span> <span class='ocrx_word' id='word_1_227' title='bbox 303 3079 488 3160; x_wconf 84' lang='grc' dir='ltr'>πραγματείαν</span> <span class='ocrx_word' id='word_1_228' title='bbox 506 3082 605 3153; x_wconf 85' lang='grc' dir='ltr'>ταύτην</span> <span class='ocrx_word' id='word_1_229' title='bbox 626 3082 659 3138; x_wconf 90' lang='grc' dir='ltr'>δι’</span> <span class='ocrx_word' id='word_1_230' title='bbox 674 3072 705 3156; x_wconf 74' lang='grc' dir='ltr'>ἧς</span> <span class='ocrx_word' id='word_1_231' title='bbox 720 3081 864 3156; x_wconf 85' lang='grc' dir='ltr'>εὐδοκιμεῖν</span> <span class='ocrx_word' id='word_1_232' title='bbox 884 3105 936 3138; x_wconf 81' lang='grc' dir='ltr'>πα·</span> 
     </span>
     <span class='ocr_line' id='line_1_32' title="bbox 151 3163 936 3248; baseline 0.005 -23"><span class='ocrx_word' id='word_1_233' title='bbox 151 3169 344 3248; x_wconf 83' lang='grc' dir='ltr'>ρασκευάζεται</span> <span class='ocrx_word' id='word_1_234' title='bbox 357 3167 431 3248; x_wconf 74' lang='grc' dir='ltr'>παρὰ</span> <span class='ocrx_word' id='word_1_235' title='bbox 441 3175 495 3234; x_wconf 87' lang='grc' dir='ltr'>τοῖς</span> <span class='ocrx_word' id='word_1_236' title='bbox 506 3163 651 3244; x_wconf 79' lang='grc' dir='ltr'>Ἕλλησιν,</span> <span class='ocrx_word' id='word_1_237' title='bbox 668 3169 706 3227; x_wconf 88' lang='grc' dir='ltr'>ἐτι</span> <span class='ocrx_word' id='word_1_238' title='bbox 718 3169 745 3227; x_wconf 75' lang='grc' dir='ltr'>δέ</span> <span class='ocrx_word' id='word_1_239' title='bbox 758 3170 819 3247; x_wconf 83' lang='grc' dir='ltr'>περὶ</span> <span class='ocrx_word' id='word_1_240' title='bbox 832 3171 936 3248; x_wconf 90' lang='grc' dir='ltr'>φιλοσο-</span> 
     </span>
     <span class='ocr_line' id='line_1_33' title="bbox 151 3253 936 3337; baseline 0.001 -24"><span class='ocrx_word' id='word_1_241' title='bbox 151 3257 215 3337; x_wconf 86' lang='grc' dir='ltr'>φίαν</span> <span class='ocrx_word' id='word_1_242' title='bbox 228 3255 395 3336; x_wconf 82' lang='grc' dir='ltr'>διατρίύοντα</span> <span class='ocrx_word' id='word_1_243' title='bbox 405 3253 464 3322; x_wconf 86' lang='grc' dir='ltr'>τούς</span> <span class='ocrx_word' id='word_1_244' title='bbox 479 3255 743 3334; x_wconf 84' lang='grc' dir='ltr'>αὐτοσχεδιαστικούς</span> <span class='ocrx_word' id='word_1_245' title='bbox 755 3255 848 3335; x_wconf 86' lang='grc' dir='ltr'>λόγους</span> <span class='ocrx_word' id='word_1_246' title='bbox 861 3259 936 3316; x_wconf 87' lang='grc' dir='ltr'>ἐπαι-</span> 
     </span>
     <span class='ocr_line' id='line_1_34' title="bbox 151 3343 938 3426; baseline 0.003 -23"><span class='ocrx_word' id='word_1_247' title='bbox 151 3346 206 3403; x_wconf 84' lang='grc' dir='ltr'>νεῖν</span> <span class='ocrx_word' id='word_1_248' title='bbox 229 3345 274 3404; x_wconf 83' lang='grc' dir='ltr'>καί</span> <span class='ocrx_word' id='word_1_249' title='bbox 306 3343 520 3426; x_wconf 89' lang='grc' dir='ltr'>προυργιαίτερον</span> <span class='ocrx_word' id='word_1_250' title='bbox 550 3350 668 3422; x_wconf 81' lang='grc' dir='ltr'>ἡγεῖσθαι</span> <span class='ocrx_word' id='word_1_251' title='bbox 699 3345 748 3416; x_wconf 74' lang='grc' dir='ltr'>τὴν</span> <span class='ocrx_word' id='word_1_252' title='bbox 781 3344 865 3426; x_wconf 81' lang='grc' dir='ltr'>τύχην</span> <span class='ocrx_word' id='word_1_253' title='bbox 891 3353 938 3419; x_wconf 79' lang='grc' dir='ltr'>τῆς</span> 
     </span>
     <span class='ocr_line' id='line_1_35' title="bbox 151 3433 938 3516; baseline 0.005 -24"><span class='ocrx_word' id='word_1_254' title='bbox 151 3434 278 3516; x_wconf 87' lang='grc' dir='ltr'>προνοίας</span> <span class='ocrx_word' id='word_1_255' title='bbox 292 3433 338 3494; x_wconf 83' lang='grc' dir='ltr'>καί</span> <span class='ocrx_word' id='word_1_256' title='bbox 361 3435 570 3514; x_wconf 71' lang='grc' dir='ltr'>φρονιμωτέρους</span> <span class='ocrx_word' id='word_1_257' title='bbox 592 3433 652 3500; x_wconf 84' lang='grc' dir='ltr'>τούς</span> <span class='ocrx_word' id='word_1_258' title='bbox 676 3435 734 3515; x_wconf 78' lang='grc' dir='ltr'>εἰκῇ</span> <span class='ocrx_word' id='word_1_259' title='bbox 747 3433 872 3514; x_wconf 85' lang='grc' dir='ltr'>λέγοντας</span> <span class='ocrx_word' id='word_1_260' title='bbox 886 3441 938 3496; x_wconf 91' lang='grc' dir='ltr'>τῶν</span> 
     </span>
     <span class='ocr_line' id='line_1_36' title="bbox 107 3521 936 3604; baseline -0.002 -18"><span class='ocrx_word' id='word_1_261' title='bbox 107 3546 137 3586; x_wconf 79' lang='lat' dir='ltr'>sa</span> <span class='ocrx_word' id='word_1_262' title='bbox 154 3523 223 3604; x_wconf 76' lang='lat' dir='ltr'><strong>perir</strong></span> <span class='ocrx_word' id='word_1_263' title='bbox 238 3527 407 3604; x_wconf 79' lang='grc' dir='ltr'>παρασκευῆς</span> <span class='ocrx_word' id='word_1_264' title='bbox 426 3523 590 3603; x_wconf 81' lang='grc' dir='ltr'>γραφόντων.</span> <span class='ocrx_word' id='word_1_265' title='bbox 632 3521 704 3602; x_wconf 82' lang='grc' dir='ltr'>Ἐγὼ</span> <span class='ocrx_word' id='word_1_266' title='bbox 720 3523 747 3582; x_wconf 80' lang='grc' dir='ltr'>δὲ</span> <span class='ocrx_word' id='word_1_267' title='bbox 764 3528 869 3604; x_wconf 84' lang='grc' dir='ltr'>πρῶτον</span> <span class='ocrx_word' id='word_1_268' title='bbox 889 3524 936 3602; x_wconf 83' lang='grc' dir='ltr'>μὲν</span> 
     </span>
     <span class='ocr_line' id='line_1_37' title="bbox 152 3609 938 3692; baseline -0.003 -18"><span class='ocrx_word' id='word_1_269' title='bbox 152 3619 184 3674; x_wconf 85' lang='grc' dir='ltr'>οὐ</span> <span class='ocrx_word' id='word_1_270' title='bbox 193 3615 328 3680; x_wconf 82' lang='grc' dir='ltr'>παντελῶς</span> <span class='ocrx_word' id='word_1_271' title='bbox 338 3611 539 3688; x_wconf 83' lang='grc' dir='ltr'>ἀποδοκιμάζων</span> <span class='ocrx_word' id='word_1_272' title='bbox 549 3609 597 3683; x_wconf 76' lang='grc' dir='ltr'>τὴν</span> <span class='ocrx_word' id='word_1_273' title='bbox 606 3613 736 3692; x_wconf 72' lang='grc' dir='ltr'>γραφικὴν</span> <span class='ocrx_word' id='word_1_274' title='bbox 750 3611 858 3691; x_wconf 89' lang='grc' dir='ltr'>δύναμιν</span> <span class='ocrx_word' id='word_1_275' title='bbox 870 3612 938 3672; x_wconf 71' lang='grc' dir='ltr'>ἀλλὰ</span> 
     </span>
     <span class='ocr_line' id='line_1_38' title="bbox 152 3693 938 3784; baseline -0.001 -21"><span class='ocrx_word' id='word_1_276' title='bbox 152 3703 236 3784; x_wconf 79' lang='grc' dir='ltr'>χείρω</span> <span class='ocrx_word' id='word_1_277' title='bbox 249 3707 296 3774; x_wconf 81' lang='grc' dir='ltr'>τῆς</span> <span class='ocrx_word' id='word_1_278' title='bbox 312 3703 565 3781; x_wconf 77' lang='grc' dir='ltr'>αὐτοσχεδιαστικῆς</span> <span class='ocrx_word' id='word_1_279' title='bbox 579 3701 722 3778; x_wconf 75' lang='grc' dir='ltr'>ἡγούμενος</span> <span class='ocrx_word' id='word_1_280' title='bbox 736 3693 821 3780; x_wconf 80' lang='grc' dir='ltr'>εἶναι,</span> <span class='ocrx_word' id='word_1_281' title='bbox 835 3704 880 3761; x_wconf 80' lang='grc' dir='ltr'>καὶ</span> <span class='ocrx_word' id='word_1_282' title='bbox 894 3709 938 3764; x_wconf 78' lang='grc' dir='ltr'>τοῦ</span> 
     </span>
     <span class='ocr_line' id='line_1_39' title="bbox 154 3788 938 3870; baseline -0.004 -19"><span class='ocrx_word' id='word_1_283' title='bbox 154 3793 281 3851; x_wconf 84' lang='grc' dir='ltr'>δύνασθαι</span> <span class='ocrx_word' id='word_1_284' title='bbox 297 3789 383 3869; x_wconf 81' lang='grc' dir='ltr'>λέγειν</span> <span class='ocrx_word' id='word_1_285' title='bbox 401 3788 528 3862; x_wconf 89' lang='grc' dir='ltr'>πλείστην</span> <span class='ocrx_word' id='word_1_286' title='bbox 541 3790 693 3866; x_wconf 78' lang='grc' dir='ltr'>ἐπιμελειαν</span> <span class='ocrx_word' id='word_1_287' title='bbox 711 3789 827 3867; x_wconf 78' lang='grc' dir='ltr'>οἰόμενος</span> <span class='ocrx_word' id='word_1_288' title='bbox 842 3795 938 3870; x_wconf 85' lang='grc' dir='ltr'>χρῆναι</span> 
     </span>
     <span class='ocr_line' id='line_1_40' title="bbox 154 3875 939 3958; baseline -0.003 -20"><span class='ocrx_word' id='word_1_289' title='bbox 154 3881 302 3952; x_wconf 78' lang='grc' dir='ltr'>ποιεῖσθαι,</span> <span class='ocrx_word' id='word_1_290' title='bbox 314 3877 419 3944; x_wconf 85' lang='grc' dir='ltr'>τούτους</span> <span class='ocrx_word' id='word_1_291' title='bbox 436 3876 528 3957; x_wconf 73' lang='grc' dir='ltr'>εἴρηκα</span> <span class='ocrx_word' id='word_1_292' title='bbox 545 3875 603 3943; x_wconf 83' lang='grc' dir='ltr'>τούς</span> <span class='ocrx_word' id='word_1_293' title='bbox 619 3875 720 3954; x_wconf 84' lang='grc' dir='ltr'>λόγους·</span> <span class='ocrx_word' id='word_1_294' title='bbox 735 3877 828 3936; x_wconf 82' lang='grc' dir='ltr'>ἔπειτα</span> <span class='ocrx_word' id='word_1_295' title='bbox 849 3901 939 3958; x_wconf 89' lang='grc' dir='ltr'>προσ-</span> 
     </span>
     <span class='ocr_line' id='line_1_41' title="bbox 111 3963 937 4050; baseline -0.002 -23"><span class='ocrx_word' id='word_1_296' title='bbox 111 3999 142 4037; x_wconf 76' lang='grc' dir='ltr'>ςο</span> <span class='ocrx_word' id='word_1_297' title='bbox 154 3973 264 4050; x_wconf 80' lang='grc' dir='ltr'>χρῶμαι</span> <span class='ocrx_word' id='word_1_298' title='bbox 279 3970 317 4046; x_wconf 79' lang='grc' dir='ltr'>τῷ</span> <span class='ocrx_word' id='word_1_299' title='bbox 336 3966 444 4048; x_wconf 89' lang='grc' dir='ltr'>γράφειν</span> <span class='ocrx_word' id='word_1_300' title='bbox 459 3967 507 4026; x_wconf 89' lang='grc' dir='ltr'>οὐκ</span> <span class='ocrx_word' id='word_1_301' title='bbox 522 3965 565 4025; x_wconf 77' lang='grc' dir='ltr'>ἐπὶ</span> <span class='ocrx_word' id='word_1_302' title='bbox 584 3965 668 4044; x_wconf 85' lang='grc' dir='ltr'>τούτῳ</span> <span class='ocrx_word' id='word_1_303' title='bbox 683 3963 806 4044; x_wconf 84' lang='grc' dir='ltr'>μέγιστον</span> <span class='ocrx_word' id='word_1_304' title='bbox 825 3971 937 4047; x_wconf 83' lang='grc' dir='ltr'>φρονῶν,</span> 
     </span>
     <span class='ocr_line' id='line_1_42' title="bbox 155 4053 939 4133; baseline -0.004 -16"><span class='ocrx_word' id='word_1_305' title='bbox 155 4057 214 4118; x_wconf 85' lang='grc' dir='ltr'>ἀλλ’</span> <span class='ocrx_word' id='word_1_306' title='bbox 225 4055 258 4115; x_wconf 78' lang='grc' dir='ltr'>ἵν’</span> <span class='ocrx_word' id='word_1_307' title='bbox 273 4053 393 4123; x_wconf 80' lang='grc' dir='ltr'>ἐπιδείξω</span> <span class='ocrx_word' id='word_1_308' title='bbox 411 4055 464 4122; x_wconf 83' lang='grc' dir='ltr'>τοῖς</span> <span class='ocrx_word' id='word_1_309' title='bbox 480 4053 523 4113; x_wconf 73' lang='grc' dir='ltr'>ἐπὶ</span> <span class='ocrx_word' id='word_1_310' title='bbox 540 4053 623 4133; x_wconf 84' lang='grc' dir='ltr'>ταύτῃ</span> <span class='ocrx_word' id='word_1_311' title='bbox 637 4058 671 4132; x_wconf 86' lang='grc' dir='ltr'>τῇ</span> <span class='ocrx_word' id='word_1_312' title='bbox 686 4053 795 4130; x_wconf 82' lang='grc' dir='ltr'>δυνάμει</span> <span class='ocrx_word' id='word_1_313' title='bbox 816 4077 939 4131; x_wconf 90' lang='grc' dir='ltr'>σεμνυνο-</span> 
     </span>
     <span class='ocr_line' id='line_1_43' title="bbox 155 4143 939 4226; baseline -0.005 -20"><span class='ocrx_word' id='word_1_314' title='bbox 155 4148 243 4224; x_wconf 84' lang='grc' dir='ltr'>μένοις</span> <span class='ocrx_word' id='word_1_315' title='bbox 266 4145 307 4204; x_wconf 80' lang='grc' dir='ltr'>ότι</span> <span class='ocrx_word' id='word_1_316' title='bbox 331 4143 414 4223; x_wconf 83' lang='grc' dir='ltr'>μικρθι</span> <span class='ocrx_word' id='word_1_317' title='bbox 435 4143 595 4214; x_wconf 75' lang='grc' dir='ltr'>πονήσαντες</span> <span class='ocrx_word' id='word_1_318' title='bbox 620 4147 695 4220; x_wconf 74' lang='grc' dir='ltr'>ἡμεῖς</span> <span class='ocrx_word' id='word_1_319' title='bbox 717 4145 869 4226; x_wconf 77' lang='grc' dir='ltr'>ἀποκρύψαι</span> <span class='ocrx_word' id='word_1_320' title='bbox 894 4145 939 4204; x_wconf 79' lang='grc' dir='ltr'>καὶ</span> 
     </span>
     <span class='ocr_line' id='line_1_44' title="bbox 155 4221 940 4312; baseline -0.005 -18"><span class='ocrx_word' id='word_1_321' title='bbox 155 4237 304 4294; x_wconf 79' lang='grc' dir='ltr'>καταλῦσαι</span> <span class='ocrx_word' id='word_1_322' title='bbox 314 4231 373 4299; x_wconf 84' lang='grc' dir='ltr'>τούς</span> <span class='ocrx_word' id='word_1_323' title='bbox 385 4231 476 4309; x_wconf 90' lang='grc' dir='ltr'>λόγους</span> <span class='ocrx_word' id='word_1_324' title='bbox 491 4233 578 4290; x_wconf 87' lang='grc' dir='ltr'>αὐτῶν</span> <span class='ocrx_word' id='word_1_325' title='bbox 591 4221 639 4290; x_wconf 74' lang='grc' dir='ltr'>οἷοί</span> <span class='ocrx_word' id='word_1_326' title='bbox 653 4231 677 4288; x_wconf 84' lang='grc' dir='ltr'>τ’</span> <span class='ocrx_word' id='word_1_327' title='bbox 689 4230 813 4307; x_wconf 78' lang='grc' dir='ltr'>ἐσόμεθα.</span> <span class='ocrx_word' id='word_1_328' title='bbox 867 4232 940 4312; x_wconf 83' lang='grc' dir='ltr'>Πρὸς</span> 
     </span>
     <span class='ocr_line' id='line_1_45' title="bbox 156 4319 940 4400; baseline -0.001 -20"><span class='ocrx_word' id='word_1_329' title='bbox 156 4322 184 4381; x_wconf 79' lang='grc' dir='ltr'>δέ</span> <span class='ocrx_word' id='word_1_330' title='bbox 197 4321 296 4388; x_wconf 89' lang='grc' dir='ltr'>τούτοις</span> <span class='ocrx_word' id='word_1_331' title='bbox 306 4321 352 4381; x_wconf 86' lang='grc' dir='ltr'>καί</span> <span class='ocrx_word' id='word_1_332' title='bbox 363 4324 414 4380; x_wconf 91' lang='grc' dir='ltr'>τῶν</span> <span class='ocrx_word' id='word_1_333' title='bbox 428 4321 574 4390; x_wconf 76' lang='grc' dir='ltr'>ἐπιδείξεων</span> <span class='ocrx_word' id='word_1_334' title='bbox 585 4321 662 4379; x_wconf 79' lang='grc' dir='ltr'>ἕνεκα</span> <span class='ocrx_word' id='word_1_335' title='bbox 670 4323 720 4379; x_wconf 89' lang='grc' dir='ltr'>τῶν</span> <span class='ocrx_word' id='word_1_336' title='bbox 732 4323 768 4386; x_wconf 87' lang='grc' dir='ltr'>εἰς</span> <span class='ocrx_word' id='word_1_337' title='bbox 777 4319 837 4388; x_wconf 86' lang='grc' dir='ltr'>τούς</span> <span class='ocrx_word' id='word_1_338' title='bbox 847 4321 940 4400; x_wconf 82' lang='grc' dir='ltr'>ὄχλους</span> 
     </span>
     <span class='ocr_line' id='line_1_46' title="bbox 110 4409 938 4490; baseline -0.005 -19"><span class='ocrx_word' id='word_1_339' title='bbox 110 4431 140 4471; x_wconf 77' lang='lat' dir='ltr'>sa</span> <span class='ocrx_word' id='word_1_340' title='bbox 157 4411 336 4490; x_wconf 76' lang='grc' dir='ltr'>ἐκφερομένων</span> <span class='ocrx_word' id='word_1_341' title='bbox 359 4411 478 4486; x_wconf 75' lang='grc' dir='ltr'>ἅπτομαι</span> <span class='ocrx_word' id='word_1_342' title='bbox 500 4415 545 4469; x_wconf 81' lang='grc' dir='ltr'>τοῦ</span> <span class='ocrx_word' id='word_1_343' title='bbox 566 4409 684 4489; x_wconf 87' lang='grc' dir='ltr'>γράφειν.</span> <span class='ocrx_word' id='word_1_344' title='bbox 740 4410 803 4477; x_wconf 84' lang='grc' dir='ltr'>Τοῖς</span> <span class='ocrx_word' id='word_1_345' title='bbox 823 4409 938 4490; x_wconf 83' lang='grc' dir='ltr'>μὲνγὰρ</span> 
     </span>
     <span class='ocr_line' id='line_1_47' title="bbox 156 4495 939 4577; baseline -0.004 -20"><span class='ocrx_word' id='word_1_346' title='bbox 156 4498 284 4564; x_wconf 87' lang='grc' dir='ltr'>πολλάκις</span> <span class='ocrx_word' id='word_1_347' title='bbox 306 4501 370 4574; x_wconf 77' lang='grc' dir='ltr'>ἡμῖν</span> <span class='ocrx_word' id='word_1_348' title='bbox 391 4496 592 4577; x_wconf 78' lang='grc' dir='ltr'>ἐντυγχάνουσιν</span> <span class='ocrx_word' id='word_1_349' title='bbox 614 4497 640 4565; x_wconf 74' lang='grc' dir='ltr'>ἐξ</span> <span class='ocrx_word' id='word_1_350' title='bbox 661 4495 760 4555; x_wconf 77' lang='grc' dir='ltr'>ἐκείνου</span> <span class='ocrx_word' id='word_1_351' title='bbox 783 4501 827 4555; x_wconf 81' lang='grc' dir='ltr'>τοῦ</span> <span class='ocrx_word' id='word_1_352' title='bbox 842 4496 939 4576; x_wconf 88' lang='grc' dir='ltr'>τρόπου</span> 
     </span>
     <span class='ocr_line' id='line_1_48' title="bbox 157 4582 939 4667; baseline -0.005 -21"><span class='ocrx_word' id='word_1_353' title='bbox 157 4584 373 4667; x_wconf 84' lang='grc' dir='ltr'>παρακελεύομαι</span> <span class='ocrx_word' id='word_1_354' title='bbox 393 4585 486 4662; x_wconf 86' lang='grc' dir='ltr'>πεῖραν</span> <span class='ocrx_word' id='word_1_355' title='bbox 510 4587 586 4663; x_wconf 76' lang='grc' dir='ltr'>ἡμῶν</span> <span class='ocrx_word' id='word_1_356' title='bbox 608 4584 769 4661; x_wconf 81' lang='grc' dir='ltr'>λαμόάνειν,</span> <span class='ocrx_word' id='word_1_357' title='bbox 786 4582 848 4642; x_wconf 83' lang='grc' dir='ltr'>όταν</span> <span class='ocrx_word' id='word_1_358' title='bbox 873 4583 939 4666; x_wconf 81' lang='grc' dir='ltr'>θπέρ</span> 
     </span>
     <span class='ocr_line' id='line_1_49' title="bbox 156 4671 938 4753; baseline -0.006 -19"><span class='ocrx_word' id='word_1_359' title='bbox 156 4675 271 4738; x_wconf 76' lang='grc' dir='ltr'>ἅπαντας</span> <span class='ocrx_word' id='word_1_360' title='bbox 283 4678 330 4730; x_wconf 79' lang='grc' dir='ltr'>τοῦ</span> <span class='ocrx_word' id='word_1_361' title='bbox 343 4671 511 4753; x_wconf 89' lang='grc' dir='ltr'>προεεθίντος</span> <span class='ocrx_word' id='word_1_362' title='bbox 521 4672 647 4751; x_wconf 88' lang='grc' dir='ltr'>εὐκαίρως</span> <span class='ocrx_word' id='word_1_363' title='bbox 657 4672 702 4732; x_wconf 76' lang='grc' dir='ltr'>καί</span> <span class='ocrx_word' id='word_1_364' title='bbox 713 4676 844 4749; x_wconf 89' lang='grc' dir='ltr'>μουσικῶς</span> <span class='ocrx_word' id='word_1_365' title='bbox 856 4675 938 4732; x_wconf 86' lang='grc' dir='ltr'>είπεῖν</span> 
     </span>
     <span class='ocr_line' id='line_1_50' title="bbox 157 4750 938 4842; baseline -0.003 -20"><span class='ocrx_word' id='word_1_366' title='bbox 157 4753 243 4822; x_wconf 75' lang='grc' dir='ltr'>οἷοίτ’</span> <span class='ocrx_word' id='word_1_367' title='bbox 262 4750 343 4838; x_wconf 82' lang='grc' dir='ltr'>ῶμεν·</span> <span class='ocrx_word' id='word_1_368' title='bbox 358 4769 412 4828; x_wconf 88' lang='grc' dir='ltr'>τοῖς</span> <span class='ocrx_word' id='word_1_369' title='bbox 429 4760 456 4820; x_wconf 76' lang='grc' dir='ltr'>δέ</span> <span class='ocrx_word' id='word_1_370' title='bbox 473 4762 516 4820; x_wconf 80' lang='grc' dir='ltr'>διδ</span> <span class='ocrx_word' id='word_1_371' title='bbox 534 4759 630 4841; x_wconf 88' lang='grc' dir='ltr'>χρόνου</span> <span class='ocrx_word' id='word_1_372' title='bbox 647 4759 694 4837; x_wconf 79' lang='grc' dir='ltr'>μὲν</span> <span class='ocrx_word' id='word_1_373' title='bbox 710 4759 755 4818; x_wconf 81' lang='grc' dir='ltr'>ἐπί</span> <span class='ocrx_word' id='word_1_374' title='bbox 773 4759 821 4828; x_wconf 82' lang='grc' dir='ltr'>τάς</span> <span class='ocrx_word' id='word_1_375' title='bbox 843 4761 938 4842; x_wconf 85' lang='grc' dir='ltr'>ἀκροά-</span> 
     </span>
     <span class='ocr_line' id='line_1_51' title="bbox 109 4847 939 4928; baseline -0.005 -16"><span class='ocrx_word' id='word_1_376' title='bbox 109 4873 142 4912; x_wconf 82' lang='lat' dir='ltr'><strong>sc</strong></span> <span class='ocrx_word' id='word_1_377' title='bbox 156 4873 210 4916; x_wconf 88' lang='grc' dir='ltr'>σεις</span> <span class='ocrx_word' id='word_1_378' title='bbox 228 4847 390 4928; x_wconf 78' lang='grc' dir='ltr'>ἀφιγμένοις,</span> <span class='ocrx_word' id='word_1_379' title='bbox 409 4847 584 4925; x_wconf 80' lang='grc' dir='ltr'>μηδεπώποτε</span> <span class='ocrx_word' id='word_1_380' title='bbox 600 4847 627 4908; x_wconf 81' lang='grc' dir='ltr'>δέ</span> <span class='ocrx_word' id='word_1_381' title='bbox 642 4847 769 4928; x_wconf 86' lang='grc' dir='ltr'>πρότερον</span> <span class='ocrx_word' id='word_1_382' title='bbox 783 4848 846 4924; x_wconf 79' lang='grc' dir='ltr'>ἡμῖν</span> <span class='ocrx_word' id='word_1_383' title='bbox 870 4852 939 4908; x_wconf 87' lang='grc' dir='ltr'>ἐντε-</span> 
     </span>
     <span class='ocr_line' id='line_1_52' title="bbox 155 4935 937 5020; baseline -0.003 -23"><span class='ocrx_word' id='word_1_384' title='bbox 155 4937 300 5020; x_wconf 86' lang='grc' dir='ltr'>τυχηκόσιν</span> <span class='ocrx_word' id='word_1_385' title='bbox 310 4935 525 5018; x_wconf 83' lang='grc' dir='ltr'>ἐπιχειροῦμέντι</span> <span class='ocrx_word' id='word_1_386' title='bbox 535 4937 665 4996; x_wconf 89' lang='grc' dir='ltr'>δεικνύναι</span> <span class='ocrx_word' id='word_1_387' title='bbox 674 4939 725 4996; x_wconf 89' lang='grc' dir='ltr'>τῶν</span> <span class='ocrx_word' id='word_1_388' title='bbox 738 4937 937 5018; x_wconf 84' lang='grc' dir='ltr'>γεγραμμένων·</span> 
     </span>
     <span class='ocr_line' id='line_1_53' title="bbox 156 5023 939 5104; baseline -0.005 -17"><span class='ocrx_word' id='word_1_389' title='bbox 156 5026 298 5104; x_wconf 80' lang='grc' dir='ltr'>εἰθισμένοι</span> <span class='ocrx_word' id='word_1_390' title='bbox 312 5025 362 5104; x_wconf 80' lang='grc' dir='ltr'>γθιρ</span> <span class='ocrx_word' id='word_1_391' title='bbox 373 5029 517 5104; x_wconf 79' lang='grc' dir='ltr'>ἀκροᾶσθαι</span> <span class='ocrx_word' id='word_1_392' title='bbox 531 5027 582 5083; x_wconf 92' lang='grc' dir='ltr'>τῶν</span> <span class='ocrx_word' id='word_1_393' title='bbox 597 5025 684 5083; x_wconf 76' lang='grc' dir='ltr'>ἀλλων</span> <span class='ocrx_word' id='word_1_394' title='bbox 699 5023 759 5091; x_wconf 81' lang='grc' dir='ltr'>τοὺς</span> <span class='ocrx_word' id='word_1_395' title='bbox 770 5025 862 5102; x_wconf 88' lang='grc' dir='ltr'>λόγους</span> <span class='ocrx_word' id='word_1_396' title='bbox 877 5024 939 5091; x_wconf 80' lang='grc' dir='ltr'>ἴσοις</span> 
     </span>
     <span class='ocr_line' id='line_1_54' title="bbox 155 5113 939 5194; baseline -0.008 -18"><span class='ocrx_word' id='word_1_397' title='bbox 155 5117 189 5176; x_wconf 84' lang='grc' dir='ltr'>ὐν</span> <span class='ocrx_word' id='word_1_398' title='bbox 212 5118 291 5192; x_wconf 76' lang='grc' dir='ltr'>ἡμῶν</span> <span class='ocrx_word' id='word_1_399' title='bbox 315 5114 568 5194; x_wconf 79' lang='grc' dir='ltr'>αὐτοσχεδιαζόντων</span> <span class='ocrx_word' id='word_1_400' title='bbox 591 5113 730 5178; x_wconf 85' lang='grc' dir='ltr'>ἀκούοντες</span> <span class='ocrx_word' id='word_1_401' title='bbox 752 5114 879 5172; x_wconf 83' lang='grc' dir='ltr'>ἐλάττονα</span> <span class='ocrx_word' id='word_1_402' title='bbox 893 5117 939 5184; x_wconf 74' lang='grc' dir='ltr'>τῆς</span> 
     </span>
     <span class='ocr_line' id='line_1_55' title="bbox 155 5199 938 5280; baseline -0.01 -14"><span class='ocrx_word' id='word_1_403' title='bbox 155 5203 230 5274; x_wconf 80' lang='grc' dir='ltr'>ἀξίας</span> <span class='ocrx_word' id='word_1_404' title='bbox 254 5201 330 5271; x_wconf 80' lang='grc' dir='ltr'>δόξαν</span> <span class='ocrx_word' id='word_1_405' title='bbox 344 5202 403 5262; x_wconf 84' lang='grc' dir='ltr'>καθ’</span> <span class='ocrx_word' id='word_1_406' title='bbox 423 5207 499 5280; x_wconf 79' lang='grc' dir='ltr'>ἡμῶν</span> <span class='ocrx_word' id='word_1_407' title='bbox 518 5202 634 5262; x_wconf 78' lang='grc' dir='ltr'>λάόοιεν.</span> <span class='ocrx_word' id='word_1_408' title='bbox 680 5199 767 5280; x_wconf 78' lang='grc' dir='ltr'>Χωρίς</span> <span class='ocrx_word' id='word_1_409' title='bbox 788 5201 815 5258; x_wconf 78' lang='grc' dir='ltr'>δὲ</span> <span class='ocrx_word' id='word_1_410' title='bbox 842 5199 938 5259; x_wconf 86' lang='grc' dir='ltr'>τούτων</span> 
     </span>
    </p>
   </div>
   <div class='ocr_carea' id='block_1_3' title="bbox 978 550 1762 742">
    <p class='ocr_par' dir='ltr' id='par_1_11' title="bbox 978 550 1762 742">
     <span class='ocr_line' id='line_1_56' title="bbox 978 550 1758 620; baseline 0.026 -25"><span class='ocrx_word' id='word_1_411' title='bbox 978 560 1048 596; x_wconf 87' lang='lat' dir='ltr'><strong>usum</strong></span> <span class='ocrx_word' id='word_1_412' title='bbox 1063 550 1176 612; x_wconf 88' lang='lat' dir='ltr'><strong>impediat</strong></span> <span class='ocrx_word' id='word_1_413' title='bbox 1188 558 1212 602; x_wconf 90' lang='lat' dir='ltr'>et</span> <span class='ocrx_word' id='word_1_414' title='bbox 1227 555 1294 616; x_wconf 84' lang='lat' dir='ltr'><strong>pejus</strong></span> <span class='ocrx_word' id='word_1_415' title='bbox 1310 555 1430 607; x_wconf 87' lang='lat' dir='ltr'><strong>interdum</strong></span> <span class='ocrx_word' id='word_1_416' title='bbox 1451 571 1524 620; x_wconf 86' lang='lat' dir='ltr'><strong>quarn</strong></span> <span class='ocrx_word' id='word_1_417' title='bbox 1538 562 1634 612; x_wconf 87' lang='lat' dir='ltr'><strong>tortuna</strong></span> <span class='ocrx_word' id='word_1_418' title='bbox 1644 565 1758 615; x_wconf 79' lang='lat' dir='ltr'><strong>certanti·</strong></span> 
     </span>
     <span class='ocr_line' id='line_1_57' title="bbox 979 668 1762 742; baseline 0.026 -25"><span class='ocrx_word' id='word_1_419' title='bbox 979 668 1146 721; x_wconf 81' lang='lat' dir='ltr'><strong>bnaauxilinm</strong></span> <span class='ocrx_word' id='word_1_420' title='bbox 1164 675 1279 738; x_wconf 89' lang='lat' dir='ltr'><strong>praebeat,</strong></span> <span class='ocrx_word' id='word_1_421' title='bbox 1297 683 1321 728; x_wconf 88' lang='lat' dir='ltr'>et</span> <span class='ocrx_word' id='word_1_422' title='bbox 1338 694 1414 742; x_wconf 91' lang='lat' dir='ltr'><strong>quum</strong></span> <span class='ocrx_word' id='word_1_423' title='bbox 1431 685 1519 732; x_wconf 79' lang='grc' dir='ltr'>σείσειε</span> <span class='ocrx_word' id='word_1_424' title='bbox 1533 691 1597 734; x_wconf 86' lang='lat' dir='ltr'><strong>artes</strong></span> <span class='ocrx_word' id='word_1_425' title='bbox 1615 686 1645 736; x_wconf 90' lang='lat' dir='ltr'>ad</span> <span class='ocrx_word' id='word_1_426' title='bbox 1665 687 1762 738; x_wconf 79' lang='lat' dir='ltr'>meliora</span> 
     </span>
    </p>
   </div>
   <div class='ocr_carea' id='block_1_4' title="bbox 980 791 1761 865">
    <p class='ocr_par' dir='ltr' id='par_1_12' title="bbox 980 791 1761 865">
     <span class='ocr_line' id='line_1_58' title="bbox 980 791 1761 865; baseline 0.029 -26"><span class='ocrx_word' id='word_1_427' title='bbox 980 791 1054 841; x_wconf 84' lang='lat' dir='ltr'><strong>ritarn</strong></span> <span class='ocrx_word' id='word_1_428' title='bbox 1062 793 1192 845; x_wconf 89' lang='lat' dir='ltr'><strong>humanam</strong></span> <span class='ocrx_word' id='word_1_429' title='bbox 1202 798 1320 850; x_wconf 74' lang='lat' dir='ltr'><strong>adducere</strong></span> <span class='ocrx_word' id='word_1_430' title='bbox 1332 803 1433 865; x_wconf 77' lang='lat' dir='ltr'>soleant,</span> <span class='ocrx_word' id='word_1_431' title='bbox 1444 806 1515 854; x_wconf 88' lang='lat' dir='ltr'><strong>etiam</strong></span> <span class='ocrx_word' id='word_1_432' title='bbox 1525 809 1587 858; x_wconf 92' lang='lat' dir='ltr'><strong>ultro</strong></span> <span class='ocrx_word' id='word_1_433' title='bbox 1597 821 1649 860; x_wconf 83' lang='lat' dir='ltr'><strong>sese</strong></span> <span class='ocrx_word' id='word_1_434' title='bbox 1657 811 1761 862; x_wconf 83' lang='lat' dir='ltr'><strong>oderen-</strong></span> 
     </span>
    </p>
   </div>
   <div class='ocr_carea' id='block_1_5' title="bbox 980 911 1424 984">
    <p class='ocr_par' dir='ltr' id='par_1_13' title="bbox 980 911 1424 984">
     <span class='ocr_line' id='line_1_59' title="bbox 980 911 1424 984; baseline 0.034 -22"><span class='ocrx_word' id='word_1_435' title='bbox 980 911 1044 964; x_wconf 87' lang='lat' dir='ltr'><strong>tibns</strong></span> <span class='ocrx_word' id='word_1_436' title='bbox 1055 918 1187 968; x_wconf 89' lang='lat' dir='ltr'><strong>commodis</strong></span> <span class='ocrx_word' id='word_1_437' title='bbox 1194 919 1225 970; x_wconf 89' lang='lat' dir='ltr'>ait</span> <span class='ocrx_word' id='word_1_438' title='bbox 1234 921 1424 984; x_wconf 76' lang='lat' dir='ltr'><strong>impedimento?</strong></span> 
     </span>
    </p>
   </div>
   <div class='ocr_carea' id='block_1_6' title="bbox 979 1069 1763 1234">
    <p class='ocr_par' dir='ltr' id='par_1_14' title="bbox 979 1069 1763 1234">
     <span class='ocr_line' id='line_1_60' title="bbox 1012 1069 1763 1144; baseline 0.023 -27"><span class='ocrx_word' id='word_1_439' title='bbox 1012 1072 1047 1118; x_wconf 86' lang='lat' dir='ltr'>to.</span> <span class='ocrx_word' id='word_1_440' title='bbox 1066 1069 1171 1122; x_wconf 89' lang='lat' dir='ltr'><strong>omnino</strong></span> <span class='ocrx_word' id='word_1_441' title='bbox 1189 1075 1270 1124; x_wconf 66' lang='lat' dir='ltr'><strong>anum</strong></span> <span class='ocrx_word' id='word_1_442' title='bbox 1285 1076 1372 1139; x_wconf 89' lang='lat' dir='ltr'><strong>scripta</strong></span> <span class='ocrx_word' id='word_1_443' title='bbox 1396 1078 1454 1140; x_wconf 86' lang='lat' dir='ltr'><strong>ista,</strong></span> <span class='ocrx_word' id='word_1_444' title='bbox 1475 1093 1513 1130; x_wconf 92' lang='lat' dir='ltr'>me</span> <span class='ocrx_word' id='word_1_445' title='bbox 1527 1081 1621 1144; x_wconf 83' lang='lat' dir='ltr'><strong>jndice,</strong></span> <span class='ocrx_word' id='word_1_446' title='bbox 1645 1097 1693 1134; x_wconf 91' lang='lat' dir='ltr'>non</span> <span class='ocrx_word' id='word_1_447' title='bbox 1714 1086 1763 1134; x_wconf 90' lang='lat' dir='ltr'>tam</span> 
     </span>
     <span class='ocr_line' id='line_1_61' title="bbox 979 1160 1763 1234; baseline 0.022 -27"><span class='ocrx_word' id='word_1_448' title='bbox 979 1160 1098 1212; x_wconf 89' lang='lat' dir='ltr'><strong>orationes</strong></span> <span class='ocrx_word' id='word_1_449' title='bbox 1114 1165 1261 1225; x_wconf 78' lang='lat' dir='ltr'><strong>appellandae</strong></span> <span class='ocrx_word' id='word_1_450' title='bbox 1273 1170 1330 1216; x_wconf 93' lang='lat' dir='ltr'><strong>sunt</strong></span> <span class='ocrx_word' id='word_1_451' title='bbox 1348 1183 1421 1230; x_wconf 91' lang='lat' dir='ltr'><strong>quam</strong></span> <span class='ocrx_word' id='word_1_452' title='bbox 1438 1173 1507 1234; x_wconf 85' lang='lat' dir='ltr'><strong>quasi</strong></span> <span class='ocrx_word' id='word_1_453' title='bbox 1531 1173 1659 1223; x_wconf 89' lang='lat' dir='ltr'><strong>simulacra</strong></span> <span class='ocrx_word' id='word_1_454' title='bbox 1676 1176 1763 1226; x_wconf 89' lang='lat' dir='ltr'><strong>oratio·</strong></span> 
     </span>
    </p>
   </div>
   <div class='ocr_carea' id='block_1_7' title="bbox 978 1265 1765 1831">
    <p class='ocr_par' dir='ltr' id='par_1_15' title="bbox 978 1265 1765 1831">
     <span class='ocr_line' id='line_1_62' title="bbox 978 1265 1764 1336; baseline 0.02 -27"><span class='ocrx_word' id='word_1_455' title='bbox 978 1273 1037 1310; x_wconf 85' lang='lat' dir='ltr'><strong>nuru</strong></span> <span class='ocrx_word' id='word_1_456' title='bbox 1050 1265 1075 1314; x_wconf 87' lang='lat' dir='ltr'>et</span> <span class='ocrx_word' id='word_1_457' title='bbox 1093 1266 1185 1326; x_wconf 83' lang='lat' dir='ltr'><strong>species</strong></span> <span class='ocrx_word' id='word_1_458' title='bbox 1204 1271 1229 1318; x_wconf 87' lang='lat' dir='ltr'>ct</span> <span class='ocrx_word' id='word_1_459' title='bbox 1250 1268 1397 1331; x_wconf 74' lang='lat' dir='ltr'><strong>imitamina,</strong></span> <span class='ocrx_word' id='word_1_460' title='bbox 1424 1285 1501 1334; x_wconf 89' lang='lat' dir='ltr'><strong>neque</strong></span> <span class='ocrx_word' id='word_1_461' title='bbox 1520 1273 1589 1322; x_wconf 88' lang='lat' dir='ltr'><strong>aliter</strong></span> <span class='ocrx_word' id='word_1_462' title='bbox 1613 1274 1643 1324; x_wconf 90' lang='lat' dir='ltr'>de</span> <span class='ocrx_word' id='word_1_463' title='bbox 1659 1275 1689 1324; x_wconf 88' lang='lat' dir='ltr'>ila</span> <span class='ocrx_word' id='word_1_464' title='bbox 1710 1277 1764 1336; x_wconf 85' lang='lat' dir='ltr'><strong>jura</strong></span> 
     </span>
     <span class='ocr_line' id='line_1_63' title="bbox 979 1362 1764 1436; baseline 0.019 -28"><span class='ocrx_word' id='word_1_465' title='bbox 979 1362 1064 1410; x_wconf 89' lang='lat' dir='ltr'><strong>merito</strong></span> <span class='ocrx_word' id='word_1_466' title='bbox 1076 1364 1208 1414; x_wconf 77' lang='lat' dir='ltr'><strong>sentiamus</strong></span> <span class='ocrx_word' id='word_1_467' title='bbox 1218 1379 1290 1428; x_wconf 86' lang='lat' dir='ltr'><strong>quarn</strong></span> <span class='ocrx_word' id='word_1_468' title='bbox 1301 1367 1333 1418; x_wconf 89' lang='lat' dir='ltr'>de</span> <span class='ocrx_word' id='word_1_469' title='bbox 1342 1371 1428 1419; x_wconf 83' lang='lat' dir='ltr'><strong>statuis</strong></span> <span class='ocrx_word' id='word_1_470' title='bbox 1439 1372 1513 1421; x_wconf 82' lang='lat' dir='ltr'><strong>aeneis</strong></span> <span class='ocrx_word' id='word_1_471' title='bbox 1523 1371 1560 1421; x_wconf 88' lang='lat' dir='ltr'>vel</span> <span class='ocrx_word' id='word_1_472' title='bbox 1572 1371 1670 1436; x_wconf 73' lang='lat' dir='ltr'>lapideis</span> <span class='ocrx_word' id='word_1_473' title='bbox 1680 1375 1764 1436; x_wconf 76' lang='lat' dir='ltr'><strong>imagi-</strong></span> 
     </span>
     <span class='ocr_line' id='line_1_64' title="bbox 979 1459 1765 1528; baseline 0.018 -21"><span class='ocrx_word' id='word_1_474' title='bbox 979 1459 1051 1509; x_wconf 91' lang='lat' dir='ltr'><strong>nibus</strong></span> <span class='ocrx_word' id='word_1_475' title='bbox 1072 1461 1108 1510; x_wconf 85' lang='lat' dir='ltr'>rel</span> <span class='ocrx_word' id='word_1_476' title='bbox 1123 1463 1270 1514; x_wconf 69' lang='lat' dir='ltr'><strong>animalibus</strong></span> <span class='ocrx_word' id='word_1_477' title='bbox 1287 1466 1365 1528; x_wconf 88' lang='lat' dir='ltr'><strong>pictis.</strong></span> <span class='ocrx_word' id='word_1_478' title='bbox 1399 1468 1610 1526; x_wconf 80' lang='lat' dir='ltr'><strong>Quemadmodum</strong></span> <span class='ocrx_word' id='word_1_479' title='bbox 1633 1473 1697 1520; x_wconf 89' lang='lat' dir='ltr'><strong>enim</strong></span> <span class='ocrx_word' id='word_1_480' title='bbox 1713 1473 1765 1521; x_wconf 79' lang='lat' dir='ltr'><strong>llaec</strong></span> 
     </span>
     <span class='ocr_line' id='line_1_65' title="bbox 979 1565 1763 1634; baseline 0.015 -25"><span class='ocrx_word' id='word_1_481' title='bbox 979 1572 1093 1610; x_wconf 81' lang='lat' dir='ltr'><strong>verorum</strong></span> <span class='ocrx_word' id='word_1_482' title='bbox 1105 1575 1234 1624; x_wconf 89' lang='lat' dir='ltr'><strong>corporum</strong></span> <span class='ocrx_word' id='word_1_483' title='bbox 1246 1567 1303 1614; x_wconf 89' lang='lat' dir='ltr'><strong>aunt</strong></span> <span class='ocrx_word' id='word_1_484' title='bbox 1311 1565 1456 1616; x_wconf 88' lang='lat' dir='ltr'><strong>imitationes</strong></span> <span class='ocrx_word' id='word_1_485' title='bbox 1470 1571 1495 1618; x_wconf 89' lang='lat' dir='ltr'>et</span> <span class='ocrx_word' id='word_1_486' title='bbox 1509 1570 1656 1632; x_wconf 74' lang='lat' dir='ltr'><strong>volumtatem</strong></span> <span class='ocrx_word' id='word_1_487' title='bbox 1667 1571 1763 1634; x_wconf 90' lang='lat' dir='ltr'><strong>quidem</strong></span> 
     </span>
     <span class='ocr_line' id='line_1_66' title="bbox 979 1657 1765 1722; baseline 0.019 -18"><span class='ocrx_word' id='word_1_488' title='bbox 979 1657 1092 1720; x_wconf 86' lang='lat' dir='ltr'><strong>adspecta</strong></span> <span class='ocrx_word' id='word_1_489' title='bbox 1105 1672 1148 1708; x_wconf 89' lang='lat' dir='ltr'><strong>sno</strong></span> <span class='ocrx_word' id='word_1_490' title='bbox 1163 1660 1283 1722; x_wconf 78' lang='lat' dir='ltr'><strong>praebent,</strong></span> <span class='ocrx_word' id='word_1_491' title='bbox 1301 1663 1428 1713; x_wconf 89' lang='lat' dir='ltr'><strong>utilitatem</strong></span> <span class='ocrx_word' id='word_1_492' title='bbox 1442 1677 1498 1714; x_wconf 79' lang='lat' dir='ltr'><strong>vero</strong></span> <span class='ocrx_word' id='word_1_493' title='bbox 1511 1667 1635 1715; x_wconf 90' lang='lat' dir='ltr'><strong>bominum</strong></span> <span class='ocrx_word' id='word_1_494' title='bbox 1652 1669 1706 1718; x_wconf 69' lang='lat' dir='ltr'><strong>ritae</strong></span> <span class='ocrx_word' id='word_1_495' title='bbox 1717 1683 1765 1718; x_wconf 91' lang='lat' dir='ltr'>non</span> 
     </span>
     <span class='ocr_line' id='line_1_67' title="bbox 980 1757 1763 1831; baseline 0.019 -26"><span class='ocrx_word' id='word_1_496' title='bbox 980 1757 1099 1820; x_wconf 85' lang='lat' dir='ltr'><strong>atterunt,</strong></span> <span class='ocrx_word' id='word_1_497' title='bbox 1113 1759 1147 1808; x_wconf 87' lang='lat' dir='ltr'>sic</span> <span class='ocrx_word' id='word_1_498' title='bbox 1156 1761 1232 1810; x_wconf 86' lang='lat' dir='ltr'><strong>oratio</strong></span> <span class='ocrx_word' id='word_1_499' title='bbox 1245 1762 1332 1824; x_wconf 89' lang='lat' dir='ltr'><strong>scripta</strong></span> <span class='ocrx_word' id='word_1_500' title='bbox 1345 1777 1417 1814; x_wconf 88' lang='lat' dir='ltr'><strong>unam</strong></span> <span class='ocrx_word' id='word_1_501' title='bbox 1431 1765 1536 1828; x_wconf 78' lang='lat' dir='ltr'><strong>aliquam</strong></span> <span class='ocrx_word' id='word_1_502' title='bbox 1553 1767 1649 1816; x_wconf 82' lang='lat' dir='ltr'><strong>babitus</strong></span> <span class='ocrx_word' id='word_1_503' title='bbox 1666 1769 1763 1831; x_wconf 84' lang='lat' dir='ltr'><strong>disposi-</strong></span> 
     </span>
    </p>
   </div>
   <div class='ocr_carea' id='block_1_8' title="bbox 979 1860 1766 2254">
    <p class='ocr_par' dir='ltr' id='par_1_16' title="bbox 979 1860 1766 2254">
     <span class='ocr_line' id='line_1_68' title="bbox 983 1860 1761 1933; baseline 0.015 -24"><span class='ocrx_word' id='word_1_504' title='bbox 983 1860 1072 1911; x_wconf 77' lang='lat' dir='ltr'><strong>tionem</strong></span> <span class='ocrx_word' id='word_1_505' title='bbox 1082 1862 1209 1926; x_wconf 82' lang='lat' dir='ltr'><strong>exbibens‚</strong></span> <span class='ocrx_word' id='word_1_506' title='bbox 1218 1865 1237 1914; x_wconf 87' lang='lat' dir='ltr'>si</span> <span class='ocrx_word' id='word_1_507' title='bbox 1247 1865 1271 1914; x_wconf 92' lang='lat' dir='ltr'>in</span> <span class='ocrx_word' id='word_1_508' title='bbox 1283 1865 1344 1916; x_wconf 91' lang='lat' dir='ltr'><strong>libro</strong></span> <span class='ocrx_word' id='word_1_509' title='bbox 1354 1871 1483 1930; x_wconf 87' lang='lat' dir='ltr'><strong>spectetur,</strong></span> <span class='ocrx_word' id='word_1_510' title='bbox 1491 1869 1648 1920; x_wconf 87' lang='lat' dir='ltr'><strong>admiratione</strong></span> <span class='ocrx_word' id='word_1_511' title='bbox 1656 1872 1761 1933; x_wconf 89' lang='lat' dir='ltr'><strong>quadam</strong></span> 
     </span>
     <span class='ocr_line' id='line_1_69' title="bbox 980 1965 1766 2035; baseline 0.017 -24"><span class='ocrx_word' id='word_1_512' title='bbox 980 1965 1101 2026; x_wconf 91' lang='lat' dir='ltr'><strong>percellit,</strong></span> <span class='ocrx_word' id='word_1_513' title='bbox 1126 1966 1151 2015; x_wconf 92' lang='lat' dir='ltr'>in</span> <span class='ocrx_word' id='word_1_514' title='bbox 1171 1968 1294 2018; x_wconf 87' lang='lat' dir='ltr'><strong>actionum</strong></span> <span class='ocrx_word' id='word_1_515' title='bbox 1315 1983 1371 2020; x_wconf 89' lang='lat' dir='ltr'><strong>rero</strong></span> <span class='ocrx_word' id='word_1_516' title='bbox 1393 1971 1517 2033; x_wconf 86' lang='lat' dir='ltr'><strong>periculis,</strong></span> <span class='ocrx_word' id='word_1_517' title='bbox 1541 1987 1616 2035; x_wconf 89' lang='lat' dir='ltr'><strong>quum</strong></span> <span class='ocrx_word' id='word_1_518' title='bbox 1637 1974 1766 2024; x_wconf 79' lang='lat' dir='ltr'><strong>immobilia</strong></span> 
     </span>
     <span class='ocr_line' id='line_1_70' title="bbox 979 2077 1765 2146; baseline 0.013 -22"><span class='ocrx_word' id='word_1_519' title='bbox 979 2077 1025 2136; x_wconf 89' lang='lat' dir='ltr'><strong>sit,</strong></span> <span class='ocrx_word' id='word_1_520' title='bbox 1040 2079 1129 2128; x_wconf 90' lang='lat' dir='ltr'><strong>nnllam</strong></span> <span class='ocrx_word' id='word_1_521' title='bbox 1143 2092 1171 2130; x_wconf 90' lang='lat' dir='ltr'>ea</span> <span class='ocrx_word' id='word_1_522' title='bbox 1183 2079 1307 2130; x_wconf 87' lang='lat' dir='ltr'><strong>instructis</strong></span> <span class='ocrx_word' id='word_1_523' title='bbox 1317 2081 1443 2132; x_wconf 90' lang='lat' dir='ltr'><strong>utilitatem</strong></span> <span class='ocrx_word' id='word_1_524' title='bbox 1455 2085 1559 2146; x_wconf 90' lang='lat' dir='ltr'><strong>pracatat.</strong></span> <span class='ocrx_word' id='word_1_525' title='bbox 1593 2086 1623 2132; x_wconf 88' lang='lat' dir='ltr'>Et</span> <span class='ocrx_word' id='word_1_526' title='bbox 1633 2085 1697 2133; x_wconf 91' lang='lat' dir='ltr'><strong>sicut</strong></span> <span class='ocrx_word' id='word_1_527' title='bbox 1708 2097 1765 2134; x_wconf 81' lang='lat' dir='ltr'><strong>nera</strong></span> 
     </span>
     <span class='ocr_line' id='line_1_71' title="bbox 980 2189 1766 2254; baseline 0.014 -23"><span class='ocrx_word' id='word_1_528' title='bbox 980 2195 1089 2246; x_wconf 88' lang='lat' dir='ltr'><strong>corpora,</strong></span> <span class='ocrx_word' id='word_1_529' title='bbox 1104 2189 1215 2250; x_wconf 82' lang='lat' dir='ltr'><strong>quamvls</strong></span> <span class='ocrx_word' id='word_1_530' title='bbox 1232 2189 1319 2238; x_wconf 88' lang='lat' dir='ltr'><strong>statnia</strong></span> <span class='ocrx_word' id='word_1_531' title='bbox 1332 2190 1438 2253; x_wconf 88' lang='lat' dir='ltr'><strong>pulchris</strong></span> <span class='ocrx_word' id='word_1_532' title='bbox 1456 2190 1526 2254; x_wconf 84' lang='lat' dir='ltr'><strong>longe</strong></span> <span class='ocrx_word' id='word_1_533' title='bbox 1537 2192 1617 2242; x_wconf 84' lang='lat' dir='ltr'><strong>minua</strong></span> <span class='ocrx_word' id='word_1_534' title='bbox 1632 2193 1766 2242; x_wconf 77' lang='lat' dir='ltr'><strong>luculenter</strong></span> 
     </span>
    </p>
   </div>
   <div class='ocr_carea' id='block_1_9' title="bbox 981 2295 1793 4662">
    <p class='ocr_par' dir='ltr' id='par_1_17' title="bbox 981 2295 1765 2782">
     <span class='ocr_line' id='line_1_72' title="bbox 982 2295 1765 2366; baseline 0.011 -22"><span class='ocrx_word' id='word_1_535' title='bbox 982 2295 1083 2347; x_wconf 88' lang='lat' dir='ltr'><strong>tormata</strong></span> <span class='ocrx_word' id='word_1_536' title='bbox 1098 2297 1161 2359; x_wconf 90' lang='lat' dir='ltr'><strong>sint,</strong></span> <span class='ocrx_word' id='word_1_537' title='bbox 1175 2300 1319 2362; x_wconf 86' lang='lat' dir='ltr'><strong>multiplices</strong></span> <span class='ocrx_word' id='word_1_538' title='bbox 1337 2301 1362 2350; x_wconf 92' lang='lat' dir='ltr'>in</span> <span class='ocrx_word' id='word_1_539' title='bbox 1382 2302 1496 2364; x_wconf 83' lang='lat' dir='ltr'><strong>operibus</strong></span> <span class='ocrx_word' id='word_1_540' title='bbox 1509 2303 1626 2352; x_wconf 85' lang='lat' dir='ltr'><strong>utilitates</strong></span> <span class='ocrx_word' id='word_1_541' title='bbox 1646 2304 1765 2366; x_wconf 69' lang='lat' dir='ltr'><strong>praebent,</strong></span> 
     </span>
     <span class='ocr_line' id='line_1_73' title="bbox 981 2403 1765 2471; baseline 0.01 -20"><span class='ocrx_word' id='word_1_542' title='bbox 981 2403 1016 2452; x_wconf 88' lang='lat' dir='ltr'>sic</span> <span class='ocrx_word' id='word_1_543' title='bbox 1032 2403 1124 2465; x_wconf 91' lang='lat' dir='ltr'><strong>oratio,</strong></span> <span class='ocrx_word' id='word_1_544' title='bbox 1138 2417 1212 2467; x_wconf 90' lang='lat' dir='ltr'><strong>quarn</strong></span> <span class='ocrx_word' id='word_1_545' title='bbox 1224 2417 1253 2456; x_wconf 87' lang='lat' dir='ltr'>ex</span> <span class='ocrx_word' id='word_1_546' title='bbox 1267 2406 1362 2468; x_wconf 83' lang='lat' dir='ltr'><strong>ingenio</strong></span> <span class='ocrx_word' id='word_1_547' title='bbox 1378 2407 1403 2456; x_wconf 93' lang='lat' dir='ltr'>in</span> <span class='ocrx_word' id='word_1_548' title='bbox 1423 2407 1473 2470; x_wconf 89' lang='lat' dir='ltr'><strong>ipsa</strong></span> <span class='ocrx_word' id='word_1_549' title='bbox 1483 2409 1578 2458; x_wconf 89' lang='lat' dir='ltr'><strong>actione</strong></span> <span class='ocrx_word' id='word_1_550' title='bbox 1598 2409 1701 2471; x_wconf 78' lang='lat' dir='ltr'><strong>promia,</strong></span> <span class='ocrx_word' id='word_1_551' title='bbox 1713 2411 1765 2459; x_wconf 90' lang='lat' dir='ltr'><strong>ani·</strong></span> 
     </span>
     <span class='ocr_line' id='line_1_74' title="bbox 982 2511 1765 2578; baseline 0.011 -22"><span class='ocrx_word' id='word_1_552' title='bbox 982 2511 1047 2557; x_wconf 89' lang='lat' dir='ltr'><strong>mata</strong></span> <span class='ocrx_word' id='word_1_553' title='bbox 1064 2514 1100 2559; x_wconf 90' lang='lat' dir='ltr'>eat</span> <span class='ocrx_word' id='word_1_554' title='bbox 1114 2522 1142 2559; x_wconf 91' lang='lat' dir='ltr'>ac</span> <span class='ocrx_word' id='word_1_555' title='bbox 1153 2511 1214 2560; x_wconf 80' lang='lat' dir='ltr'><strong>sirit</strong></span> <span class='ocrx_word' id='word_1_556' title='bbox 1228 2515 1252 2561; x_wconf 94' lang='lat' dir='ltr'>et</span> <span class='ocrx_word' id='word_1_557' title='bbox 1265 2513 1316 2573; x_wconf 91' lang='lat' dir='ltr'><strong>pari</strong></span> <span class='ocrx_word' id='word_1_558' title='bbox 1328 2525 1408 2574; x_wconf 83' lang='lat' dir='ltr'><strong>gressu</strong></span> <span class='ocrx_word' id='word_1_559' title='bbox 1426 2525 1464 2562; x_wconf 90' lang='lat' dir='ltr'>res</span> <span class='ocrx_word' id='word_1_560' title='bbox 1481 2513 1591 2578; x_wconf 89' lang='lat' dir='ltr'><strong>sequitur</strong></span> <span class='ocrx_word' id='word_1_561' title='bbox 1601 2520 1626 2563; x_wconf 91' lang='lat' dir='ltr'>et</span> <span class='ocrx_word' id='word_1_562' title='bbox 1638 2515 1700 2564; x_wconf 89' lang='lat' dir='ltr'><strong>reris</strong></span> <span class='ocrx_word' id='word_1_563' title='bbox 1711 2529 1765 2564; x_wconf 87' lang='lat' dir='ltr'><strong>cor-</strong></span> 
     </span>
     <span class='ocr_line' id='line_1_75' title="bbox 983 2613 1765 2676; baseline 0.006 -16"><span class='ocrx_word' id='word_1_564' title='bbox 983 2613 1083 2673; x_wconf 80' lang='lat' dir='ltr'><strong>poribus</strong></span> <span class='ocrx_word' id='word_1_565' title='bbox 1099 2613 1267 2675; x_wconf 85' lang='lat' dir='ltr'><strong>anqnlparanda</strong></span> <span class='ocrx_word' id='word_1_566' title='bbox 1284 2617 1333 2675; x_wconf 89' lang='lat' dir='ltr'><strong>est,</strong></span> <span class='ocrx_word' id='word_1_567' title='bbox 1348 2613 1405 2662; x_wconf 89' lang='lat' dir='ltr'><strong>dnm</strong></span> <span class='ocrx_word' id='word_1_568' title='bbox 1421 2614 1509 2676; x_wconf 81' lang='lat' dir='ltr'><strong>scripta</strong></span> <span class='ocrx_word' id='word_1_569' title='bbox 1524 2615 1652 2666; x_wconf 89' lang='lat' dir='ltr'><strong>simulacro</strong></span> <span class='ocrx_word' id='word_1_570' title='bbox 1663 2616 1765 2666; x_wconf 90' lang='lat' dir='ltr'><strong>similem</strong></span> 
     </span>
     <span class='ocr_line' id='line_1_76' title="bbox 984 2718 1563 2782; baseline 0.002 -15"><span class='ocrx_word' id='word_1_571' title='bbox 984 2723 1093 2768; x_wconf 88' lang='lat' dir='ltr'><strong>naturam</strong></span> <span class='ocrx_word' id='word_1_572' title='bbox 1108 2719 1198 2770; x_wconf 84' lang='lat' dir='ltr'><strong>babens</strong></span> <span class='ocrx_word' id='word_1_573' title='bbox 1210 2721 1289 2769; x_wconf 84' lang='lat' dir='ltr'><strong>omnis</strong></span> <span class='ocrx_word' id='word_1_574' title='bbox 1300 2718 1413 2770; x_wconf 79' lang='lat' dir='ltr'><strong>efficaciae</strong></span> <span class='ocrx_word' id='word_1_575' title='bbox 1425 2733 1511 2782; x_wconf 81' lang='lat' dir='ltr'><strong>expers</strong></span> <span class='ocrx_word' id='word_1_576' title='bbox 1523 2720 1563 2770; x_wconf 86' lang='lat' dir='ltr'><strong>sil.</strong></span> 
     </span>
    </p>

    <p class='ocr_par' dir='ltr' id='par_1_18' title="bbox 981 2821 1793 4662">
     <span class='ocr_line' id='line_1_77' title="bbox 1016 2821 1766 2886; baseline 0.005 -17"><span class='ocrx_word' id='word_1_577' title='bbox 1016 2827 1052 2872; x_wconf 85' lang='lat' dir='ltr'>lt.</span> <span class='ocrx_word' id='word_1_578' title='bbox 1070 2823 1102 2870; x_wconf 81' lang='lat' dir='ltr'>st</span> <span class='ocrx_word' id='word_1_579' title='bbox 1115 2821 1213 2870; x_wconf 77' lang='lat' dir='ltr'><strong>forsitan</strong></span> <span class='ocrx_word' id='word_1_580' title='bbox 1225 2821 1357 2871; x_wconf 89' lang='lat' dir='ltr'><strong>absurdum</strong></span> <span class='ocrx_word' id='word_1_581' title='bbox 1372 2835 1424 2872; x_wconf 78' lang='lat' dir='ltr'><strong>ecee</strong></span> <span class='ocrx_word' id='word_1_582' title='bbox 1435 2822 1524 2871; x_wconf 81' lang='lat' dir='ltr'><strong>dixeris</strong></span> <span class='ocrx_word' id='word_1_583' title='bbox 1538 2835 1649 2872; x_wconf 85' lang='lat' dir='ltr'><strong>accusare</strong></span> <span class='ocrx_word' id='word_1_584' title='bbox 1662 2823 1766 2886; x_wconf 84' lang='lat' dir='ltr'><strong>aliquem</strong></span> 
     </span>
     <span class='ocr_line' id='line_1_78' title="bbox 981 2925 1766 2990; baseline 0.005 -15"><span class='ocrx_word' id='word_1_585' title='bbox 981 2925 1099 2975; x_wconf 87' lang='lat' dir='ltr'><strong>scribendi</strong></span> <span class='ocrx_word' id='word_1_586' title='bbox 1115 2927 1265 2986; x_wconf 72' lang='lat' dir='ltr'><strong>monialem,</strong></span> <span class='ocrx_word' id='word_1_587' title='bbox 1274 2929 1440 2976; x_wconf 89' lang='lat' dir='ltr'><strong>accusatorem</strong></span> <span class='ocrx_word' id='word_1_588' title='bbox 1452 2941 1509 2976; x_wconf 79' lang='lat' dir='ltr'><strong>aero</strong></span> <span class='ocrx_word' id='word_1_589' title='bbox 1521 2941 1548 2976; x_wconf 88' lang='lat' dir='ltr'>ea</span> <span class='ocrx_word' id='word_1_590' title='bbox 1560 2928 1611 2990; x_wconf 91' lang='lat' dir='ltr'><strong>ipsa</strong></span> <span class='ocrx_word' id='word_1_591' title='bbox 1622 2928 1696 2978; x_wconf 82' lang='lat' dir='ltr'><strong>videri</strong></span> <span class='ocrx_word' id='word_1_592' title='bbox 1707 2929 1766 2979; x_wconf 92' lang='lat' dir='ltr'><strong>artis</strong></span> 
     </span>
     <span class='ocr_line' id='line_1_79' title="bbox 982 3029 1764 3092; baseline 0.006 -14"><span class='ocrx_word' id='word_1_593' title='bbox 982 3042 1032 3078; x_wconf 81' lang='lat' dir='ltr'><strong>sure</strong></span> <span class='ocrx_word' id='word_1_594' title='bbox 1046 3029 1178 3092; x_wconf 78' lang='lat' dir='ltr'><strong>specimina</strong></span> <span class='ocrx_word' id='word_1_595' title='bbox 1189 3041 1335 3092; x_wconf 81' lang='lat' dir='ltr'><strong>proponere,</strong></span> <span class='ocrx_word' id='word_1_596' title='bbox 1347 3029 1455 3092; x_wconf 82' lang='lat' dir='ltr'><strong>adeoque</strong></span> <span class='ocrx_word' id='word_1_597' title='bbox 1466 3035 1521 3080; x_wconf 88' lang='lat' dir='ltr'><strong>ante</strong></span> <span class='ocrx_word' id='word_1_598' title='bbox 1534 3032 1700 3083; x_wconf 74' lang='lat' dir='ltr'><strong>criminatione</strong></span> <span class='ocrx_word' id='word_1_599' title='bbox 1711 3037 1764 3083; x_wconf 90' lang='lat' dir='ltr'><strong>stu-</strong></span> 
     </span>
     <span class='ocr_line' id='line_1_80' title="bbox 983 3133 1766 3199; baseline 0.005 -16"><span class='ocrx_word' id='word_1_600' title='bbox 983 3133 1050 3183; x_wconf 88' lang='lat' dir='ltr'><strong>dium</strong></span> <span class='ocrx_word' id='word_1_601' title='bbox 1071 3133 1218 3192; x_wconf 82' lang='lat' dir='ltr'><strong>insimulare,</strong></span> <span class='ocrx_word' id='word_1_602' title='bbox 1241 3147 1289 3196; x_wconf 93' lang='lat' dir='ltr'>quo</span> <span class='ocrx_word' id='word_1_603' title='bbox 1310 3133 1360 3195; x_wconf 88' lang='lat' dir='ltr'><strong>ipse</strong></span> <span class='ocrx_word' id='word_1_604' title='bbox 1376 3133 1464 3182; x_wconf 89' lang='lat' dir='ltr'><strong>lamam</strong></span> <span class='ocrx_word' id='word_1_605' title='bbox 1481 3133 1526 3183; x_wconf 86' lang='lat' dir='ltr'><strong>sibl</strong></span> <span class='ocrx_word' id='word_1_606' title='bbox 1543 3145 1682 3197; x_wconf 86' lang='lat' dir='ltr'><strong>comparare</strong></span> <span class='ocrx_word' id='word_1_607' title='bbox 1702 3138 1766 3199; x_wconf 84' lang='lat' dir='ltr'><strong>apud</strong></span> 
     </span>
     <span class='ocr_line' id='line_1_81' title="bbox 983 3237 1768 3305; baseline 0.003 -16"><span class='ocrx_word' id='word_1_608' title='bbox 983 3242 1081 3289; x_wconf 83' lang='lat' dir='ltr'><strong>Graecos</strong></span> <span class='ocrx_word' id='word_1_609' title='bbox 1092 3238 1210 3296; x_wconf 88' lang='lat' dir='ltr'><strong>instituat,</strong></span> <span class='ocrx_word' id='word_1_610' title='bbox 1225 3251 1296 3299; x_wconf 89' lang='lat' dir='ltr'><strong>porro</strong></span> <span class='ocrx_word' id='word_1_611' title='bbox 1305 3237 1461 3302; x_wconf 82' lang='lat' dir='ltr'><strong>plnlosopnia</strong></span> <span class='ocrx_word' id='word_1_612' title='bbox 1474 3237 1581 3288; x_wconf 89' lang='lat' dir='ltr'><strong>deditum</strong></span> <span class='ocrx_word' id='word_1_613' title='bbox 1591 3241 1768 3305; x_wconf 76' lang='lat' dir='ltr'><strong>extemporales</strong></span> 
     </span>
     <span class='ocr_line' id='line_1_82' title="bbox 983 3343 1767 3410; baseline 0.001 -15"><span class='ocrx_word' id='word_1_614' title='bbox 983 3345 1102 3395; x_wconf 84' lang='lat' dir='ltr'><strong>orationes</strong></span> <span class='ocrx_word' id='word_1_615' title='bbox 1124 3343 1293 3394; x_wconf 87' lang='lat' dir='ltr'><strong>commendare</strong></span> <span class='ocrx_word' id='word_1_616' title='bbox 1310 3345 1335 3394; x_wconf 91' lang='lat' dir='ltr'>et</span> <span class='ocrx_word' id='word_1_617' title='bbox 1347 3343 1445 3405; x_wconf 85' lang='lat' dir='ltr'><strong>majoris</strong></span> <span class='ocrx_word' id='word_1_618' title='bbox 1468 3344 1587 3394; x_wconf 88' lang='lat' dir='ltr'><strong>tartunam</strong></span> <span class='ocrx_word' id='word_1_619' title='bbox 1604 3346 1682 3396; x_wconf 90' lang='lat' dir='ltr'><strong>tacere</strong></span> <span class='ocrx_word' id='word_1_620' title='bbox 1693 3359 1767 3410; x_wconf 87' lang='lat' dir='ltr'><strong>qnam</strong></span> 
     </span>
     <span class='ocr_line' id='line_1_83' title="bbox 984 3449 1767 3515; baseline 0 -15"><span class='ocrx_word' id='word_1_621' title='bbox 984 3451 1174 3515; x_wconf 84' lang='lat' dir='ltr'><strong>providentiam,</strong></span> <span class='ocrx_word' id='word_1_622' title='bbox 1189 3453 1262 3514; x_wconf 91' lang='lat' dir='ltr'><strong>atque</strong></span> <span class='ocrx_word' id='word_1_623' title='bbox 1275 3451 1366 3501; x_wconf 89' lang='lat' dir='ltr'><strong>temere</strong></span> <span class='ocrx_word' id='word_1_624' title='bbox 1377 3449 1485 3500; x_wconf 84' lang='lat' dir='ltr'><strong>dicantes</strong></span> <span class='ocrx_word' id='word_1_625' title='bbox 1503 3463 1576 3512; x_wconf 87' lang='lat' dir='ltr'><strong>qnam</strong></span> <span class='ocrx_word' id='word_1_626' title='bbox 1590 3451 1700 3500; x_wconf 86' lang='lat' dir='ltr'><strong>consulto</strong></span> <span class='ocrx_word' id='word_1_627' title='bbox 1711 3453 1767 3502; x_wconf 85' lang='lat' dir='ltr'><strong>acri·</strong></span> 
     </span>
     <span class='ocr_line' id='line_1_84' title="bbox 984 3553 1767 3618; baseline 0.001 -13"><span class='ocrx_word' id='word_1_628' title='bbox 984 3555 1068 3606; x_wconf 86' lang='lat' dir='ltr'><strong>banles</strong></span> <span class='ocrx_word' id='word_1_629' title='bbox 1081 3555 1170 3604; x_wconf 84' lang='lat' dir='ltr'><strong>babere</strong></span> <span class='ocrx_word' id='word_1_630' title='bbox 1184 3553 1348 3618; x_wconf 87' lang='lat' dir='ltr'><strong>sapientiores.</strong></span> <span class='ocrx_word' id='word_1_631' title='bbox 1380 3557 1431 3615; x_wconf 78' lang='lat' dir='ltr'>Ego</span> <span class='ocrx_word' id='word_1_632' title='bbox 1445 3567 1502 3603; x_wconf 80' lang='lat' dir='ltr'><strong>vero</strong></span> <span class='ocrx_word' id='word_1_633' title='bbox 1519 3555 1625 3616; x_wconf 88' lang='lat' dir='ltr'><strong>primum</strong></span> <span class='ocrx_word' id='word_1_634' title='bbox 1637 3569 1685 3605; x_wconf 91' lang='lat' dir='ltr'>non</span> <span class='ocrx_word' id='word_1_635' title='bbox 1698 3569 1767 3618; x_wconf 88' lang='lat' dir='ltr'><strong>pror-</strong></span> 
     </span>
     <span class='ocr_line' id='line_1_85' title="bbox 985 3658 1766 3724; baseline 0 -14"><span class='ocrx_word' id='word_1_636' title='bbox 985 3673 1027 3710; x_wconf 87' lang='lat' dir='ltr'>sus</span> <span class='ocrx_word' id='word_1_637' title='bbox 1049 3660 1183 3724; x_wconf 87' lang='lat' dir='ltr'><strong>improbari</strong></span> <span class='ocrx_word' id='word_1_638' title='bbox 1204 3673 1258 3722; x_wconf 82' lang='lat' dir='ltr'><strong>quaa</strong></span> <span class='ocrx_word' id='word_1_639' title='bbox 1278 3659 1303 3708; x_wconf 92' lang='lat' dir='ltr'><strong>ln</strong></span> <span class='ocrx_word' id='word_1_640' title='bbox 1328 3658 1456 3708; x_wconf 86' lang='lat' dir='ltr'><strong>scribendo</strong></span> <span class='ocrx_word' id='word_1_641' title='bbox 1480 3661 1588 3709; x_wconf 83' lang='lat' dir='ltr'><strong>versatur</strong></span> <span class='ocrx_word' id='word_1_642' title='bbox 1607 3659 1766 3723; x_wconf 73' lang='lat' dir='ltr'><strong>laenitatem,</strong></span> 
     </span>
     <span class='ocr_line' id='line_1_86' title="bbox 984 3764 1768 3830; baseline -0.005 -12"><span class='ocrx_word' id='word_1_643' title='bbox 984 3767 1024 3818; x_wconf 87' lang='lat' dir='ltr'>aed</span> <span class='ocrx_word' id='word_1_644' title='bbox 1037 3781 1089 3817; x_wconf 88' lang='lat' dir='ltr'>eam</span> <span class='ocrx_word' id='word_1_645' title='bbox 1104 3765 1260 3830; x_wconf 79' lang='lat' dir='ltr'><strong>extemporali</strong></span> <span class='ocrx_word' id='word_1_646' title='bbox 1272 3765 1384 3814; x_wconf 86' lang='lat' dir='ltr'><strong>tacultate</strong></span> <span class='ocrx_word' id='word_1_647' title='bbox 1396 3764 1534 3814; x_wconf 85' lang='lat' dir='ltr'><strong>interiorem</strong></span> <span class='ocrx_word' id='word_1_648' title='bbox 1546 3775 1598 3814; x_wconf 82' lang='lat' dir='ltr'><strong>esse</strong></span> <span class='ocrx_word' id='word_1_649' title='bbox 1609 3777 1706 3816; x_wconf 80' lang='lat' dir='ltr'><strong>cenaene</strong></span> <span class='ocrx_word' id='word_1_650' title='bbox 1719 3778 1768 3814; x_wconf 92' lang='lat' dir='ltr'>ma·</span> 
     </span>
     <span class='ocr_line' id='line_1_87' title="bbox 982 3869 1768 3936; baseline 0 -14"><span class='ocrx_word' id='word_1_651' title='bbox 982 3873 1070 3936; x_wconf 84' lang='lat' dir='ltr'><strong>jusque</strong></span> <span class='ocrx_word' id='word_1_652' title='bbox 1089 3872 1198 3922; x_wconf 87' lang='lat' dir='ltr'><strong>studium</strong></span> <span class='ocrx_word' id='word_1_653' title='bbox 1217 3872 1242 3922; x_wconf 92' lang='lat' dir='ltr'>tn</span> <span class='ocrx_word' id='word_1_654' title='bbox 1260 3869 1354 3920; x_wconf 89' lang='lat' dir='ltr'><strong>dicendi</strong></span> <span class='ocrx_word' id='word_1_655' title='bbox 1370 3874 1447 3920; x_wconf 87' lang='lat' dir='ltr'><strong>artem</strong></span> <span class='ocrx_word' id='word_1_656' title='bbox 1465 3870 1637 3920; x_wconf 83' lang='lat' dir='ltr'><strong>conterendum</strong></span> <span class='ocrx_word' id='word_1_657' title='bbox 1654 3884 1705 3920; x_wconf 84' lang='lat' dir='ltr'><strong>ease</strong></span> <span class='ocrx_word' id='word_1_658' title='bbox 1716 3873 1768 3936; x_wconf 89' lang='lat' dir='ltr'><strong>opi·</strong></span> 
     </span>
     <span class='ocr_line' id='line_1_88' title="bbox 986 3975 1769 4042; baseline -0.004 -12"><span class='ocrx_word' id='word_1_659' title='bbox 986 3994 1057 4042; x_wconf 84' lang='lat' dir='ltr'><strong>nana,</strong></span> <span class='ocrx_word' id='word_1_660' title='bbox 1077 3979 1130 4028; x_wconf 83' lang='lat' dir='ltr'><strong>baec</strong></span> <span class='ocrx_word' id='word_1_661' title='bbox 1152 3978 1261 4028; x_wconf 85' lang='lat' dir='ltr'><strong>discerni.</strong></span> <span class='ocrx_word' id='word_1_662' title='bbox 1301 3975 1394 4027; x_wconf 85' lang='lat' dir='ltr'><strong>Deinde</strong></span> <span class='ocrx_word' id='word_1_663' title='bbox 1418 3977 1498 4026; x_wconf 89' lang='lat' dir='ltr'><strong>autem</strong></span> <span class='ocrx_word' id='word_1_664' title='bbox 1519 3975 1638 4026; x_wconf 85' lang='lat' dir='ltr'><strong>scribendi</strong></span> <span class='ocrx_word' id='word_1_665' title='bbox 1657 3978 1769 4028; x_wconf 79' lang='lat' dir='ltr'><strong>facultate</strong></span> 
     </span>
     <span class='ocr_line' id='line_1_89' title="bbox 985 4079 1793 4148; baseline -0.01 -11"><span class='ocrx_word' id='word_1_666' title='bbox 985 4101 1048 4138; x_wconf 92' lang='lat' dir='ltr'><strong>nuuc</strong></span> <span class='ocrx_word' id='word_1_667' title='bbox 1059 4099 1102 4148; x_wconf 81' lang='lat' dir='ltr'>ego</span> <span class='ocrx_word' id='word_1_668' title='bbox 1112 4087 1176 4145; x_wconf 88' lang='lat' dir='ltr'><strong>utor,</strong></span> <span class='ocrx_word' id='word_1_669' title='bbox 1188 4095 1236 4132; x_wconf 90' lang='lat' dir='ltr'>non</span> <span class='ocrx_word' id='word_1_670' title='bbox 1246 4079 1310 4144; x_wconf 93' lang='lat' dir='ltr'><strong>quod</strong></span> <span class='ocrx_word' id='word_1_671' title='bbox 1323 4081 1384 4129; x_wconf 90' lang='lat' dir='ltr'><strong>banc</strong></span> <span class='ocrx_word' id='word_1_672' title='bbox 1395 4081 1484 4130; x_wconf 90' lang='lat' dir='ltr'><strong>summi</strong></span> <span class='ocrx_word' id='word_1_673' title='bbox 1499 4079 1573 4138; x_wconf 88' lang='lat' dir='ltr'><strong>tacio,</strong></span> <span class='ocrx_word' id='word_1_674' title='bbox 1587 4079 1628 4129; x_wconf 87' lang='lat' dir='ltr'>sed</span> <span class='ocrx_word' id='word_1_675' title='bbox 1644 4083 1671 4129; x_wconf 93' lang='lat' dir='ltr'>ut</span> <span class='ocrx_word' id='word_1_676' title='bbox 1681 4094 1708 4130; x_wconf 87' lang='lat' dir='ltr'>ea</span> <span class='ocrx_word' id='word_1_677' title='bbox 1718 4081 1769 4141; x_wconf 78' lang='lat' dir='ltr'><strong>glo·</strong></span> <span class='ocrx_word' id='word_1_678' title='bbox 1788 4103 1793 4114; x_wconf 93' lang='lat'><strong>·</strong></span> 
     </span>
     <span class='ocr_line' id='line_1_90' title="bbox 986 4185 1768 4248; baseline -0.008 -6"><span class='ocrx_word' id='word_1_679' title='bbox 986 4191 1102 4242; x_wconf 86' lang='lat' dir='ltr'><strong>riantibne</strong></span> <span class='ocrx_word' id='word_1_680' title='bbox 1123 4187 1246 4239; x_wconf 87' lang='lat' dir='ltr'><strong>ostendam</strong></span> <span class='ocrx_word' id='word_1_681' title='bbox 1266 4197 1341 4248; x_wconf 86' lang='lat' dir='ltr'><strong>parvo</strong></span> <span class='ocrx_word' id='word_1_682' title='bbox 1359 4197 1399 4234; x_wconf 87' lang='lat' dir='ltr'><strong>mc</strong></span> <span class='ocrx_word' id='word_1_683' title='bbox 1420 4185 1500 4234; x_wconf 88' lang='lat' dir='ltr'><strong>labore</strong></span> <span class='ocrx_word' id='word_1_684' title='bbox 1521 4185 1641 4234; x_wconf 87' lang='lat' dir='ltr'><strong>orationes</strong></span> <span class='ocrx_word' id='word_1_685' title='bbox 1660 4186 1768 4248; x_wconf 87' lang='lat' dir='ltr'><strong>ipsorum</strong></span> 
     </span>
     <span class='ocr_line' id='line_1_91' title="bbox 985 4285 1768 4352; baseline -0.005 -10"><span class='ocrx_word' id='word_1_686' title='bbox 985 4293 1114 4343; x_wconf 85' lang='lat' dir='ltr'><strong>obscurare</strong></span> <span class='ocrx_word' id='word_1_687' title='bbox 1130 4301 1199 4352; x_wconf 85' lang='lat' dir='ltr'><strong>posse</strong></span> <span class='ocrx_word' id='word_1_688' title='bbox 1218 4288 1242 4337; x_wconf 88' lang='lat' dir='ltr'>et</span> <span class='ocrx_word' id='word_1_689' title='bbox 1255 4285 1360 4335; x_wconf 89' lang='lat' dir='ltr'><strong>abolere.</strong></span> <span class='ocrx_word' id='word_1_690' title='bbox 1392 4286 1512 4336; x_wconf 78' lang='lat' dir='ltr'><strong>Praeterea</strong></span> <span class='ocrx_word' id='word_1_691' title='bbox 1532 4285 1591 4334; x_wconf 86' lang='lat' dir='ltr'><strong>artis</strong></span> <span class='ocrx_word' id='word_1_692' title='bbox 1609 4287 1768 4348; x_wconf 88' lang='lat' dir='ltr'><strong>speciminnm</strong></span> 
     </span>
     <span class='ocr_line' id='line_1_92' title="bbox 985 4385 1767 4456; baseline -0.006 -12"><span class='ocrx_word' id='word_1_693' title='bbox 985 4395 1009 4444; x_wconf 91' lang='lat' dir='ltr'>in</span> <span class='ocrx_word' id='word_1_694' title='bbox 1023 4394 1107 4456; x_wconf 76' lang='lat' dir='ltr'><strong>artigua</strong></span> <span class='ocrx_word' id='word_1_695' title='bbox 1119 4390 1267 4442; x_wconf 88' lang='lat' dir='ltr'><strong>edendorum</strong></span> <span class='ocrx_word' id='word_1_696' title='bbox 1277 4402 1349 4438; x_wconf 89' lang='lat' dir='ltr'><strong>causa</strong></span> <span class='ocrx_word' id='word_1_697' title='bbox 1362 4387 1393 4437; x_wconf 87' lang='lat' dir='ltr'>ad</span> <span class='ocrx_word' id='word_1_698' title='bbox 1407 4385 1560 4436; x_wconf 86' lang='lat' dir='ltr'><strong>scribendum</strong></span> <span class='ocrx_word' id='word_1_699' title='bbox 1570 4387 1669 4437; x_wconf 85' lang='lat' dir='ltr'><strong>accedo.</strong></span> <span class='ocrx_word' id='word_1_700' title='bbox 1708 4392 1767 4439; x_wconf 84' lang='lat' dir='ltr'><strong>llam</strong></span> 
     </span>
     <span class='ocr_line' id='line_1_93' title="bbox 985 4485 1767 4564; baseline -0.008 -18"><span class='ocrx_word' id='word_1_701' title='bbox 985 4496 1026 4560; x_wconf 90' lang='lat' dir='ltr'>qni</span> <span class='ocrx_word' id='word_1_702' title='bbox 1037 4495 1174 4556; x_wconf 80' lang='lat' dir='ltr'><strong>frequenter</strong></span> <span class='ocrx_word' id='word_1_703' title='bbox 1188 4488 1400 4540; x_wconf 74' lang='lat' dir='ltr'><strong>declamationibus</strong></span> <span class='ocrx_word' id='word_1_704' title='bbox 1414 4487 1474 4536; x_wconf 86' lang='lat' dir='ltr'><strong>meis</strong></span> <span class='ocrx_word' id='word_1_705' title='bbox 1485 4485 1583 4564; x_wconf 71' lang='lat' dir='ltr'><strong>pdsrrnt,</strong></span> <span class='ocrx_word' id='word_1_706' title='bbox 1596 4502 1625 4538; x_wconf 90' lang='lat' dir='ltr'>eo</span> <span class='ocrx_word' id='word_1_707' title='bbox 1636 4489 1687 4552; x_wconf 87' lang='lat' dir='ltr'><strong>ipso</strong></span> <span class='ocrx_word' id='word_1_708' title='bbox 1698 4491 1767 4540; x_wconf 87' lang='lat' dir='ltr'><strong>velim</strong></span> 
     </span>
     <span class='ocr_line' id='line_1_94' title="bbox 986 4589 1767 4662; baseline -0.013 -12"><span class='ocrx_word' id='word_1_709' title='bbox 986 4602 1032 4650; x_wconf 87' lang='lat' dir='ltr'>mei</span> <span class='ocrx_word' id='word_1_710' title='bbox 1042 4597 1174 4662; x_wconf 88' lang='lat' dir='ltr'><strong>periculum</strong></span> <span class='ocrx_word' id='word_1_711' title='bbox 1192 4593 1282 4642; x_wconf 88' lang='lat' dir='ltr'><strong>iaciant</strong></span> <span class='ocrx_word' id='word_1_712' title='bbox 1297 4589 1441 4653; x_wconf 90' lang='lat' dir='ltr'><strong>rideantque</strong></span> <span class='ocrx_word' id='word_1_713' title='bbox 1456 4602 1487 4638; x_wconf 94' lang='lat' dir='ltr'>an</span> <span class='ocrx_word' id='word_1_714' title='bbox 1502 4589 1532 4639; x_wconf 91' lang='lat' dir='ltr'>de</span> <span class='ocrx_word' id='word_1_715' title='bbox 1545 4590 1666 4653; x_wconf 87' lang='lat' dir='ltr'><strong>proposito</strong></span> <span class='ocrx_word' id='word_1_716' title='bbox 1681 4594 1767 4654; x_wconf 81' lang='lat' dir='ltr'><strong>quonia</strong></span> 
     </span>
    </p>
   </div>
   <div class='ocr_carea' id='block_1_10' title="bbox 985 4691 1767 4852">
    <p class='ocr_par' dir='ltr' id='par_1_19' title="bbox 985 4691 1767 4852">
     <span class='ocr_line' id='line_1_95' title="bbox 985 4691 1767 4764; baseline -0.009 -13"><span class='ocrx_word' id='word_1_717' title='bbox 985 4703 1125 4764; x_wconf 79' lang='lat' dir='ltr'><strong>argumento</strong></span> <span class='ocrx_word' id='word_1_718' title='bbox 1137 4696 1196 4744; x_wconf 84' lang='lat' dir='ltr'><strong>scito</strong></span> <span class='ocrx_word' id='word_1_719' title='bbox 1208 4694 1374 4755; x_wconf 80' lang='lat' dir='ltr'><strong>eleganterque</strong></span> <span class='ocrx_word' id='word_1_720' title='bbox 1388 4691 1468 4740; x_wconf 86' lang='lat' dir='ltr'><strong>dicere</strong></span> <span class='ocrx_word' id='word_1_721' title='bbox 1481 4691 1582 4741; x_wconf 77' lang='lat' dir='ltr'><strong>taleam.</strong></span> <span class='ocrx_word' id='word_1_722' title='bbox 1623 4691 1670 4749; x_wconf 84' lang='lat' dir='ltr'>Qui</span> <span class='ocrx_word' id='word_1_723' title='bbox 1686 4694 1767 4744; x_wconf 89' lang='lat' dir='ltr'><strong>antem</strong></span> 
     </span>
     <span class='ocr_line' id='line_1_96' title="bbox 985 4789 1767 4852; baseline -0.014 -1"><span class='ocrx_word' id='word_1_724' title='bbox 985 4813 1039 4851; x_wconf 84' lang='lat' dir='ltr'><strong>aero</strong></span> <span class='ocrx_word' id='word_1_725' title='bbox 1052 4795 1146 4848; x_wconf 75' lang='lat' dir='ltr'><strong>nudem</strong></span> <span class='ocrx_word' id='word_1_726' title='bbox 1157 4793 1188 4844; x_wconf 90' lang='lat' dir='ltr'>ad</span> <span class='ocrx_word' id='word_1_727' title='bbox 1199 4789 1391 4843; x_wconf 89' lang='lat' dir='ltr'><strong>meandiendnm</strong></span> <span class='ocrx_word' id='word_1_728' title='bbox 1402 4793 1520 4838; x_wconf 86' lang='lat' dir='ltr'><strong>recerunt</strong></span> <span class='ocrx_word' id='word_1_729' title='bbox 1530 4801 1576 4838; x_wconf 87' lang='lat' dir='ltr'>nec</span> <span class='ocrx_word' id='word_1_730' title='bbox 1584 4793 1767 4852; x_wconf 87' lang='lat' dir='ltr'><strong>antesunqnam</strong></span> 
     </span>
    </p>
   </div>
   <div class='ocr_carea' id='block_1_11' title="bbox 986 4889 1769 5168">
    <p class='ocr_par' dir='ltr' id='par_1_20' title="bbox 986 4889 1769 5168">
     <span class='ocr_line' id='line_1_97' title="bbox 986 4889 1766 4962; baseline -0.014 -8"><span class='ocrx_word' id='word_1_731' title='bbox 986 4917 1025 4954; x_wconf 87' lang='lat' dir='ltr'>me</span> <span class='ocrx_word' id='word_1_732' title='bbox 1045 4895 1242 4962; x_wconf 78' lang='lat' dir='ltr'><strong>frequentarunt,</strong></span> <span class='ocrx_word' id='word_1_733' title='bbox 1259 4895 1287 4942; x_wconf 91' lang='lat' dir='ltr'>lla</span> <span class='ocrx_word' id='word_1_734' title='bbox 1307 4892 1421 4954; x_wconf 89' lang='lat' dir='ltr'><strong>scriptum</strong></span> <span class='ocrx_word' id='word_1_735' title='bbox 1438 4889 1535 4951; x_wconf 88' lang='lat' dir='ltr'><strong>aliquod</strong></span> <span class='ocrx_word' id='word_1_736' title='bbox 1554 4889 1667 4940; x_wconf 83' lang='lat' dir='ltr'><strong>exlribere</strong></span> <span class='ocrx_word' id='word_1_737' title='bbox 1688 4894 1766 4954; x_wconf 88' lang='lat' dir='ltr'><strong>cupio.</strong></span> 
     </span>
     <span class='ocr_line' id='line_1_98' title="bbox 986 4991 1768 5061; baseline -0.014 -8"><span class='ocrx_word' id='word_1_738' title='bbox 986 5003 1015 5054; x_wconf 90' lang='lat' dir='ltr'>lli</span> <span class='ocrx_word' id='word_1_739' title='bbox 1031 5001 1095 5052; x_wconf 91' lang='lat' dir='ltr'><strong>cuim</strong></span> <span class='ocrx_word' id='word_1_740' title='bbox 1108 5011 1183 5061; x_wconf 90' lang='lat' dir='ltr'><strong>quum</strong></span> <span class='ocrx_word' id='word_1_741' title='bbox 1200 4995 1301 5044; x_wconf 90' lang='lat' dir='ltr'><strong>aliorum</strong></span> <span class='ocrx_word' id='word_1_742' title='bbox 1321 4992 1468 5042; x_wconf 86' lang='lat' dir='ltr'><strong>orationibus</strong></span> <span class='ocrx_word' id='word_1_743' title='bbox 1484 4991 1574 5041; x_wconf 78' lang='lat' dir='ltr'><strong>assareti</strong></span> <span class='ocrx_word' id='word_1_744' title='bbox 1588 4991 1647 5052; x_wconf 88' lang='lat' dir='ltr'><strong>slnt,</strong></span> <span class='ocrx_word' id='word_1_745' title='bbox 1665 5005 1693 5040; x_wconf 81' lang='lat' dir='ltr'>ea</span> <span class='ocrx_word' id='word_1_746' title='bbox 1709 4999 1768 5042; x_wconf 84' lang='lat' dir='ltr'><strong>lem-</strong></span> 
     </span>
     <span class='ocr_line' id='line_1_99' title="bbox 987 5093 1769 5168; baseline -0.014 -14"><span class='ocrx_word' id='word_1_747' title='bbox 987 5118 1044 5168; x_wconf 90' lang='lat' dir='ltr'><strong>pore</strong></span> <span class='ocrx_word' id='word_1_748' title='bbox 1058 5103 1176 5151; x_wconf 89' lang='lat' dir='ltr'><strong>dicentem</strong></span> <span class='ocrx_word' id='word_1_749' title='bbox 1194 5111 1233 5147; x_wconf 91' lang='lat' dir='ltr'>me</span> <span class='ocrx_word' id='word_1_750' title='bbox 1253 5095 1376 5146; x_wconf 85' lang='lat' dir='ltr'><strong>audientes</strong></span> <span class='ocrx_word' id='word_1_751' title='bbox 1396 5095 1494 5143; x_wconf 84' lang='lat' dir='ltr'><strong>tortasse</strong></span> <span class='ocrx_word' id='word_1_752' title='bbox 1511 5105 1559 5142; x_wconf 88' lang='lat' dir='ltr'>non</span> <span class='ocrx_word' id='word_1_753' title='bbox 1577 5093 1635 5142; x_wconf 83' lang='lat' dir='ltr'><strong>satis</strong></span> <span class='ocrx_word' id='word_1_754' title='bbox 1657 5099 1720 5142; x_wconf 88' lang='lat' dir='ltr'><strong>recte</strong></span> <span class='ocrx_word' id='word_1_755' title='bbox 1738 5095 1769 5143; x_wconf 88' lang='lat' dir='ltr'>de</span> 
     </span>
    </p>
   </div>
   <div class='ocr_carea' id='block_1_12' title="bbox 988 5195 1769 5256">
    <p class='ocr_par' dir='ltr' id='par_1_21' title="bbox 988 5195 1769 5256">
     <span class='ocr_line' id='line_1_100' title="bbox 988 5195 1769 5256; baseline -0.02 -1"><span class='ocrx_word' id='word_1_756' title='bbox 988 5205 1073 5256; x_wconf 86' lang='lat' dir='ltr'><strong>merito</strong></span> <span class='ocrx_word' id='word_1_757' title='bbox 1085 5216 1138 5254; x_wconf 91' lang='lat' dir='ltr'>meo</span> <span class='ocrx_word' id='word_1_758' title='bbox 1152 5199 1278 5250; x_wconf 82' lang='lat' dir='ltr'><strong>senserint.</strong></span> <span class='ocrx_word' id='word_1_759' title='bbox 1313 5199 1429 5247; x_wconf 84' lang='lat' dir='ltr'><strong>Praeterea</strong></span> <span class='ocrx_word' id='word_1_760' title='bbox 1448 5195 1653 5244; x_wconf 80' lang='lat' dir='ltr'><strong>incrementorum</strong></span> <span class='ocrx_word' id='word_1_761' title='bbox 1667 5205 1722 5255; x_wconf 81' lang='lat' dir='ltr'><strong>qua·</strong></span> <span class='ocrx_word' id='word_1_762' title='bbox 1733 5205 1769 5240; x_wconf 87' lang='lat' dir='ltr'><strong>rn-</strong></span> 
     </span>
    </p>
   </div>
   <div class='ocr_carea' id='block_1_13' title="bbox 0 0 2087 6084">
    <p class='ocr_par' dir='ltr' id='par_1_22' title="bbox 0 0 2087 6084">
     <span class='ocr_line' id='line_1_101' title="bbox 0 0 2087 6084; baseline 0 0"><span class='ocrx_word' id='word_1_763' title='bbox 0 0 2087 6084; x_wconf 95' lang='lat' dir='ltr'> </span> 
     </span>
    </p>
   </div>
  </div>
 </body>
</html>
