<?xml version="1.0" encoding="UTF-8"?>
<!DOCTYPE html PUBLIC "-//W3C//DTD XHTML 1.0 Transitional//EN"
    "http://www.w3.org/TR/xhtml1/DTD/xhtml1-transitional.dtd">
<html xmlns="http://www.w3.org/1999/xhtml" xml:lang="en" lang="en">
 <head>
  <title>
</title>
<meta http-equiv="Content-Type" content="text/html;charset=utf-8" />
  <meta name='ocr-system' content='tesseract 3.04.00' />
  <meta name='ocr-capabilities' content='ocr_page ocr_carea ocr_par ocr_line ocrx_word'/>
</head>
<body>
  <div class='ocr_page' id='page_1' title='image "./oratoresatticia00unkngoog/oratoresatticia00unkngoog_0511.png"; bbox 0 0 4114 6088; ppageno 0'>
   <div class='ocr_carea' id='block_1_1' title="bbox 670 458 1729 527">
    <p class='ocr_par' dir='ltr' id='par_1_1' title="bbox 670 458 1729 527">
     <span class='ocr_line' id='line_1_1' title="bbox 670 458 1729 527; baseline 0.006 -6"><span class='ocrx_word' id='word_1_1' title='bbox 670 463 706 521; x_wconf 89' lang='grc' dir='ltr'>ΙΙ.</span> <span class='ocrx_word' id='word_1_2' title='bbox 731 462 822 521; x_wconf 79' lang='grc' dir='ltr'>ΠΕΡΙ</span> <span class='ocrx_word' id='word_1_3' title='bbox 844 458 1179 520; x_wconf 69' lang='grc' dir='ltr'>ΠΔΡΑΠΡΠΣΒΙΠΔΣ.</span> <span class='ocrx_word' id='word_1_4' title='bbox 1672 477 1729 527; x_wconf 75' lang='lat'>505</span> 
     </span>
    </p>
   </div>
   <div class='ocr_carea' id='block_1_2' title="bbox 103 585 1797 5314">
    <p class='ocr_par' dir='ltr' id='par_1_2' title="bbox 121 585 1732 662">
     <span class='ocr_line' id='line_1_2' title="bbox 121 585 1732 662; baseline 0.001 -18"><span class='ocrx_word' id='word_1_5' title='bbox 121 595 169 644; x_wconf 82' lang='grc' dir='ltr'>τῶν</span> <span class='ocrx_word' id='word_1_6' title='bbox 186 589 323 662; x_wconf 81' lang='grc' dir='ltr'>βουλευτῶν</span> <span class='ocrx_word' id='word_1_7' title='bbox 341 589 452 660; x_wconf 84' lang='grc' dir='ltr'>ἐγίνοντο</span> <span class='ocrx_word' id='word_1_8' title='bbox 466 588 543 642; x_wconf 81' lang='grc' dir='ltr'>καλοί</span> <span class='ocrx_word' id='word_1_9' title='bbox 557 591 682 660; x_wconf 79' lang='grc' dir='ltr'>πρυτάνεις</span> <span class='ocrx_word' id='word_1_10' title='bbox 696 591 737 643; x_wconf 82' lang='grc' dir='ltr'>καί</span> <span class='ocrx_word' id='word_1_11' title='bbox 751 591 774 642; x_wconf 91' lang='grc' dir='ltr'>οί</span> <span class='ocrx_word' id='word_1_12' title='bbox 791 591 904 662; x_wconf 78' lang='grc' dir='ltr'>πρόεδροι</span> <span class='ocrx_word' id='word_1_13' title='bbox 986 591 1031 656; x_wconf 84' lang='grc'>89.</span> <span class='ocrx_word' id='word_1_14' title='bbox 1049 585 1187 640; x_wconf 76' lang='grc' dir='ltr'>Κάλλιστον</span> <span class='ocrx_word' id='word_1_15' title='bbox 1195 586 1386 658; x_wconf 77' lang='grc' dir='ltr'>γὰρ]δηλονότι</span> <span class='ocrx_word' id='word_1_16' title='bbox 1398 589 1429 642; x_wconf 81' lang='grc' dir='ltr'>τὰ</span> <span class='ocrx_word' id='word_1_17' title='bbox 1435 591 1541 661; x_wconf 88' lang='grc' dir='ltr'>δημόσια</span> <span class='ocrx_word' id='word_1_18' title='bbox 1547 593 1689 662; x_wconf 87' lang='grc' dir='ltr'>γράμματα.</span> <span class='ocrx_word' id='word_1_19' title='bbox 1701 595 1732 647; x_wconf 89' lang='lat' dir='ltr'>B.</span> 
     </span>
    </p>

    <p class='ocr_par' dir='ltr' id='par_1_3' title="bbox 125 662 1734 818">
     <span class='ocr_line' id='line_1_3' title="bbox 125 662 1734 740; baseline -0.001 -19"><span class='ocrx_word' id='word_1_20' title='bbox 125 670 173 722; x_wconf 75' lang='grc' dir='ltr'>ἀπὸ</span> <span class='ocrx_word' id='word_1_21' title='bbox 189 669 282 740; x_wconf 86' lang='grc' dir='ltr'>κλήρου</span> <span class='ocrx_word' id='word_1_22' title='bbox 300 668 362 721; x_wconf 75' lang='grc' dir='ltr'>κατὰ</span> <span class='ocrx_word' id='word_1_23' title='bbox 376 667 465 739; x_wconf 78' lang='grc' dir='ltr'>φυλήν,</span> <span class='ocrx_word' id='word_1_24' title='bbox 478 668 511 730; x_wconf 81' lang='grc' dir='ltr'>ὡς</span> <span class='ocrx_word' id='word_1_25' title='bbox 525 668 647 740; x_wconf 83' lang='grc' dir='ltr'>ἔγνωμεν.</span> <span class='ocrx_word' id='word_1_26' title='bbox 659 671 742 725; x_wconf 84' lang='lat' dir='ltr'><strong>FLM.</strong></span> <span class='ocrx_word' id='word_1_27' title='bbox 988 665 1209 734; x_wconf 84' lang='grc' dir='ltr'>ίίατευημερηιιὼς]</span> <span class='ocrx_word' id='word_1_28' title='bbox 1231 662 1285 718; x_wconf 90' lang='grc' dir='ltr'>οίον</span> <span class='ocrx_word' id='word_1_29' title='bbox 1311 665 1470 738; x_wconf 78' lang='grc' dir='ltr'>εὐδοκιμήσας</span> <span class='ocrx_word' id='word_1_30' title='bbox 1491 667 1556 720; x_wconf 78' lang='grc' dir='ltr'>ἑλεῖν</span> <span class='ocrx_word' id='word_1_31' title='bbox 1579 665 1623 735; x_wconf 82' lang='grc' dir='ltr'>τὴν</span> <span class='ocrx_word' id='word_1_32' title='bbox 1646 668 1734 735; x_wconf 89' lang='grc' dir='ltr'>ἐκκλη-</span> 
     </span>
     <span class='ocr_line' id='line_1_4' title="bbox 160 741 1486 818; baseline -0.002 -17"><span class='ocrx_word' id='word_1_33' title='bbox 160 748 204 801; x_wconf 85' lang='grc'>83.</span> <span class='ocrx_word' id='word_1_34' title='bbox 226 745 403 818; x_wconf 84' lang='grc' dir='ltr'>ίίριτόόουλος]</span> <span class='ocrx_word' id='word_1_35' title='bbox 423 746 437 800; x_wconf 91' lang='lat'><strong>6</strong></span> <span class='ocrx_word' id='word_1_36' title='bbox 452 746 634 818; x_wconf 82' lang='grc' dir='ltr'>ίίερσοῦλίπτου</span> <span class='ocrx_word' id='word_1_37' title='bbox 658 752 702 800; x_wconf 90' lang='grc' dir='ltr'>τοῦ</span> <span class='ocrx_word' id='word_1_38' title='bbox 720 747 816 818; x_wconf 78' lang='grc' dir='ltr'>Θρᾴκης</span> <span class='ocrx_word' id='word_1_39' title='bbox 840 748 907 817; x_wconf 78' lang='grc' dir='ltr'>βασι·</span> <span class='ocrx_word' id='word_1_40' title='bbox 950 743 1022 806; x_wconf 91' lang='grc' dir='ltr'>σίαν,</span> <span class='ocrx_word' id='word_1_41' title='bbox 1040 743 1072 804; x_wconf 85' lang='grc' dir='ltr'>ιὀς</span> <span class='ocrx_word' id='word_1_42' title='bbox 1084 741 1165 804; x_wconf 84' lang='grc' dir='ltr'>καλῶς</span> <span class='ocrx_word' id='word_1_43' title='bbox 1176 744 1391 816; x_wconf 81' lang='grc' dir='ltr'>πρεσόευσάρενος.</span> <span class='ocrx_word' id='word_1_44' title='bbox 1402 747 1486 800; x_wconf 83' lang='lat' dir='ltr'><strong>FLM.</strong></span> 
     </span>
    </p>

    <p class='ocr_par' dir='ltr' id='par_1_4' title="bbox 121 821 1736 976">
     <span class='ocr_line' id='line_1_5' title="bbox 121 821 1736 896; baseline 0 -18"><span class='ocrx_word' id='word_1_45' title='bbox 121 826 183 888; x_wconf 83' lang='grc' dir='ltr'>λέως</span> <span class='ocrx_word' id='word_1_46' title='bbox 194 825 347 896; x_wconf 81' lang='grc' dir='ltr'>πρεσόευτής.</span> <span class='ocrx_word' id='word_1_47' title='bbox 364 826 393 880; x_wconf 83' lang='grc' dir='ltr'>Β.</span> <span class='ocrx_word' id='word_1_48' title='bbox 985 823 1067 874; x_wconf 88' lang='grc' dir='ltr'>Ταῦτα</span> <span class='ocrx_word' id='word_1_49' title='bbox 1086 821 1119 893; x_wconf 83' lang='grc' dir='ltr'>μή</span> <span class='ocrx_word' id='word_1_50' title='bbox 1137 824 1232 894; x_wconf 77' lang='grc' dir='ltr'>ποιεῖν]</span> <span class='ocrx_word' id='word_1_51' title='bbox 1249 826 1358 878; x_wconf 78' lang='grc' dir='ltr'>τουτέστι</span> <span class='ocrx_word' id='word_1_52' title='bbox 1380 823 1413 894; x_wconf 83' lang='grc' dir='ltr'>μὴ</span> <span class='ocrx_word' id='word_1_53' title='bbox 1438 823 1579 894; x_wconf 81' lang='grc' dir='ltr'>πολιορκεῖν</span> <span class='ocrx_word' id='word_1_54' title='bbox 1601 825 1736 895; x_wconf 84' lang='grc' dir='ltr'>Ιίερσυῦλέ-</span> 
     </span>
     <span class='ocr_line' id='line_1_6' title="bbox 156 895 1098 976; baseline -0.002 -20"><span class='ocrx_word' id='word_1_55' title='bbox 156 895 566 976; x_wconf 74' lang='grc' dir='ltr'>Συναναγραφῆναι-σνμμάχοις]</span> <span class='ocrx_word' id='word_1_56' title='bbox 578 904 636 968; x_wconf 75' lang='grc' dir='ltr'>ἵνα,</span> <span class='ocrx_word' id='word_1_57' title='bbox 646 906 727 976; x_wconf 80' lang='grc' dir='ltr'>ὥσπερ</span> <span class='ocrx_word' id='word_1_58' title='bbox 739 904 763 957; x_wconf 91' lang='grc' dir='ltr'>οί</span> <span class='ocrx_word' id='word_1_59' title='bbox 778 903 906 971; x_wconf 85' lang='grc' dir='ltr'>Ἀθηναίων</span> <span class='ocrx_word' id='word_1_60' title='bbox 953 921 1026 969; x_wconf 90' lang='grc' dir='ltr'>πτην.</span> <span class='ocrx_word' id='word_1_61' title='bbox 1042 904 1098 958; x_wconf 91' lang='lat' dir='ltr'>BL.</span> 
     </span>
    </p>

    <p class='ocr_par' dir='ltr' id='par_1_5' title="bbox 122 979 1529 1054">
     <span class='ocr_line' id='line_1_7' title="bbox 122 979 1529 1054; baseline 0.003 -21"><span class='ocrx_word' id='word_1_62' title='bbox 122 984 250 1053; x_wconf 90' lang='grc' dir='ltr'>σύμμαχοι</span> <span class='ocrx_word' id='word_1_63' title='bbox 264 981 378 1038; x_wconf 85' lang='grc' dir='ltr'>οί,ἀλλοι</span> <span class='ocrx_word' id='word_1_64' title='bbox 392 979 503 1034; x_wconf 85' lang='grc' dir='ltr'>ἐδίδοσαν</span> <span class='ocrx_word' id='word_1_65' title='bbox 522 983 607 1054; x_wconf 86' lang='grc' dir='ltr'>όρκους</span> <span class='ocrx_word' id='word_1_66' title='bbox 619 985 672 1046; x_wconf 83' lang='grc' dir='ltr'>τοῖς</span> <span class='ocrx_word' id='word_1_67' title='bbox 683 983 747 1054; x_wconf 75' lang='grc' dir='ltr'>παρά</span> <span class='ocrx_word' id='word_1_68' title='bbox 765 983 905 1044; x_wconf 85' lang='grc' dir='ltr'>Φιλίππου,</span> <span class='ocrx_word' id='word_1_69' title='bbox 995 979 1084 1052; x_wconf 82' lang='grc' dir='ltr'>Ὠρεῷ]</span> <span class='ocrx_word' id='word_1_70' title='bbox 1097 981 1145 1048; x_wconf 81' lang='grc' dir='ltr'>Τῆς</span> <span class='ocrx_word' id='word_1_71' title='bbox 1156 979 1260 1042; x_wconf 83' lang='grc' dir='ltr'>Εἰιῦοίας</span> <span class='ocrx_word' id='word_1_72' title='bbox 1273 981 1343 1042; x_wconf 85' lang='grc' dir='ltr'>πόλις</span> <span class='ocrx_word' id='word_1_73' title='bbox 1358 979 1450 1052; x_wconf 82' lang='grc' dir='ltr'>Ὠρεός.</span> <span class='ocrx_word' id='word_1_74' title='bbox 1466 983 1529 1037; x_wconf 86' lang='lat' dir='ltr'>LM.</span> 
     </span>
    </p>

    <p class='ocr_par' dir='ltr' id='par_1_6' title="bbox 124 1058 1736 1132">
     <span class='ocr_line' id='line_1_8' title="bbox 124 1058 1736 1132; baseline 0.001 -20"><span class='ocrx_word' id='word_1_75' title='bbox 124 1061 189 1114; x_wconf 83' lang='grc' dir='ltr'>ούτω</span> <span class='ocrx_word' id='word_1_76' title='bbox 203 1061 243 1114; x_wconf 87' lang='grc' dir='ltr'>καί</span> <span class='ocrx_word' id='word_1_77' title='bbox 258 1060 445 1132; x_wconf 83' lang='grc' dir='ltr'>όίίριτόῦουλος</span> <span class='ocrx_word' id='word_1_78' title='bbox 458 1062 494 1132; x_wconf 78' lang='grc' dir='ltr'>δῷ</span> <span class='ocrx_word' id='word_1_79' title='bbox 507 1058 565 1132; x_wconf 82' lang='grc' dir='ltr'>ύπέρ</span> <span class='ocrx_word' id='word_1_80' title='bbox 579 1061 778 1132; x_wconf 82' lang='grc' dir='ltr'>Περσοόλέπτου,</span> <span class='ocrx_word' id='word_1_81' title='bbox 790 1062 823 1122; x_wconf 86' lang='grc' dir='ltr'>ὡς</span> <span class='ocrx_word' id='word_1_82' title='bbox 837 1062 907 1122; x_wconf 86' lang='grc' dir='ltr'>ὄντος</span> <span class='ocrx_word' id='word_1_83' title='bbox 986 1060 1115 1130; x_wconf 78' lang='grc' dir='ltr'>Προξενίας</span> <span class='ocrx_word' id='word_1_84' title='bbox 1132 1060 1385 1131; x_wconf 76' lang='grc' dir='ltr'>κατασκευαζόμενοι]</span> <span class='ocrx_word' id='word_1_85' title='bbox 1400 1062 1526 1131; x_wconf 74' lang='grc' dir='ltr'>γινόμενοι</span> <span class='ocrx_word' id='word_1_86' title='bbox 1538 1061 1657 1131; x_wconf 80' lang='grc' dir='ltr'>πρόξενοι.</span> <span class='ocrx_word' id='word_1_87' title='bbox 1673 1063 1736 1132; x_wconf 90' lang='grc' dir='ltr'>Πρό-</span> 
     </span>
    </p>

    <p class='ocr_par' dir='ltr' id='par_1_7' title="bbox 123 1136 1735 1292">
     <span class='ocr_line' id='line_1_9' title="bbox 123 1136 1735 1212; baseline -0.001 -19"><span class='ocrx_word' id='word_1_88' title='bbox 123 1141 216 1194; x_wconf 85' lang='grc' dir='ltr'>ἐκείνου</span> <span class='ocrx_word' id='word_1_89' title='bbox 228 1141 281 1202; x_wconf 86' lang='grc' dir='ltr'>ένδς</span> <span class='ocrx_word' id='word_1_90' title='bbox 289 1147 337 1194; x_wconf 84' lang='grc' dir='ltr'>τῶν</span> <span class='ocrx_word' id='word_1_91' title='bbox 350 1141 499 1212; x_wconf 81' lang='grc' dir='ltr'>συμμάχων.</span> <span class='ocrx_word' id='word_1_92' title='bbox 514 1141 600 1196; x_wconf 84' lang='lat' dir='ltr'><strong>BLM.</strong></span> <span class='ocrx_word' id='word_1_93' title='bbox 952 1138 1015 1198; x_wconf 80' lang='grc' dir='ltr'>ξενοι</span> <span class='ocrx_word' id='word_1_94' title='bbox 1026 1139 1052 1190; x_wconf 86' lang='grc' dir='ltr'>δέ</span> <span class='ocrx_word' id='word_1_95' title='bbox 1068 1136 1113 1190; x_wconf 90' lang='grc' dir='ltr'>εἰσι</span> <span class='ocrx_word' id='word_1_96' title='bbox 1125 1137 1222 1190; x_wconf 88' lang='grc' dir='ltr'>πόλεων</span> <span class='ocrx_word' id='word_1_97' title='bbox 1237 1137 1261 1188; x_wconf 85' lang='grc' dir='ltr'>οί</span> <span class='ocrx_word' id='word_1_98' title='bbox 1272 1136 1297 1190; x_wconf 85' lang='grc' dir='ltr'>ἐν</span> <span class='ocrx_word' id='word_1_99' title='bbox 1311 1139 1365 1198; x_wconf 89' lang='grc' dir='ltr'>ταῖς</span> <span class='ocrx_word' id='word_1_100' title='bbox 1374 1137 1453 1190; x_wconf 81' lang='grc' dir='ltr'>αύτιῗιν</span> <span class='ocrx_word' id='word_1_101' title='bbox 1468 1141 1566 1208; x_wconf 84' lang='grc' dir='ltr'>πατρίσι</span> <span class='ocrx_word' id='word_1_102' title='bbox 1578 1147 1626 1192; x_wconf 86' lang='grc' dir='ltr'>τῶν</span> <span class='ocrx_word' id='word_1_103' title='bbox 1638 1141 1735 1194; x_wconf 89' lang='grc' dir='ltr'>πόλεων</span> 
     </span>
     <span class='ocr_line' id='line_1_10' title="bbox 160 1211 1577 1292; baseline -0.004 -19"><span class='ocrx_word' id='word_1_104' title='bbox 160 1223 205 1292; x_wconf 72' lang='grc' dir='ltr'>δή.</span> <span class='ocrx_word' id='word_1_105' title='bbox 227 1218 402 1290; x_wconf 78' lang='grc' dir='ltr'>Ἐπιήηφιεῖν]</span> <span class='ocrx_word' id='word_1_106' title='bbox 413 1218 486 1272; x_wconf 88' lang='grc' dir='ltr'>όπότε</span> <span class='ocrx_word' id='word_1_107' title='bbox 505 1217 530 1272; x_wconf 89' lang='grc' dir='ltr'>ἐν</span> <span class='ocrx_word' id='word_1_108' title='bbox 545 1222 576 1290; x_wconf 82' lang='grc' dir='ltr'>τῇ</span> <span class='ocrx_word' id='word_1_109' title='bbox 591 1219 708 1288; x_wconf 75' lang='grc' dir='ltr'>ἐκκλησίᾳ</span> <span class='ocrx_word' id='word_1_110' title='bbox 724 1218 835 1290; x_wconf 81' lang='grc' dir='ltr'>ψήφισμα</span> <span class='ocrx_word' id='word_1_111' title='bbox 848 1235 908 1288; x_wconf 88' lang='grc' dir='ltr'>γρα-</span> <span class='ocrx_word' id='word_1_112' title='bbox 952 1213 1050 1266; x_wconf 76' lang='grc' dir='ltr'>ἐκείνων</span> <span class='ocrx_word' id='word_1_113' title='bbox 1065 1216 1256 1286; x_wconf 79' lang='grc' dir='ltr'>προϊστάμενοι,</span> <span class='ocrx_word' id='word_1_114' title='bbox 1270 1211 1306 1266; x_wconf 83' lang='grc' dir='ltr'>ὧν</span> <span class='ocrx_word' id='word_1_115' title='bbox 1319 1213 1365 1267; x_wconf 89' lang='grc' dir='ltr'>εἰσι</span> <span class='ocrx_word' id='word_1_116' title='bbox 1379 1215 1499 1285; x_wconf 81' lang='grc' dir='ltr'>πρόξενοι.</span> <span class='ocrx_word' id='word_1_117' title='bbox 1513 1217 1577 1270; x_wconf 84' lang='lat' dir='ltr'>LM.</span> 
     </span>
    </p>

    <p class='ocr_par' dir='ltr' id='par_1_8' title="bbox 124 1293 1736 1369">
     <span class='ocr_line' id='line_1_11' title="bbox 124 1293 1736 1369; baseline -0.001 -19"><span class='ocrx_word' id='word_1_118' title='bbox 124 1299 194 1366; x_wconf 86' lang='grc' dir='ltr'>φείη,</span> <span class='ocrx_word' id='word_1_119' title='bbox 215 1297 381 1369; x_wconf 71' lang='grc' dir='ltr'>ἐπιψηφίζουσι</span> <span class='ocrx_word' id='word_1_120' title='bbox 401 1299 518 1368; x_wconf 84' lang='grc' dir='ltr'>πρότερον</span> <span class='ocrx_word' id='word_1_121' title='bbox 535 1297 594 1350; x_wconf 76' lang='grc' dir='ltr'>αότδ</span> <span class='ocrx_word' id='word_1_122' title='bbox 615 1297 639 1350; x_wconf 91' lang='grc' dir='ltr'>οί</span> <span class='ocrx_word' id='word_1_123' title='bbox 653 1299 780 1368; x_wconf 85' lang='grc' dir='ltr'>πρόεδροι,</span> <span class='ocrx_word' id='word_1_124' title='bbox 797 1294 853 1350; x_wconf 84' lang='grc' dir='ltr'>εἶτα</span> <span class='ocrx_word' id='word_1_125' title='bbox 873 1301 907 1367; x_wconf 80' lang='grc' dir='ltr'>τῷ</span> <span class='ocrx_word' id='word_1_126' title='bbox 988 1313 1032 1364; x_wconf 87' lang='lat'>9⁰·</span> <span class='ocrx_word' id='word_1_127' title='bbox 1053 1295 1088 1347; x_wconf 83' lang='grc' dir='ltr'>Το</span> <span class='ocrx_word' id='word_1_128' title='bbox 1104 1293 1180 1366; x_wconf 80' lang='grc' dir='ltr'>Ἱερόν</span> <span class='ocrx_word' id='word_1_129' title='bbox 1195 1296 1265 1365; x_wconf 90' lang='grc' dir='ltr'>όρος]</span> <span class='ocrx_word' id='word_1_130' title='bbox 1283 1294 1401 1364; x_wconf 82' lang='grc' dir='ltr'>Γράφεται</span> <span class='ocrx_word' id='word_1_131' title='bbox 1413 1294 1442 1348; x_wconf 81' lang='grc' dir='ltr'>τό</span> <span class='ocrx_word' id='word_1_132' title='bbox 1460 1293 1566 1365; x_wconf 84' lang='grc' dir='ltr'>Ἡραῖον</span> <span class='ocrx_word' id='word_1_133' title='bbox 1580 1297 1645 1367; x_wconf 84' lang='grc' dir='ltr'>ὄρος.</span> <span class='ocrx_word' id='word_1_134' title='bbox 1663 1298 1736 1350; x_wconf 85' lang='grc' dir='ltr'>Ἔστι</span> 
     </span>
    </p>

    <p class='ocr_par' dir='ltr' id='par_1_9' title="bbox 125 1373 1738 1448">
     <span class='ocr_line' id='line_1_12' title="bbox 125 1373 1738 1448; baseline 0.001 -20"><span class='ocrx_word' id='word_1_135' title='bbox 125 1375 199 1448; x_wconf 88' lang='grc' dir='ltr'>δήμῳ</span> <span class='ocrx_word' id='word_1_136' title='bbox 218 1375 420 1443; x_wconf 77' lang='grc' dir='ltr'>ἀναγινώσκεται.</span> <span class='ocrx_word' id='word_1_137' title='bbox 446 1375 613 1446; x_wconf 83' lang='grc' dir='ltr'>Ἐπιψηφίζειν</span> <span class='ocrx_word' id='word_1_138' title='bbox 636 1377 662 1430; x_wconf 83' lang='grc' dir='ltr'>δέ</span> <span class='ocrx_word' id='word_1_139' title='bbox 679 1379 731 1430; x_wconf 85' lang='grc' dir='ltr'>ἐστι</span> <span class='ocrx_word' id='word_1_140' title='bbox 750 1376 779 1430; x_wconf 86' lang='grc' dir='ltr'>τὶι</span> <span class='ocrx_word' id='word_1_141' title='bbox 805 1375 843 1430; x_wconf 82' lang='grc' dir='ltr'>ἐπί</span> <span class='ocrx_word' id='word_1_142' title='bbox 857 1394 905 1428; x_wconf 93' lang='grc' dir='ltr'>τινι</span> <span class='ocrx_word' id='word_1_143' title='bbox 953 1373 1052 1426; x_wconf 84' lang='grc' dir='ltr'>δέκατίι</span> <span class='ocrx_word' id='word_1_144' title='bbox 1068 1377 1149 1444; x_wconf 86' lang='grc' dir='ltr'>στόμα</span> <span class='ocrx_word' id='word_1_145' title='bbox 1166 1375 1261 1428; x_wconf 87' lang='grc' dir='ltr'>Πόντου</span> <span class='ocrx_word' id='word_1_146' title='bbox 1281 1373 1408 1444; x_wconf 80' lang='grc' dir='ltr'>ἐμπόριον.</span> <span class='ocrx_word' id='word_1_147' title='bbox 1428 1377 1482 1430; x_wconf 85' lang='lat' dir='ltr'>BL.</span> <span class='ocrx_word' id='word_1_148' title='bbox 1505 1377 1584 1438; x_wconf 89' lang='grc' dir='ltr'>Τόπος</span> <span class='ocrx_word' id='word_1_149' title='bbox 1597 1381 1640 1442; x_wconf 85' lang='grc' dir='ltr'>τῆς</span> <span class='ocrx_word' id='word_1_150' title='bbox 1661 1377 1738 1448; x_wconf 86' lang='grc' dir='ltr'>Ἀψιν-</span> 
     </span>
    </p>

    <p class='ocr_par' dir='ltr' id='par_1_10' title="bbox 124 1451 1739 1526">
     <span class='ocr_line' id='line_1_13' title="bbox 124 1451 1739 1526; baseline 0.002 -20"><span class='ocrx_word' id='word_1_151' title='bbox 124 1455 203 1524; x_wconf 71' lang='grc' dir='ltr'>όῆρον</span> <span class='ocrx_word' id='word_1_152' title='bbox 223 1455 312 1526; x_wconf 82' lang='grc' dir='ltr'>φέρειν.</span> <span class='ocrx_word' id='word_1_153' title='bbox 334 1455 419 1509; x_wconf 87' lang='lat' dir='ltr'><strong>BLM.</strong></span> <span class='ocrx_word' id='word_1_154' title='bbox 436 1454 520 1507; x_wconf 85' lang='grc' dir='ltr'>Οίονεί</span> <span class='ocrx_word' id='word_1_155' title='bbox 540 1453 707 1522; x_wconf 83' lang='grc' dir='ltr'>ύπούάλλειν,</span> <span class='ocrx_word' id='word_1_156' title='bbox 725 1457 788 1508; x_wconf 76' lang='grc' dir='ltr'>ὥστε</span> <span class='ocrx_word' id='word_1_157' title='bbox 802 1459 908 1523; x_wconf 82' lang='grc' dir='ltr'>κυρῶσαι</span> <span class='ocrx_word' id='word_1_158' title='bbox 953 1451 1011 1503; x_wconf 91' lang='grc' dir='ltr'>θίων</span> <span class='ocrx_word' id='word_1_159' title='bbox 1032 1455 1115 1523; x_wconf 82' lang='grc' dir='ltr'>χώρας</span> <span class='ocrx_word' id='word_1_160' title='bbox 1130 1451 1155 1505; x_wconf 88' lang='grc' dir='ltr'>ἐν</span> <span class='ocrx_word' id='word_1_161' title='bbox 1175 1452 1269 1524; x_wconf 77' lang='grc' dir='ltr'>θρᾴκῃ.</span> <span class='ocrx_word' id='word_1_162' title='bbox 1289 1451 1408 1505; x_wconf 84' lang='grc' dir='ltr'>ίίαλεῖται</span> <span class='ocrx_word' id='word_1_163' title='bbox 1429 1451 1455 1506; x_wconf 84' lang='grc' dir='ltr'>δέ</span> <span class='ocrx_word' id='word_1_164' title='bbox 1481 1453 1648 1520; x_wconf 85' lang='grc' dir='ltr'>πληθυντικῶς</span> <span class='ocrx_word' id='word_1_165' title='bbox 1674 1454 1739 1526; x_wconf 78' lang='grc' dir='ltr'>Ἱερά</span> 
     </span>
    </p>

    <p class='ocr_par' dir='ltr' id='par_1_11' title="bbox 126 1531 1797 1683">
     <span class='ocr_line' id='line_1_14' title="bbox 126 1531 1085 1604; baseline -0.003 -17"><span class='ocrx_word' id='word_1_166' title='bbox 126 1535 169 1587; x_wconf 84' lang='grc' dir='ltr'>τδν</span> <span class='ocrx_word' id='word_1_167' title='bbox 181 1535 271 1604; x_wconf 85' lang='grc' dir='ltr'>δῆμον.</span> <span class='ocrx_word' id='word_1_168' title='bbox 284 1535 393 1588; x_wconf 82' lang='lat' dir='ltr'><strong>BFLM.</strong></span> <span class='ocrx_word' id='word_1_169' title='bbox 952 1531 1007 1602; x_wconf 86' lang='grc' dir='ltr'>ύρη.</span> <span class='ocrx_word' id='word_1_170' title='bbox 1021 1533 1085 1586; x_wconf 86' lang='lat' dir='ltr'>LM.</span> 
     </span>
     <span class='ocr_line' id='line_1_15' title="bbox 160 1607 1797 1683; baseline 0.002 -19"><span class='ocrx_word' id='word_1_171' title='bbox 160 1611 224 1665; x_wconf 81' lang='grc' dir='ltr'>Ούδέ</span> <span class='ocrx_word' id='word_1_172' title='bbox 235 1610 465 1682; x_wconf 86' lang='grc' dir='ltr'>λύσειν-εἰρήνην]</span> <span class='ocrx_word' id='word_1_173' title='bbox 478 1611 529 1664; x_wconf 82' lang='grc' dir='ltr'>ἐπεί</span> <span class='ocrx_word' id='word_1_174' title='bbox 542 1617 568 1666; x_wconf 82' lang='grc' dir='ltr'>ἐν</span> <span class='ocrx_word' id='word_1_175' title='bbox 580 1611 669 1682; x_wconf 79' lang='grc' dir='ltr'>ύποήιίᾳ</span> <span class='ocrx_word' id='word_1_176' title='bbox 681 1607 711 1678; x_wconf 81' lang='grc' dir='ltr'>ἦν</span> <span class='ocrx_word' id='word_1_177' title='bbox 725 1611 909 1682; x_wconf 85' lang='grc' dir='ltr'>ίίερσοόλίπτης</span> <span class='ocrx_word' id='word_1_178' title='bbox 989 1615 1034 1681; x_wconf 87' lang='grc'>93.</span> <span class='ocrx_word' id='word_1_179' title='bbox 1051 1611 1102 1678; x_wconf 84' lang='grc' dir='ltr'>Τὴν</span> <span class='ocrx_word' id='word_1_180' title='bbox 1118 1611 1251 1683; x_wconf 80' lang='grc' dir='ltr'>άπιόολὴν]</span> <span class='ocrx_word' id='word_1_181' title='bbox 1268 1612 1345 1666; x_wconf 84' lang='grc' dir='ltr'>οίονεί</span> <span class='ocrx_word' id='word_1_182' title='bbox 1367 1613 1457 1683; x_wconf 81' lang='grc' dir='ltr'>ζημίαν</span> <span class='ocrx_word' id='word_1_183' title='bbox 1480 1613 1522 1666; x_wconf 79' lang='grc' dir='ltr'>καί</span> <span class='ocrx_word' id='word_1_184' title='bbox 1542 1616 1685 1681; x_wconf 86' lang='grc' dir='ltr'>καταδίκην.</span> <span class='ocrx_word' id='word_1_185' title='bbox 1705 1617 1737 1672; x_wconf 86' lang='lat' dir='ltr'>F.</span> <span class='ocrx_word' id='word_1_186' title='bbox 1794 1653 1797 1658; x_wconf 68' lang='lat'><em>,</em></span> 
     </span>
    </p>

    <p class='ocr_par' dir='ltr' id='par_1_12' title="bbox 125 1687 1362 1761">
     <span class='ocr_line' id='line_1_16' title="bbox 125 1687 1362 1761; baseline 0.002 -19"><span class='ocrx_word' id='word_1_187' title='bbox 125 1689 169 1755; x_wconf 89' lang='grc' dir='ltr'>(σύ</span> <span class='ocrx_word' id='word_1_188' title='bbox 181 1689 229 1760; x_wconf 78' lang='grc' dir='ltr'>γάρ</span> <span class='ocrx_word' id='word_1_189' title='bbox 240 1692 269 1742; x_wconf 88' lang='grc' dir='ltr'>ἀν</span> <span class='ocrx_word' id='word_1_190' title='bbox 278 1689 403 1760; x_wconf 85' lang='grc' dir='ltr'>ὡμήρευεν</span> <span class='ocrx_word' id='word_1_191' title='bbox 413 1689 427 1742; x_wconf 99' lang='lat'><strong>6</strong></span> <span class='ocrx_word' id='word_1_192' title='bbox 439 1691 496 1751; x_wconf 88' lang='grc' dir='ltr'>παῖς</span> <span class='ocrx_word' id='word_1_193' title='bbox 507 1688 607 1759; x_wconf 84' lang='grc' dir='ltr'>αἰιτοῦ),</span> <span class='ocrx_word' id='word_1_194' title='bbox 620 1690 648 1742; x_wconf 86' lang='grc' dir='ltr'>ού</span> <span class='ocrx_word' id='word_1_195' title='bbox 662 1690 743 1752; x_wconf 83' lang='grc' dir='ltr'>καλῶς</span> <span class='ocrx_word' id='word_1_196' title='bbox 755 1689 822 1760; x_wconf 82' lang='grc' dir='ltr'>ἔχει,</span> <span class='ocrx_word' id='word_1_197' title='bbox 838 1691 907 1761; x_wconf 85' lang='grc' dir='ltr'>φησί,</span> <span class='ocrx_word' id='word_1_198' title='bbox 954 1687 1005 1753; x_wconf 79' lang='grc' dir='ltr'>Τήν</span> <span class='ocrx_word' id='word_1_199' title='bbox 1017 1690 1119 1760; x_wconf 83' lang='grc' dir='ltr'>ζημίαν,</span> <span class='ocrx_word' id='word_1_200' title='bbox 1135 1689 1164 1742; x_wconf 89' lang='grc' dir='ltr'>τδ</span> <span class='ocrx_word' id='word_1_201' title='bbox 1180 1688 1309 1757; x_wconf 84' lang='grc' dir='ltr'>ἐπιτίμιον.</span> <span class='ocrx_word' id='word_1_202' title='bbox 1331 1691 1362 1744; x_wconf 89' lang='grc' dir='ltr'>Β.</span> 
     </span>
    </p>

    <p class='ocr_par' dir='ltr' id='par_1_13' title="bbox 126 1763 1741 1840">
     <span class='ocr_line' id='line_1_17' title="bbox 126 1763 1741 1840; baseline 0.001 -21"><span class='ocrx_word' id='word_1_203' title='bbox 126 1769 167 1820; x_wconf 85' lang='grc' dir='ltr'>διά</span> <span class='ocrx_word' id='word_1_204' title='bbox 185 1769 214 1821; x_wconf 85' lang='grc' dir='ltr'>τδ</span> <span class='ocrx_word' id='word_1_205' title='bbox 234 1771 321 1821; x_wconf 90' lang='grc' dir='ltr'>τοῦτον</span> <span class='ocrx_word' id='word_1_206' title='bbox 339 1765 489 1838; x_wconf 83' lang='grc' dir='ltr'>ἐγγραφῆναι</span> <span class='ocrx_word' id='word_1_207' title='bbox 511 1767 642 1839; x_wconf 87' lang='grc' dir='ltr'>σύμμαχον</span> <span class='ocrx_word' id='word_1_208' title='bbox 663 1768 763 1822; x_wconf 77' lang='grc' dir='ltr'>λόεσθαι</span> <span class='ocrx_word' id='word_1_209' title='bbox 786 1766 830 1834; x_wconf 78' lang='grc' dir='ltr'>τήν</span> <span class='ocrx_word' id='word_1_210' title='bbox 851 1769 909 1840; x_wconf 80' lang='grc' dir='ltr'>πρὸς</span> <span class='ocrx_word' id='word_1_211' title='bbox 989 1767 1041 1820; x_wconf 84' lang='grc' dir='ltr'>Οἰικ</span> <span class='ocrx_word' id='word_1_212' title='bbox 1060 1766 1175 1836; x_wconf 79' lang='grc' dir='ltr'>ἐπεξιὼν]</span> <span class='ocrx_word' id='word_1_213' title='bbox 1203 1766 1247 1820; x_wconf 89' lang='grc' dir='ltr'>οἰικ</span> <span class='ocrx_word' id='word_1_214' title='bbox 1271 1766 1381 1832; x_wconf 86' lang='grc' dir='ltr'>εἰσῆλθες</span> <span class='ocrx_word' id='word_1_215' title='bbox 1401 1764 1433 1827; x_wconf 86' lang='grc' dir='ltr'>εἰς</span> <span class='ocrx_word' id='word_1_216' title='bbox 1452 1763 1498 1831; x_wconf 83' lang='grc' dir='ltr'>τήν</span> <span class='ocrx_word' id='word_1_217' title='bbox 1519 1766 1545 1820; x_wconf 90' lang='grc' dir='ltr'>ἐν</span> <span class='ocrx_word' id='word_1_218' title='bbox 1570 1765 1650 1839; x_wconf 86' lang='grc' dir='ltr'>Ἀρείῳ</span> <span class='ocrx_word' id='word_1_219' title='bbox 1668 1771 1741 1840; x_wconf 85' lang='grc' dir='ltr'>πάγῳ</span> 
     </span>
    </p>

    <p class='ocr_par' dir='ltr' id='par_1_14' title="bbox 124 1843 1742 1995">
     <span class='ocr_line' id='line_1_18' title="bbox 124 1843 1741 1917; baseline 0.001 -18"><span class='ocrx_word' id='word_1_220' title='bbox 124 1847 251 1900; x_wconf 83' lang='grc' dir='ltr'>Φίλιππον</span> <span class='ocrx_word' id='word_1_221' title='bbox 265 1844 374 1917; x_wconf 89' lang='grc' dir='ltr'>εἰρήνην.</span> <span class='ocrx_word' id='word_1_222' title='bbox 390 1847 455 1899; x_wconf 82' lang='lat' dir='ltr'>LM.</span> <span class='ocrx_word' id='word_1_223' title='bbox 955 1845 1057 1914; x_wconf 85' lang='grc' dir='ltr'>βουλήν,</span> <span class='ocrx_word' id='word_1_224' title='bbox 1084 1843 1224 1916; x_wconf 83' lang='grc' dir='ltr'>Ἐγράψατο</span> <span class='ocrx_word' id='word_1_225' title='bbox 1244 1844 1292 1916; x_wconf 81' lang='grc' dir='ltr'>γάρ</span> <span class='ocrx_word' id='word_1_226' title='bbox 1313 1844 1327 1897; x_wconf 92' lang='lat'><strong>6</strong></span> <span class='ocrx_word' id='word_1_227' title='bbox 1349 1844 1505 1914; x_wconf 78' lang='grc' dir='ltr'>Δημοσθένης</span> <span class='ocrx_word' id='word_1_228' title='bbox 1526 1845 1674 1916; x_wconf 76' lang='grc' dir='ltr'>Δημομέλην</span> <span class='ocrx_word' id='word_1_229' title='bbox 1698 1848 1741 1900; x_wconf 79' lang='grc' dir='ltr'>τὀν</span> 
     </span>
     <span class='ocr_line' id='line_1_19' title="bbox 163 1921 1742 1995; baseline 0 -19"><span class='ocrx_word' id='word_1_230' title='bbox 163 1923 228 1976; x_wconf 83' lang='grc' dir='ltr'>Οῦδί</span> <span class='ocrx_word' id='word_1_231' title='bbox 249 1925 464 1995; x_wconf 84' lang='grc' dir='ltr'>γινώσκειν-τῶν</span> <span class='ocrx_word' id='word_1_232' title='bbox 485 1923 569 1994; x_wconf 83' lang='grc' dir='ltr'>ίεριῗιν]</span> <span class='ocrx_word' id='word_1_233' title='bbox 585 1921 617 1976; x_wconf 86' lang='grc' dir='ltr'><em>Ἥ</em></span> <span class='ocrx_word' id='word_1_234' title='bbox 633 1923 741 1986; x_wconf 80' lang='grc' dir='ltr'>σύνταξις</span> <span class='ocrx_word' id='word_1_235' title='bbox 754 1923 831 1986; x_wconf 87' lang='grc' dir='ltr'>οίίτως</span> <span class='ocrx_word' id='word_1_236' title='bbox 845 1923 906 1994; x_wconf 81' lang='grc' dir='ltr'>ἔχει·</span> <span class='ocrx_word' id='word_1_237' title='bbox 954 1923 1051 1994; x_wconf 85' lang='grc' dir='ltr'>ἀνεψιόν</span> <span class='ocrx_word' id='word_1_238' title='bbox 1067 1923 1204 1992; x_wconf 89' lang='grc' dir='ltr'>τραύματος</span> <span class='ocrx_word' id='word_1_239' title='bbox 1221 1923 1248 1980; x_wconf 79' lang='grc' dir='ltr'>ἐκ</span> <span class='ocrx_word' id='word_1_240' title='bbox 1260 1923 1388 1994; x_wconf 85' lang='grc' dir='ltr'>προνοίας,</span> <span class='ocrx_word' id='word_1_241' title='bbox 1400 1922 1442 1974; x_wconf 79' lang='grc' dir='ltr'>καί</span> <span class='ocrx_word' id='word_1_242' title='bbox 1452 1923 1742 1992; x_wconf 85' lang='grc' dir='ltr'>δωροδοκηθείςούκείσ-</span> 
     </span>
    </p>

    <p class='ocr_par' dir='ltr' id='par_1_15' title="bbox 126 2000 1721 2073">
     <span class='ocr_line' id='line_1_20' title="bbox 126 2000 1721 2073; baseline 0.001 -18"><span class='ocrx_word' id='word_1_243' title='bbox 126 2003 169 2056; x_wconf 73' lang='grc' dir='ltr'>καλΙ</span> <span class='ocrx_word' id='word_1_244' title='bbox 183 2001 227 2054; x_wconf 87' lang='grc' dir='ltr'>ούκ</span> <span class='ocrx_word' id='word_1_245' title='bbox 247 2001 291 2072; x_wconf 82' lang='grc' dir='ltr'>ἔφη</span> <span class='ocrx_word' id='word_1_246' title='bbox 307 2003 436 2072; x_wconf 83' lang='grc' dir='ltr'>γινώσκειν</span> <span class='ocrx_word' id='word_1_247' title='bbox 450 2003 506 2064; x_wconf 80' lang='grc' dir='ltr'>τούς</span> <span class='ocrx_word' id='word_1_248' title='bbox 524 2003 747 2073; x_wconf 76' lang='grc' dir='ltr'>συνεφαπτομένους</span> <span class='ocrx_word' id='word_1_249' title='bbox 758 2006 800 2070; x_wconf 81' lang='grc' dir='ltr'>τῆς</span> <span class='ocrx_word' id='word_1_250' title='bbox 815 2001 910 2073; x_wconf 76' lang='grc' dir='ltr'>εἰρήνης</span> <span class='ocrx_word' id='word_1_251' title='bbox 954 2003 1038 2069; x_wconf 81' lang='grc' dir='ltr'>ῆλθεν.</span> <span class='ocrx_word' id='word_1_252' title='bbox 1057 2000 1191 2068; x_wconf 77' lang='grc' dir='ltr'>Ἐπιόολήν</span> <span class='ocrx_word' id='word_1_253' title='bbox 1207 2002 1233 2056; x_wconf 83' lang='grc' dir='ltr'>δέ</span> <span class='ocrx_word' id='word_1_254' title='bbox 1248 2001 1325 2056; x_wconf 77' lang='grc' dir='ltr'>οἱονεὶ</span> <span class='ocrx_word' id='word_1_255' title='bbox 1342 2002 1433 2072; x_wconf 85' lang='grc' dir='ltr'>ζημίαν</span> <span class='ocrx_word' id='word_1_256' title='bbox 1445 2001 1487 2054; x_wconf 82' lang='grc' dir='ltr'>καί</span> <span class='ocrx_word' id='word_1_257' title='bbox 1500 2003 1642 2069; x_wconf 87' lang='grc' dir='ltr'>καταδίκην.</span> <span class='ocrx_word' id='word_1_258' title='bbox 1658 2005 1721 2059; x_wconf 88' lang='lat' dir='ltr'>LM.</span> 
     </span>
    </p>

    <p class='ocr_par' dir='ltr' id='par_1_16' title="bbox 127 2079 1742 2152">
     <span class='ocr_line' id='line_1_21' title="bbox 127 2079 1742 2152; baseline 0.001 -18"><span class='ocrx_word' id='word_1_259' title='bbox 127 2083 213 2152; x_wconf 87' lang='grc' dir='ltr'>(λέγει</span> <span class='ocrx_word' id='word_1_260' title='bbox 224 2080 251 2134; x_wconf 87' lang='grc' dir='ltr'>δέ</span> <span class='ocrx_word' id='word_1_261' title='bbox 259 2080 302 2133; x_wconf 83' lang='grc' dir='ltr'>τόν</span> <span class='ocrx_word' id='word_1_262' title='bbox 314 2081 518 2151; x_wconf 77' lang='grc' dir='ltr'>Κερσοθλίπτην]</span> <span class='ocrx_word' id='word_1_263' title='bbox 530 2083 611 2152; x_wconf 76' lang='grc' dir='ltr'>ὥσπερ</span> <span class='ocrx_word' id='word_1_264' title='bbox 621 2081 649 2133; x_wconf 87' lang='grc' dir='ltr'>οἰι</span> <span class='ocrx_word' id='word_1_265' title='bbox 660 2083 790 2152; x_wconf 84' lang='grc' dir='ltr'>γινώσκειν</span> <span class='ocrx_word' id='word_1_266' title='bbox 801 2081 845 2152; x_wconf 86' lang='grc' dir='ltr'>ἔφη</span> <span class='ocrx_word' id='word_1_267' title='bbox 858 2085 910 2143; x_wconf 89' lang='grc' dir='ltr'>τοῖς</span> <span class='ocrx_word' id='word_1_268' title='bbox 993 2079 1292 2152; x_wconf 77' lang='grc' dir='ltr'>Ἐπιτεμὼν-κεραλὴν]</span> <span class='ocrx_word' id='word_1_269' title='bbox 1308 2080 1380 2134; x_wconf 83' lang='grc' dir='ltr'>Θέλει</span> <span class='ocrx_word' id='word_1_270' title='bbox 1396 2079 1472 2133; x_wconf 89' lang='grc' dir='ltr'>εἰπεῖν</span> <span class='ocrx_word' id='word_1_271' title='bbox 1491 2080 1524 2142; x_wconf 83' lang='grc' dir='ltr'>ιίις</span> <span class='ocrx_word' id='word_1_272' title='bbox 1536 2081 1574 2134; x_wconf 86' lang='grc' dir='ltr'>δτι</span> <span class='ocrx_word' id='word_1_273' title='bbox 1587 2080 1642 2134; x_wconf 87' lang='grc' dir='ltr'>ούδέ</span> <span class='ocrx_word' id='word_1_274' title='bbox 1660 2082 1674 2134; x_wconf 90' lang='grc' dir='ltr'>ό</span> <span class='ocrx_word' id='word_1_275' title='bbox 1688 2081 1742 2135; x_wconf 87' lang='grc' dir='ltr'>ἀνε-</span> 
     </span>
    </p>

    <p class='ocr_par' dir='ltr' id='par_1_17' title="bbox 127 2157 1743 2232">
     <span class='ocr_line' id='line_1_22' title="bbox 127 2157 1743 2232; baseline -0.002 -17"><span class='ocrx_word' id='word_1_276' title='bbox 127 2161 257 2214; x_wconf 79' lang='grc' dir='ltr'>σπένδουσι</span> <span class='ocrx_word' id='word_1_277' title='bbox 270 2160 325 2222; x_wconf 80' lang='grc' dir='ltr'>τούς</span> <span class='ocrx_word' id='word_1_278' title='bbox 336 2161 560 2231; x_wconf 85' lang='grc' dir='ltr'>συνεφαπτομένους</span> <span class='ocrx_word' id='word_1_279' title='bbox 572 2166 620 2213; x_wconf 82' lang='grc' dir='ltr'>τῶν</span> <span class='ocrx_word' id='word_1_280' title='bbox 633 2161 713 2230; x_wconf 85' lang='grc' dir='ltr'>ίερῶν.</span> <span class='ocrx_word' id='word_1_281' title='bbox 726 2163 756 2216; x_wconf 84' lang='lat' dir='ltr'>F.</span> <span class='ocrx_word' id='word_1_282' title='bbox 776 2159 847 2214; x_wconf 83' lang='grc' dir='ltr'>Ἐπεί</span> <span class='ocrx_word' id='word_1_283' title='bbox 858 2161 911 2232; x_wconf 86' lang='grc' dir='ltr'>ίερδι</span> <span class='ocrx_word' id='word_1_284' title='bbox 954 2159 1006 2231; x_wconf 70' lang='grc' dir='ltr'>ἰριδς</span> <span class='ocrx_word' id='word_1_285' title='bbox 1027 2159 1101 2212; x_wconf 88' lang='grc' dir='ltr'>αἰιτοῦ</span> <span class='ocrx_word' id='word_1_286' title='bbox 1114 2159 1287 2231; x_wconf 84' lang='grc' dir='ltr'>ἐτραυμάτισεν</span> <span class='ocrx_word' id='word_1_287' title='bbox 1303 2159 1392 2222; x_wconf 85' lang='grc' dir='ltr'>αῦτδν,</span> <span class='ocrx_word' id='word_1_288' title='bbox 1415 2157 1473 2210; x_wconf 87' lang='grc' dir='ltr'>ἀλλ’</span> <span class='ocrx_word' id='word_1_289' title='bbox 1492 2159 1563 2220; x_wconf 85' lang='grc' dir='ltr'>αῦτδς</span> <span class='ocrx_word' id='word_1_290' title='bbox 1578 2157 1680 2223; x_wconf 84' lang='grc' dir='ltr'>έαυτδν,</span> <span class='ocrx_word' id='word_1_291' title='bbox 1699 2161 1743 2212; x_wconf 81' lang='grc' dir='ltr'>ἵνα</span> 
     </span>
    </p>

    <p class='ocr_par' dir='ltr' id='par_1_18' title="bbox 126 2238 1742 2312">
     <span class='ocr_line' id='line_1_23' title="bbox 126 2238 1742 2312; baseline -0.001 -21"><span class='ocrx_word' id='word_1_292' title='bbox 126 2241 222 2310; x_wconf 86' lang='grc' dir='ltr'>γίνεται</span> <span class='ocrx_word' id='word_1_293' title='bbox 235 2239 260 2292; x_wconf 88' lang='grc' dir='ltr'>ἰν</span> <span class='ocrx_word' id='word_1_294' title='bbox 275 2241 329 2301; x_wconf 87' lang='grc' dir='ltr'>τοῖς</span> <span class='ocrx_word' id='word_1_295' title='bbox 346 2240 426 2310; x_wconf 84' lang='grc' dir='ltr'>θρκοις</span> <span class='ocrx_word' id='word_1_296' title='bbox 437 2242 480 2305; x_wconf 84' lang='grc' dir='ltr'>τῆς</span> <span class='ocrx_word' id='word_1_297' title='bbox 500 2239 641 2309; x_wconf 86' lang='grc' dir='ltr'>συμμαχίας</span> <span class='ocrx_word' id='word_1_298' title='bbox 654 2239 695 2291; x_wconf 89' lang='grc' dir='ltr'>καί</span> <span class='ocrx_word' id='word_1_299' title='bbox 713 2239 817 2310; x_wconf 88' lang='grc' dir='ltr'>εἰρήνης.</span> <span class='ocrx_word' id='word_1_300' title='bbox 856 2239 910 2310; x_wconf 84' lang='grc' dir='ltr'>ῡύχ</span> <span class='ocrx_word' id='word_1_301' title='bbox 955 2240 1126 2312; x_wconf 84' lang='grc' dir='ltr'>σνκοφαντήσῃ</span> <span class='ocrx_word' id='word_1_302' title='bbox 1153 2239 1258 2296; x_wconf 80' lang='grc' dir='ltr'>ἐκεῖνον.</span> <span class='ocrx_word' id='word_1_303' title='bbox 1278 2241 1365 2297; x_wconf 88' lang='lat' dir='ltr'><strong>FLM.</strong></span> <span class='ocrx_word' id='word_1_304' title='bbox 1384 2238 1548 2292; x_wconf 83' lang='grc' dir='ltr'>Διαόάλλεται</span> <span class='ocrx_word' id='word_1_305' title='bbox 1565 2239 1613 2310; x_wconf 79' lang='grc' dir='ltr'>γὰρ</span> <span class='ocrx_word' id='word_1_306' title='bbox 1628 2239 1641 2291; x_wconf 93' lang='lat'><strong>6</strong></span> <span class='ocrx_word' id='word_1_307' title='bbox 1658 2241 1742 2310; x_wconf 80' lang='grc' dir='ltr'>Δημω-</span> 
     </span>
    </p>

    <p class='ocr_par' dir='ltr' id='par_1_19' title="bbox 126 2315 1741 2391">
     <span class='ocr_line' id='line_1_24' title="bbox 126 2315 1741 2391; baseline 0.002 -22"><span class='ocrx_word' id='word_1_308' title='bbox 126 2318 187 2388; x_wconf 84' lang='grc' dir='ltr'>όρῶ,</span> <span class='ocrx_word' id='word_1_309' title='bbox 202 2318 275 2388; x_wconf 90' lang='grc' dir='ltr'>φησί,</span> <span class='ocrx_word' id='word_1_310' title='bbox 285 2317 328 2371; x_wconf 84' lang='grc' dir='ltr'>τδν</span> <span class='ocrx_word' id='word_1_311' title='bbox 339 2317 481 2388; x_wconf 87' lang='grc' dir='ltr'>σύμμαχον,</span> <span class='ocrx_word' id='word_1_312' title='bbox 491 2319 518 2379; x_wconf 80' lang='grc' dir='ltr'>’ὸς</span> <span class='ocrx_word' id='word_1_313' title='bbox 527 2315 606 2369; x_wconf 86' lang='grc' dir='ltr'>αύτῶν</span> <span class='ocrx_word' id='word_1_314' title='bbox 618 2318 700 2387; x_wconf 90' lang='grc' dir='ltr'>μόνων</span> <span class='ocrx_word' id='word_1_315' title='bbox 708 2323 756 2370; x_wconf 85' lang='grc' dir='ltr'>τῶν</span> <span class='ocrx_word' id='word_1_316' title='bbox 770 2318 841 2388; x_wconf 78' lang='grc' dir='ltr'>ίεριῒιν</span> <span class='ocrx_word' id='word_1_317' title='bbox 854 2317 911 2388; x_wconf 83' lang='grc' dir='ltr'>ἐρά-</span> <span class='ocrx_word' id='word_1_318' title='bbox 955 2322 1041 2387; x_wconf 80' lang='grc' dir='ltr'>σθίνης</span> <span class='ocrx_word' id='word_1_319' title='bbox 1053 2321 1085 2382; x_wconf 81' lang='grc' dir='ltr'>ὡς</span> <span class='ocrx_word' id='word_1_320' title='bbox 1104 2318 1226 2391; x_wconf 77' lang='grc' dir='ltr'>ἐπιτεμὼν</span> <span class='ocrx_word' id='word_1_321' title='bbox 1247 2319 1333 2373; x_wconf 75' lang='grc' dir='ltr'>ἑαυτοῦ</span> <span class='ocrx_word' id='word_1_322' title='bbox 1347 2315 1391 2383; x_wconf 81' lang='grc' dir='ltr'>τήν</span> <span class='ocrx_word' id='word_1_323' title='bbox 1401 2315 1510 2388; x_wconf 83' lang='grc' dir='ltr'>κεφαλὴν</span> <span class='ocrx_word' id='word_1_324' title='bbox 1523 2319 1644 2390; x_wconf 70' lang='grc' dir='ltr'>ἐγράψατο</span> <span class='ocrx_word' id='word_1_325' title='bbox 1660 2321 1741 2390; x_wconf 89' lang='grc' dir='ltr'>Δημο-</span> 
     </span>
    </p>

    <p class='ocr_par' dir='ltr' id='par_1_20' title="bbox 129 2395 1604 2472">
     <span class='ocr_line' id='line_1_25' title="bbox 129 2395 1604 2472; baseline 0.002 -20"><span class='ocrx_word' id='word_1_326' title='bbox 129 2417 228 2463; x_wconf 81' lang='grc' dir='ltr'>πτεται,</span> <span class='ocrx_word' id='word_1_327' title='bbox 243 2399 324 2468; x_wconf 77' lang='grc' dir='ltr'>ὥσπερ</span> <span class='ocrx_word' id='word_1_328' title='bbox 336 2397 360 2449; x_wconf 89' lang='grc' dir='ltr'>οί</span> <span class='ocrx_word' id='word_1_329' title='bbox 374 2399 528 2462; x_wconf 82' lang='grc' dir='ltr'>σπένδοντες,</span> <span class='ocrx_word' id='word_1_330' title='bbox 540 2397 574 2458; x_wconf 75' lang='grc' dir='ltr'>ιὀς</span> <span class='ocrx_word' id='word_1_331' title='bbox 600 2396 628 2448; x_wconf 86' lang='grc' dir='ltr'>ού</span> <span class='ocrx_word' id='word_1_332' title='bbox 642 2398 811 2468; x_wconf 78' lang='grc' dir='ltr'>παρεχομένου</span> <span class='ocrx_word' id='word_1_333' title='bbox 825 2395 911 2450; x_wconf 75' lang='grc' dir='ltr'>ἑαυτὸν</span> <span class='ocrx_word' id='word_1_334' title='bbox 957 2400 1043 2472; x_wconf 81' lang='grc' dir='ltr'>μέλην.</span> <span class='ocrx_word' id='word_1_335' title='bbox 1057 2399 1108 2452; x_wconf 81' lang='grc' dir='ltr'>Ἦν</span> <span class='ocrx_word' id='word_1_336' title='bbox 1123 2399 1148 2452; x_wconf 85' lang='grc' dir='ltr'>δέ</span> <span class='ocrx_word' id='word_1_337' title='bbox 1161 2399 1308 2470; x_wconf 82' lang='grc' dir='ltr'>Δημομέλης</span> <span class='ocrx_word' id='word_1_338' title='bbox 1329 2397 1424 2468; x_wconf 76' lang='grc' dir='ltr'>ἀνεψιός</span> <span class='ocrx_word' id='word_1_339' title='bbox 1443 2397 1528 2452; x_wconf 90' lang='grc' dir='ltr'>αἰιτοῦ.</span> <span class='ocrx_word' id='word_1_340' title='bbox 1541 2401 1604 2454; x_wconf 85' lang='lat' dir='ltr'>LM.</span> 
     </span>
    </p>

    <p class='ocr_par' dir='ltr' id='par_1_21' title="bbox 127 2473 1743 2624">
     <span class='ocr_line' id='line_1_26' title="bbox 127 2473 1743 2548; baseline -0.004 -12"><span class='ocrx_word' id='word_1_341' title='bbox 127 2480 172 2530; x_wconf 71' lang='grc' dir='ltr'>τοῦ</span> <span class='ocrx_word' id='word_1_342' title='bbox 184 2475 367 2546; x_wconf 68' lang='grc' dir='ltr'>Κῑρῦῡὸλέπῐῦυ</span> <span class='ocrx_word' id='word_1_343' title='bbox 382 2473 414 2536; x_wconf 73' lang='grc' dir='ltr'>Εἰς</span> <span class='ocrx_word' id='word_1_344' title='bbox 423 2474 504 2528; x_wconf 69' lang='grc' dir='ltr'>τᾶλλα</span> <span class='ocrx_word' id='word_1_345' title='bbox 518 2473 548 2526; x_wconf 79' lang='grc' dir='ltr'>τὰ</span> <span class='ocrx_word' id='word_1_346' title='bbox 562 2473 708 2545; x_wconf 73' lang='grc' dir='ltr'>συμμαχικὰ</span> <span class='ocrx_word' id='word_1_347' title='bbox 722 2473 812 2528; x_wconf 86' lang='grc' dir='ltr'>δίκαια.</span> <span class='ocrx_word' id='word_1_348' title='bbox 832 2475 896 2530; x_wconf 87' lang='lat' dir='ltr'>LM.</span> <span class='ocrx_word' id='word_1_349' title='bbox 992 2479 1108 2545; x_wconf 88' lang='grc' dir='ltr'>Τούτοις]</span> <span class='ocrx_word' id='word_1_350' title='bbox 1119 2480 1170 2539; x_wconf 88' lang='grc' dir='ltr'>τοῖς</span> <span class='ocrx_word' id='word_1_351' title='bbox 1183 2479 1309 2538; x_wconf 88' lang='grc' dir='ltr'>δικασταῖς</span> <span class='ocrx_word' id='word_1_352' title='bbox 1326 2475 1368 2528; x_wconf 82' lang='grc' dir='ltr'>καί</span> <span class='ocrx_word' id='word_1_353' title='bbox 1382 2480 1434 2538; x_wconf 86' lang='grc' dir='ltr'>τοῖς</span> <span class='ocrx_word' id='word_1_354' title='bbox 1447 2478 1638 2547; x_wconf 89' lang='grc' dir='ltr'>περιεστηκόσιν.</span> <span class='ocrx_word' id='word_1_355' title='bbox 1654 2477 1743 2548; x_wconf 84' lang='grc' dir='ltr'>Γράφε·</span> 
     </span>
     <span class='ocr_line' id='line_1_27' title="bbox 168 2551 1224 2624; baseline -0.001 -16"><span class='ocrx_word' id='word_1_356' title='bbox 168 2552 508 2624; x_wconf 80' lang='grc' dir='ltr'>Ἀποδοθῆναι-ἰκκλησίαν]</span> <span class='ocrx_word' id='word_1_357' title='bbox 519 2553 586 2619; x_wconf 87' lang='grc' dir='ltr'>Ἤδη</span> <span class='ocrx_word' id='word_1_358' title='bbox 596 2551 644 2623; x_wconf 83' lang='grc' dir='ltr'>γάρ</span> <span class='ocrx_word' id='word_1_359' title='bbox 654 2551 859 2623; x_wconf 80' lang='grc' dir='ltr'>προεγεγένητοὴ</span> <span class='ocrx_word' id='word_1_360' title='bbox 874 2551 913 2606; x_wconf 86' lang='grc' dir='ltr'>ἐκ·</span> <span class='ocrx_word' id='word_1_361' title='bbox 957 2577 996 2611; x_wconf 77' lang='grc' dir='ltr'>ται</span> <span class='ocrx_word' id='word_1_362' title='bbox 1011 2558 1052 2610; x_wconf 76' lang='grc' dir='ltr'>καί</span> <span class='ocrx_word' id='word_1_363' title='bbox 1066 2560 1149 2611; x_wconf 83' lang='grc' dir='ltr'>τοῦτο.</span> <span class='ocrx_word' id='word_1_364' title='bbox 1167 2559 1224 2612; x_wconf 90' lang='lat' dir='ltr'>BL.</span> 
     </span>
    </p>

    <p class='ocr_par' dir='ltr' id='par_1_22' title="bbox 127 2629 1744 2706">
     <span class='ocr_line' id='line_1_28' title="bbox 127 2629 1744 2706; baseline 0.001 -20"><span class='ocrx_word' id='word_1_365' title='bbox 127 2633 234 2701; x_wconf 89' lang='grc' dir='ltr'>κλησία,</span> <span class='ocrx_word' id='word_1_366' title='bbox 248 2632 272 2686; x_wconf 88' lang='grc' dir='ltr'>ἐν</span> <span class='ocrx_word' id='word_1_367' title='bbox 292 2630 308 2706; x_wconf 82' lang='grc' dir='ltr'><strong>ᾖ</strong></span> <span class='ocrx_word' id='word_1_368' title='bbox 323 2633 378 2704; x_wconf 84' lang='grc' dir='ltr'>περί</span> <span class='ocrx_word' id='word_1_369' title='bbox 392 2637 435 2700; x_wconf 82' lang='grc' dir='ltr'>τῆς</span> <span class='ocrx_word' id='word_1_370' title='bbox 450 2631 546 2702; x_wconf 85' lang='grc' dir='ltr'>εἰρήνης</span> <span class='ocrx_word' id='word_1_371' title='bbox 560 2629 731 2696; x_wconf 81' lang='grc' dir='ltr'>ἐῦσυλεύοντο,</span> <span class='ocrx_word' id='word_1_372' title='bbox 754 2632 807 2684; x_wconf 91' lang='grc' dir='ltr'>καθ’</span> <span class='ocrx_word' id='word_1_373' title='bbox 822 2632 851 2698; x_wconf 84' lang='grc' dir='ltr'>ἣν</span> <span class='ocrx_word' id='word_1_374' title='bbox 869 2631 912 2685; x_wconf 87' lang='grc' dir='ltr'>τδν</span> <span class='ocrx_word' id='word_1_375' title='bbox 991 2635 1085 2703; x_wconf 90' lang='grc' dir='ltr'>Νόθος]</span> <span class='ocrx_word' id='word_1_376' title='bbox 1100 2633 1128 2688; x_wconf 89' lang='grc' dir='ltr'>ού</span> <span class='ocrx_word' id='word_1_377' title='bbox 1140 2635 1181 2687; x_wconf 83' lang='grc' dir='ltr'>διθι</span> <span class='ocrx_word' id='word_1_378' title='bbox 1194 2635 1222 2688; x_wconf 88' lang='grc' dir='ltr'>τδ</span> <span class='ocrx_word' id='word_1_379' title='bbox 1233 2633 1259 2687; x_wconf 83' lang='grc' dir='ltr'>ἐκ</span> <span class='ocrx_word' id='word_1_380' title='bbox 1269 2633 1420 2696; x_wconf 86' lang='grc' dir='ltr'>παλλακίδος</span> <span class='ocrx_word' id='word_1_381' title='bbox 1433 2633 1514 2698; x_wconf 82' lang='grc' dir='ltr'>εἶναι,</span> <span class='ocrx_word' id='word_1_382' title='bbox 1531 2633 1597 2687; x_wconf 84' lang='grc' dir='ltr'>ἀλλά</span> <span class='ocrx_word' id='word_1_383' title='bbox 1609 2635 1637 2688; x_wconf 86' lang='grc' dir='ltr'>τδ</span> <span class='ocrx_word' id='word_1_384' title='bbox 1652 2635 1677 2688; x_wconf 86' lang='grc' dir='ltr'>ἐκ</span> <span class='ocrx_word' id='word_1_385' title='bbox 1692 2637 1744 2688; x_wconf 84' lang='grc' dir='ltr'>δια·</span> 
     </span>
    </p>

    <p class='ocr_par' dir='ltr' id='par_1_23' title="bbox 130 2709 1741 2785">
     <span class='ocr_line' id='line_1_29' title="bbox 130 2709 1741 2785; baseline 0.003 -20"><span class='ocrx_word' id='word_1_386' title='bbox 130 2711 295 2784; x_wconf 83' lang='grc' dir='ltr'>ίίριτόῦουλον</span> <span class='ocrx_word' id='word_1_387' title='bbox 310 2711 378 2774; x_wconf 81' lang='grc' dir='ltr'>ἀξιοῖ</span> <span class='ocrx_word' id='word_1_388' title='bbox 386 2713 585 2782; x_wconf 85' lang='grc' dir='ltr'>παραγενόμενον</span> <span class='ocrx_word' id='word_1_389' title='bbox 602 2712 657 2764; x_wconf 93' lang='grc' dir='ltr'>τότε</span> <span class='ocrx_word' id='word_1_390' title='bbox 673 2709 712 2764; x_wconf 84' lang='grc' dir='ltr'>ἐπί</span> <span class='ocrx_word' id='word_1_391' title='bbox 727 2710 817 2778; x_wconf 87' lang='grc' dir='ltr'>ταύτην</span> <span class='ocrx_word' id='word_1_392' title='bbox 837 2711 913 2764; x_wconf 87' lang='grc' dir='ltr'>ύπαν-</span> <span class='ocrx_word' id='word_1_393' title='bbox 957 2715 1032 2785; x_wconf 88' lang='grc' dir='ltr'>φόρου</span> <span class='ocrx_word' id='word_1_394' title='bbox 1040 2715 1134 2785; x_wconf 88' lang='grc' dir='ltr'>γένους,</span> <span class='ocrx_word' id='word_1_395' title='bbox 1143 2713 1272 2784; x_wconf 80' lang='grc' dir='ltr'>ὥσπερτύν</span> <span class='ocrx_word' id='word_1_396' title='bbox 1280 2711 1385 2784; x_wconf 79' lang='grc' dir='ltr'>ἡμίονον</span> <span class='ocrx_word' id='word_1_397' title='bbox 1397 2713 1503 2784; x_wconf 87' lang='grc' dir='ltr'>λέγομεν</span> <span class='ocrx_word' id='word_1_398' title='bbox 1512 2715 1584 2767; x_wconf 89' lang='grc' dir='ltr'>νόθον</span> <span class='ocrx_word' id='word_1_399' title='bbox 1595 2713 1741 2770; x_wconf 71' lang='grc' dir='ltr'>εἰναι.ἰ.θί.</span> 
     </span>
    </p>

    <p class='ocr_par' dir='ltr' id='par_1_24' title="bbox 129 2788 1743 2864">
     <span class='ocr_line' id='line_1_30' title="bbox 129 2788 1743 2864; baseline 0.002 -20"><span class='ocrx_word' id='word_1_400' title='bbox 129 2795 193 2856; x_wconf 78' lang='grc' dir='ltr'>τᾶν,</span> <span class='ocrx_word' id='word_1_401' title='bbox 207 2789 241 2862; x_wconf 78' lang='grc' dir='ltr'>μὴ</span> <span class='ocrx_word' id='word_1_402' title='bbox 252 2792 293 2844; x_wconf 88' lang='grc' dir='ltr'>θτε</span> <span class='ocrx_word' id='word_1_403' title='bbox 307 2789 386 2856; x_wconf 83' lang='grc' dir='ltr'>ἐκείνη</span> <span class='ocrx_word' id='word_1_404' title='bbox 402 2788 494 2856; x_wconf 82' lang='grc' dir='ltr'>ἐξῆκεν.</span> <span class='ocrx_word' id='word_1_405' title='bbox 510 2789 678 2860; x_wconf 74' lang='grc' dir='ltr'>Κριτόῦουλος</span> <span class='ocrx_word' id='word_1_406' title='bbox 691 2789 717 2842; x_wconf 84' lang='grc' dir='ltr'>δέ</span> <span class='ocrx_word' id='word_1_407' title='bbox 731 2789 914 2860; x_wconf 80' lang='grc' dir='ltr'>ίίερσούλέπτου</span> <span class='ocrx_word' id='word_1_408' title='bbox 994 2798 1038 2862; x_wconf 71' lang='grc'>94.</span> <span class='ocrx_word' id='word_1_409' title='bbox 1061 2791 1245 2864; x_wconf 86' lang='grc' dir='ltr'>Ἀμφικτύονας]</span> <span class='ocrx_word' id='word_1_410' title='bbox 1262 2793 1300 2846; x_wconf 82' lang='grc' dir='ltr'>ότι</span> <span class='ocrx_word' id='word_1_411' title='bbox 1319 2793 1425 2860; x_wconf 84' lang='grc' dir='ltr'>Θηόαῖοι</span> <span class='ocrx_word' id='word_1_412' title='bbox 1437 2793 1479 2845; x_wconf 82' lang='grc' dir='ltr'>καὶ</span> <span class='ocrx_word' id='word_1_413' title='bbox 1498 2793 1619 2846; x_wconf 81' lang='grc' dir='ltr'>θετταλοί</span> <span class='ocrx_word' id='word_1_414' title='bbox 1637 2795 1679 2846; x_wconf 84' lang='grc' dir='ltr'>καί</span> <span class='ocrx_word' id='word_1_415' title='bbox 1695 2796 1743 2847; x_wconf 82' lang='grc' dir='ltr'>Δυ-</span> 
     </span>
    </p>

    <p class='ocr_par' dir='ltr' id='par_1_25' title="bbox 128 2868 1745 3022">
     <span class='ocr_line' id='line_1_31' title="bbox 128 2868 1744 2942; baseline 0 -19"><span class='ocrx_word' id='word_1_416' title='bbox 128 2874 174 2924; x_wconf 91' lang='grc' dir='ltr'>τοῦ</span> <span class='ocrx_word' id='word_1_417' title='bbox 188 2869 281 2940; x_wconf 72' lang='grc' dir='ltr'>Θρᾳκὸς</span> <span class='ocrx_word' id='word_1_418' title='bbox 292 2869 409 2940; x_wconf 84' lang='grc' dir='ltr'>βασιλέως</span> <span class='ocrx_word' id='word_1_419' title='bbox 420 2868 574 2939; x_wconf 82' lang='grc' dir='ltr'>πρεσόευτής.</span> <span class='ocrx_word' id='word_1_420' title='bbox 594 2870 658 2923; x_wconf 79' lang='lat' dir='ltr'>LM.</span> <span class='ocrx_word' id='word_1_421' title='bbox 803 2933 806 2940; x_wconf 18' lang='grc' dir='ltr'><strong><em>Δ</em></strong></span> <span class='ocrx_word' id='word_1_422' title='bbox 959 2872 1013 2942; x_wconf 85' lang='grc' dir='ltr'>κροί</span> <span class='ocrx_word' id='word_1_423' title='bbox 1030 2875 1135 2938; x_wconf 81' lang='grc' dir='ltr'>συνῆσαν</span> <span class='ocrx_word' id='word_1_424' title='bbox 1152 2877 1187 2942; x_wconf 78' lang='grc' dir='ltr'>τῷ</span> <span class='ocrx_word' id='word_1_425' title='bbox 1203 2870 1321 2942; x_wconf 78' lang='grc' dir='ltr'>Φιλίππῳ</span> <span class='ocrx_word' id='word_1_426' title='bbox 1340 2869 1506 2941; x_wconf 86' lang='grc' dir='ltr'>Ἀμφικτύονες</span> <span class='ocrx_word' id='word_1_427' title='bbox 1526 2871 1602 2932; x_wconf 88' lang='grc' dir='ltr'>όντες.</span> <span class='ocrx_word' id='word_1_428' title='bbox 1644 2870 1688 2924; x_wconf 80' lang='grc' dir='ltr'>Ἐκ</span> <span class='ocrx_word' id='word_1_429' title='bbox 1700 2876 1744 2924; x_wconf 87' lang='grc' dir='ltr'>τοῦ</span> 
     </span>
     <span class='ocr_line' id='line_1_32' title="bbox 166 2945 1745 3022; baseline 0.003 -22"><span class='ocrx_word' id='word_1_430' title='bbox 166 2948 214 2999; x_wconf 84' lang='grc' dir='ltr'>Παί</span> <span class='ocrx_word' id='word_1_431' title='bbox 224 2948 280 3008; x_wconf 78' lang='grc' dir='ltr'>τοῦς</span> <span class='ocrx_word' id='word_1_432' title='bbox 295 2946 617 3018; x_wconf 82' lang='grc' dir='ltr'>προέδρους-καλούντων]</span> <span class='ocrx_word' id='word_1_433' title='bbox 633 2947 698 3008; x_wconf 80' lang='grc' dir='ltr'>ὅπως</span> <span class='ocrx_word' id='word_1_434' title='bbox 713 2945 860 3010; x_wconf 77' lang='grc' dir='ltr'>ἀναστάντες</span> <span class='ocrx_word' id='word_1_435' title='bbox 880 2947 914 3001; x_wconf 83' lang='grc' dir='ltr'>εἰ·</span> <span class='ocrx_word' id='word_1_436' title='bbox 959 2945 1003 3002; x_wconf 84' lang='grc' dir='ltr'>οἰνν</span> <span class='ocrx_word' id='word_1_437' title='bbox 1026 2954 1124 3021; x_wconf 82' lang='grc' dir='ltr'>μερικοῦ</span> <span class='ocrx_word' id='word_1_438' title='bbox 1150 2956 1184 3022; x_wconf 80' lang='grc' dir='ltr'>τῷ</span> <span class='ocrx_word' id='word_1_439' title='bbox 1199 2955 1274 3022; x_wconf 77' lang='grc' dir='ltr'>κοινῷ</span> <span class='ocrx_word' id='word_1_440' title='bbox 1293 2949 1396 3021; x_wconf 87' lang='grc' dir='ltr'>όνόματι</span> <span class='ocrx_word' id='word_1_441' title='bbox 1413 2956 1463 3003; x_wconf 83' lang='grc' dir='ltr'>τῶν</span> <span class='ocrx_word' id='word_1_442' title='bbox 1483 2949 1661 3022; x_wconf 72' lang='grc' dir='ltr'>Ἀμφικτυόνων</span> <span class='ocrx_word' id='word_1_443' title='bbox 1674 2949 1704 3022; x_wconf 86' lang='grc' dir='ltr'>ἐχ</span> <span class='ocrx_word' id='word_1_444' title='bbox 1705 2951 1745 3022; x_wconf 84' lang='grc' dir='ltr'>ρή·</span> 
     </span>
    </p>

    <p class='ocr_par' dir='ltr' id='par_1_26' title="bbox 131 3021 1133 3098">
     <span class='ocr_line' id='line_1_33' title="bbox 131 3021 1133 3098; baseline 0.001 -17"><span class='ocrx_word' id='word_1_445' title='bbox 131 3046 201 3081; x_wconf 89' lang='grc' dir='ltr'>ποιεν</span> <span class='ocrx_word' id='word_1_446' title='bbox 214 3027 229 3079; x_wconf 86' lang='grc' dir='ltr'>δ</span> <span class='ocrx_word' id='word_1_447' title='bbox 243 3029 417 3098; x_wconf 79' lang='grc' dir='ltr'>προαιροῦνται</span> <span class='ocrx_word' id='word_1_448' title='bbox 429 3025 488 3096; x_wconf 82' lang='grc' dir='ltr'>πρός</span> <span class='ocrx_word' id='word_1_449' title='bbox 506 3026 672 3097; x_wconf 76' lang='grc' dir='ltr'>Δημοσθένην·</span> <span class='ocrx_word' id='word_1_450' title='bbox 689 3021 761 3088; x_wconf 83' lang='grc' dir='ltr'>οῦτος</span> <span class='ocrx_word' id='word_1_451' title='bbox 778 3026 825 3098; x_wconf 79' lang='grc' dir='ltr'>γὰρ</span> <span class='ocrx_word' id='word_1_452' title='bbox 839 3025 915 3093; x_wconf 82' lang='grc' dir='ltr'>ήναν-</span> <span class='ocrx_word' id='word_1_453' title='bbox 961 3049 1031 3083; x_wconf 88' lang='grc' dir='ltr'>σατο.</span> <span class='ocrx_word' id='word_1_454' title='bbox 1048 3031 1133 3085; x_wconf 87' lang='lat' dir='ltr'>FLM.</span> 
     </span>
    </p>

    <p class='ocr_par' dir='ltr' id='par_1_27' title="bbox 130 3105 1745 3258">
     <span class='ocr_line' id='line_1_34' title="bbox 130 3105 1744 3181; baseline 0.001 -22"><span class='ocrx_word' id='word_1_455' title='bbox 130 3105 411 3178; x_wconf 76' lang='grc' dir='ltr'>τιοῦτοτῇέπιψηφίσει,</span> <span class='ocrx_word' id='word_1_456' title='bbox 426 3107 489 3160; x_wconf 84' lang='lat' dir='ltr'>LM.</span> <span class='ocrx_word' id='word_1_457' title='bbox 1000 3107 1208 3180; x_wconf 81' lang='grc' dir='ltr'>Ἐξομοσάμενος]</span> <span class='ocrx_word' id='word_1_458' title='bbox 1225 3109 1268 3161; x_wconf 83' lang='grc' dir='ltr'>σύν</span> <span class='ocrx_word' id='word_1_459' title='bbox 1289 3109 1355 3181; x_wconf 84' lang='grc' dir='ltr'>θρκῳ</span> <span class='ocrx_word' id='word_1_460' title='bbox 1374 3108 1542 3180; x_wconf 83' lang='grc' dir='ltr'>ἀπωσάμενος.</span> <span class='ocrx_word' id='word_1_461' title='bbox 1560 3109 1616 3164; x_wconf 83' lang='lat' dir='ltr'>BL.</span> <span class='ocrx_word' id='word_1_462' title='bbox 1634 3107 1744 3180; x_wconf 76' lang='grc' dir='ltr'>Ἐξωμο-</span> 
     </span>
     <span class='ocr_line' id='line_1_35' title="bbox 168 3179 1745 3258; baseline 0 -20"><span class='ocrx_word' id='word_1_463' title='bbox 168 3185 213 3241; x_wconf 84' lang='grc'>85.</span> <span class='ocrx_word' id='word_1_464' title='bbox 237 3183 283 3237; x_wconf 86' lang='grc' dir='ltr'>Ἐν</span> <span class='ocrx_word' id='word_1_465' title='bbox 298 3189 334 3256; x_wconf 81' lang='grc' dir='ltr'>τῷ</span> <span class='ocrx_word' id='word_1_466' title='bbox 352 3184 507 3255; x_wconf 86' lang='grc' dir='ltr'>στρατηγίῳ]</span> <span class='ocrx_word' id='word_1_467' title='bbox 524 3181 600 3244; x_wconf 87' lang='grc' dir='ltr'>Οἷκός</span> <span class='ocrx_word' id='word_1_468' title='bbox 613 3202 648 3244; x_wconf 91' lang='grc' dir='ltr'>τις</span> <span class='ocrx_word' id='word_1_469' title='bbox 661 3184 778 3254; x_wconf 90' lang='grc' dir='ltr'>δημόσιος</span> <span class='ocrx_word' id='word_1_470' title='bbox 794 3179 839 3251; x_wconf 86' lang='grc' dir='ltr'>ήν,</span> <span class='ocrx_word' id='word_1_471' title='bbox 857 3182 916 3236; x_wconf 79' lang='grc' dir='ltr'>ἔνθα</span> <span class='ocrx_word' id='word_1_472' title='bbox 961 3186 1001 3238; x_wconf 89' lang='grc' dir='ltr'>σία</span> <span class='ocrx_word' id='word_1_473' title='bbox 1013 3186 1064 3240; x_wconf 82' lang='grc' dir='ltr'>ἐστί</span> <span class='ocrx_word' id='word_1_474' title='bbox 1077 3187 1130 3258; x_wconf 90' lang='grc' dir='ltr'>μεθ’</span> <span class='ocrx_word' id='word_1_475' title='bbox 1144 3187 1216 3257; x_wconf 87' lang='grc' dir='ltr'>ύρκου</span> <span class='ocrx_word' id='word_1_476' title='bbox 1229 3185 1338 3256; x_wconf 85' lang='grc' dir='ltr'>όρνησις.</span> <span class='ocrx_word' id='word_1_477' title='bbox 1350 3185 1511 3257; x_wconf 89' lang='grc' dir='ltr'>Ἀντωμοσία</span> <span class='ocrx_word' id='word_1_478' title='bbox 1525 3186 1551 3240; x_wconf 89' lang='grc' dir='ltr'>δέ</span> <span class='ocrx_word' id='word_1_479' title='bbox 1564 3185 1603 3240; x_wconf 85' lang='grc' dir='ltr'>ἐπί</span> <span class='ocrx_word' id='word_1_480' title='bbox 1615 3187 1691 3253; x_wconf 91' lang='grc' dir='ltr'>δίκης,</span> <span class='ocrx_word' id='word_1_481' title='bbox 1705 3187 1745 3239; x_wconf 76' lang='grc' dir='ltr'>διά</span> 
     </span>
    </p>

    <p class='ocr_par' dir='ltr' id='par_1_28' title="bbox 103 3260 1744 3336">
     <span class='ocr_line' id='line_1_36' title="bbox 103 3260 1744 3336; baseline 0.002 -20"><span class='ocrx_word' id='word_1_482' title='bbox 103 3323 107 3330; x_wconf 45' lang='grc'>,</span> <span class='ocrx_word' id='word_1_483' title='bbox 129 3265 251 3336; x_wconf 86' lang='grc' dir='ltr'>συνήισαν</span> <span class='ocrx_word' id='word_1_484' title='bbox 263 3261 288 3315; x_wconf 89' lang='grc' dir='ltr'>οί</span> <span class='ocrx_word' id='word_1_485' title='bbox 300 3262 448 3333; x_wconf 82' lang='grc' dir='ltr'>στρατηγοὶ,</span> <span class='ocrx_word' id='word_1_486' title='bbox 463 3263 544 3332; x_wconf 83' lang='grc' dir='ltr'>ὥσπερ</span> <span class='ocrx_word' id='word_1_487' title='bbox 558 3260 648 3332; x_wconf 86' lang='grc' dir='ltr'>ἀρχεῖα</span> <span class='ocrx_word' id='word_1_488' title='bbox 659 3261 762 3314; x_wconf 77' lang='grc' dir='ltr'>ἐκάλουν</span> <span class='ocrx_word' id='word_1_489' title='bbox 780 3261 838 3316; x_wconf 86' lang='grc' dir='ltr'>ἔνθα</span> <span class='ocrx_word' id='word_1_490' title='bbox 847 3263 917 3335; x_wconf 81' lang='grc' dir='ltr'>συνή-</span> <span class='ocrx_word' id='word_1_491' title='bbox 960 3263 989 3318; x_wconf 88' lang='grc' dir='ltr'>τδ</span> <span class='ocrx_word' id='word_1_492' title='bbox 1003 3263 1106 3336; x_wconf 89' lang='grc' dir='ltr'>όμνόναι</span> <span class='ocrx_word' id='word_1_493' title='bbox 1124 3263 1248 3335; x_wconf 77' lang='grc' dir='ltr'>ἑκατέρους</span> <span class='ocrx_word' id='word_1_494' title='bbox 1258 3265 1321 3333; x_wconf 82' lang='grc' dir='ltr'>,τόν</span> <span class='ocrx_word' id='word_1_495' title='bbox 1340 3263 1383 3335; x_wconf 74' lang='grc' dir='ltr'>μέν</span> <span class='ocrx_word' id='word_1_496' title='bbox 1401 3265 1554 3336; x_wconf 80' lang='grc' dir='ltr'>ἐγκαλοῦντα</span> <span class='ocrx_word' id='word_1_497' title='bbox 1574 3266 1611 3318; x_wconf 88' lang='grc' dir='ltr'>ότι</span> <span class='ocrx_word' id='word_1_498' title='bbox 1627 3265 1744 3334; x_wconf 86' lang='grc' dir='ltr'>ήδίκηκε,</span> 
     </span>
    </p>

    <p class='ocr_par' dir='ltr' id='par_1_29' title="bbox 131 3341 1747 3493">
     <span class='ocr_line' id='line_1_37' title="bbox 131 3341 1747 3415; baseline 0.001 -20"><span class='ocrx_word' id='word_1_499' title='bbox 131 3361 192 3396; x_wconf 88' lang='grc' dir='ltr'>εσαν</span> <span class='ocrx_word' id='word_1_500' title='bbox 209 3341 233 3394; x_wconf 90' lang='grc' dir='ltr'>οί</span> <span class='ocrx_word' id='word_1_501' title='bbox 242 3341 368 3412; x_wconf 77' lang='grc' dir='ltr'>ἄρχοντες.</span> <span class='ocrx_word' id='word_1_502' title='bbox 383 3343 491 3396; x_wconf 86' lang='lat' dir='ltr'><strong>BFLM.</strong></span> <span class='ocrx_word' id='word_1_503' title='bbox 960 3343 1003 3395; x_wconf 83' lang='grc' dir='ltr'>τόν</span> <span class='ocrx_word' id='word_1_504' title='bbox 1018 3343 1043 3396; x_wconf 84' lang='grc' dir='ltr'>δέ</span> <span class='ocrx_word' id='word_1_505' title='bbox 1058 3342 1239 3414; x_wconf 81' lang='grc' dir='ltr'>ἐγκαλούμενον</span> <span class='ocrx_word' id='word_1_506' title='bbox 1253 3343 1291 3395; x_wconf 88' lang='grc' dir='ltr'>ότι</span> <span class='ocrx_word' id='word_1_507' title='bbox 1300 3341 1423 3409; x_wconf 82' lang='grc' dir='ltr'>ἠδίκηται.</span> <span class='ocrx_word' id='word_1_508' title='bbox 1440 3343 1470 3395; x_wconf 88' lang='grc' dir='ltr'>Οί</span> <span class='ocrx_word' id='word_1_509' title='bbox 1484 3343 1510 3396; x_wconf 86' lang='grc' dir='ltr'>δὲ</span> <span class='ocrx_word' id='word_1_510' title='bbox 1523 3341 1565 3410; x_wconf 78' lang='grc' dir='ltr'>τὴν</span> <span class='ocrx_word' id='word_1_511' title='bbox 1583 3342 1622 3397; x_wconf 80' lang='grc' dir='ltr'>ἐπὶ</span> <span class='ocrx_word' id='word_1_512' title='bbox 1633 3346 1747 3415; x_wconf 86' lang='grc' dir='ltr'>πράγμα-</span> 
     </span>
     <span class='ocr_line' id='line_1_38' title="bbox 167 3417 1746 3493; baseline 0 -19"><span class='ocrx_word' id='word_1_513' title='bbox 167 3424 212 3476; x_wconf 85' lang='grc'>86.</span> <span class='ocrx_word' id='word_1_514' title='bbox 236 3417 291 3472; x_wconf 83' lang='grc' dir='ltr'>Ἀπό</span> <span class='ocrx_word' id='word_1_515' title='bbox 299 3425 347 3472; x_wconf 86' lang='grc' dir='ltr'>τῶν</span> <span class='ocrx_word' id='word_1_516' title='bbox 360 3419 431 3489; x_wconf 76' lang='grc' dir='ltr'>ἱερῶν</span> <span class='ocrx_word' id='word_1_517' title='bbox 440 3422 450 3487; x_wconf 94' lang='grc'>]</span> <span class='ocrx_word' id='word_1_518' title='bbox 460 3418 511 3471; x_wconf 86' lang='grc' dir='ltr'>Νῦν</span> <span class='ocrx_word' id='word_1_519' title='bbox 521 3417 574 3489; x_wconf 81' lang='grc' dir='ltr'>ίερά</span> <span class='ocrx_word' id='word_1_520' title='bbox 583 3417 689 3488; x_wconf 85' lang='grc' dir='ltr'>λέγειτά</span> <span class='ocrx_word' id='word_1_521' title='bbox 701 3417 777 3488; x_wconf 87' lang='grc' dir='ltr'>ίερεῖα</span> <span class='ocrx_word' id='word_1_522' title='bbox 788 3417 818 3472; x_wconf 85' lang='grc' dir='ltr'>τθι</span> <span class='ocrx_word' id='word_1_523' title='bbox 830 3419 918 3472; x_wconf 90' lang='grc' dir='ltr'>καλού-</span> <span class='ocrx_word' id='word_1_524' title='bbox 962 3439 999 3472; x_wconf 89' lang='grc' dir='ltr'>σιν</span> <span class='ocrx_word' id='word_1_525' title='bbox 1014 3418 1192 3491; x_wconf 86' lang='grc' dir='ltr'>ἀμαρτνρήτοις</span> <span class='ocrx_word' id='word_1_526' title='bbox 1203 3419 1245 3472; x_wconf 85' lang='grc' dir='ltr'>καί</span> <span class='ocrx_word' id='word_1_527' title='bbox 1267 3417 1439 3491; x_wconf 74' lang='grc' dir='ltr'>ἀνεπιγράφοις</span> <span class='ocrx_word' id='word_1_528' title='bbox 1457 3420 1490 3482; x_wconf 91' lang='grc' dir='ltr'>εἰς</span> <span class='ocrx_word' id='word_1_529' title='bbox 1504 3422 1577 3491; x_wconf 86' lang='grc' dir='ltr'>όρκον</span> <span class='ocrx_word' id='word_1_530' title='bbox 1591 3425 1746 3493; x_wconf 72' lang='grc' dir='ltr'>περιισταμέ-</span> 
     </span>
    </p>

    <p class='ocr_par' dir='ltr' id='par_1_30' title="bbox 131 3493 1747 3572">
     <span class='ocr_line' id='line_1_39' title="bbox 131 3493 1747 3572; baseline 0.003 -22"><span class='ocrx_word' id='word_1_531' title='bbox 131 3518 196 3572; x_wconf 90' lang='grc' dir='ltr'>μενα</span> <span class='ocrx_word' id='word_1_532' title='bbox 212 3499 302 3569; x_wconf 89' lang='grc' dir='ltr'>τόμια,</span> <span class='ocrx_word' id='word_1_533' title='bbox 326 3497 381 3550; x_wconf 86' lang='grc' dir='ltr'>καθ’</span> <span class='ocrx_word' id='word_1_534' title='bbox 395 3493 550 3567; x_wconf 82' lang='grc' dir='ltr'>ὦνῶμνυον.</span> <span class='ocrx_word' id='word_1_535' title='bbox 590 3495 628 3549; x_wconf 86' lang='grc' dir='ltr'><strong>Ἢ</strong></span> <span class='ocrx_word' id='word_1_536' title='bbox 643 3496 715 3567; x_wconf 86' lang='grc' dir='ltr'>ίερῶν</span> <span class='ocrx_word' id='word_1_537' title='bbox 735 3495 803 3567; x_wconf 81' lang='grc' dir='ltr'>λέγει</span> <span class='ocrx_word' id='word_1_538' title='bbox 814 3503 863 3550; x_wconf 84' lang='grc' dir='ltr'>τῶν</span> <span class='ocrx_word' id='word_1_539' title='bbox 879 3497 918 3552; x_wconf 82' lang='grc' dir='ltr'>ἐπί</span> <span class='ocrx_word' id='word_1_540' title='bbox 962 3519 1006 3567; x_wconf 88' lang='grc' dir='ltr'>νην</span> <span class='ocrx_word' id='word_1_541' title='bbox 1018 3501 1105 3567; x_wconf 86' lang='grc' dir='ltr'>δίκην,</span> <span class='ocrx_word' id='word_1_542' title='bbox 1119 3499 1153 3572; x_wconf 86' lang='grc' dir='ltr'>ἐφ’</span> <span class='ocrx_word' id='word_1_543' title='bbox 1168 3493 1183 3572; x_wconf 80' lang='grc' dir='ltr'><strong>ᾖ</strong></span> <span class='ocrx_word' id='word_1_544' title='bbox 1199 3498 1248 3552; x_wconf 85' lang='grc' dir='ltr'>ἰσοι</span> <span class='ocrx_word' id='word_1_545' title='bbox 1264 3500 1344 3570; x_wconf 82' lang='grc' dir='ltr'>κριταί</span> <span class='ocrx_word' id='word_1_546' title='bbox 1357 3501 1504 3562; x_wconf 79' lang='grc' dir='ltr'>δικάζουσιν·</span> <span class='ocrx_word' id='word_1_547' title='bbox 1522 3499 1583 3552; x_wconf 75' lang='grc' dir='ltr'>ἔνιοι</span> <span class='ocrx_word' id='word_1_548' title='bbox 1596 3501 1692 3565; x_wconf 84' lang='grc' dir='ltr'>δέ,θτε</span> <span class='ocrx_word' id='word_1_549' title='bbox 1708 3501 1747 3555; x_wconf 81' lang='grc' dir='ltr'>ἐπί</span> 
     </span>
    </p>

    <p class='ocr_par' dir='ltr' id='par_1_31' title="bbox 130 3575 1748 3728">
     <span class='ocr_line' id='line_1_40' title="bbox 130 3575 1747 3650; baseline 0.001 -19"><span class='ocrx_word' id='word_1_550' title='bbox 130 3579 185 3638; x_wconf 90' lang='grc' dir='ltr'>τοῖς</span> <span class='ocrx_word' id='word_1_551' title='bbox 199 3577 279 3646; x_wconf 84' lang='grc' dir='ltr'>όρκοις</span> <span class='ocrx_word' id='word_1_552' title='bbox 292 3575 427 3645; x_wconf 78' lang='grc' dir='ltr'>θυομένων.</span> <span class='ocrx_word' id='word_1_553' title='bbox 442 3577 527 3630; x_wconf 87' lang='lat' dir='ltr'><strong>BLM.</strong></span> <span class='ocrx_word' id='word_1_554' title='bbox 962 3579 1074 3650; x_wconf 84' lang='grc' dir='ltr'>δημοσίῳ</span> <span class='ocrx_word' id='word_1_555' title='bbox 1093 3578 1171 3648; x_wconf 86' lang='grc' dir='ltr'>ἀγῶνι</span> <span class='ocrx_word' id='word_1_556' title='bbox 1193 3579 1361 3650; x_wconf 80' lang='grc' dir='ltr'>σκηπτομένου</span> <span class='ocrx_word' id='word_1_557' title='bbox 1383 3578 1448 3639; x_wconf 80' lang='grc' dir='ltr'>τινός</span> <span class='ocrx_word' id='word_1_558' title='bbox 1467 3579 1568 3650; x_wconf 80' lang='grc' dir='ltr'>κάμνειν</span> <span class='ocrx_word' id='word_1_559' title='bbox 1590 3579 1604 3631; x_wconf 95' lang='lat'><strong>6</strong></span> <span class='ocrx_word' id='word_1_560' title='bbox 1627 3579 1747 3640; x_wconf 78' lang='grc' dir='ltr'>ἀντίδικος</span> 
     </span>
     <span class='ocr_line' id='line_1_41' title="bbox 169 3651 1748 3728; baseline 0.003 -23"><span class='ocrx_word' id='word_1_561' title='bbox 169 3659 214 3724; x_wconf 87' lang='lat'>87.</span> <span class='ocrx_word' id='word_1_562' title='bbox 236 3653 295 3706; x_wconf 80' lang='grc' dir='ltr'>Κατ’</span> <span class='ocrx_word' id='word_1_563' title='bbox 315 3652 569 3724; x_wconf 84' lang='grc' dir='ltr'>ἀνδρός-ύμετέρου]</span> <span class='ocrx_word' id='word_1_564' title='bbox 589 3654 641 3706; x_wconf 87' lang='grc' dir='ltr'>κατ’</span> <span class='ocrx_word' id='word_1_565' title='bbox 663 3651 761 3724; x_wconf 87' lang='grc' dir='ltr'>ἀνδρδς,</span> <span class='ocrx_word' id='word_1_566' title='bbox 780 3655 806 3716; x_wconf 87' lang='grc' dir='ltr'>θς</span> <span class='ocrx_word' id='word_1_567' title='bbox 818 3655 919 3723; x_wconf 90' lang='grc' dir='ltr'>πολίτης</span> <span class='ocrx_word' id='word_1_568' title='bbox 965 3658 1162 3726; x_wconf 86' lang='grc' dir='ltr'>άνθυπόμνυται,</span> <span class='ocrx_word' id='word_1_569' title='bbox 1179 3658 1279 3726; x_wconf 82' lang='grc' dir='ltr'>φάσκων</span> <span class='ocrx_word' id='word_1_570' title='bbox 1304 3655 1378 3708; x_wconf 88' lang='grc' dir='ltr'>αύτδν</span> <span class='ocrx_word' id='word_1_571' title='bbox 1402 3657 1604 3726; x_wconf 85' lang='grc' dir='ltr'>προσποιεῖσθαι,</span> <span class='ocrx_word' id='word_1_572' title='bbox 1628 3658 1670 3710; x_wconf 84' lang='grc' dir='ltr'>καί</span> <span class='ocrx_word' id='word_1_573' title='bbox 1693 3658 1748 3728; x_wconf 84' lang='grc' dir='ltr'>περὶ</span> 
     </span>
    </p>

    <p class='ocr_par' dir='ltr' id='par_1_32' title="bbox 131 3731 1747 3884">
     <span class='ocr_line' id='line_1_42' title="bbox 131 3731 1747 3806; baseline 0.001 -19"><span class='ocrx_word' id='word_1_574' title='bbox 131 3735 200 3790; x_wconf 79' lang='grc' dir='ltr'>ἐστίν</span> <span class='ocrx_word' id='word_1_575' title='bbox 215 3731 336 3796; x_wconf 87' lang='grc' dir='ltr'>Ἀττικός,</span> <span class='ocrx_word' id='word_1_576' title='bbox 348 3731 377 3783; x_wconf 86' lang='grc' dir='ltr'>ού</span> <span class='ocrx_word' id='word_1_577' title='bbox 390 3732 497 3800; x_wconf 84' lang='grc' dir='ltr'>Σκύθης,</span> <span class='ocrx_word' id='word_1_578' title='bbox 511 3732 715 3802; x_wconf 77' lang='grc' dir='ltr'>όιςΔημοσθένης.</span> <span class='ocrx_word' id='word_1_579' title='bbox 735 3735 768 3788; x_wconf 88' lang='grc' dir='ltr'>Β.</span> <span class='ocrx_word' id='word_1_580' title='bbox 963 3735 1049 3788; x_wconf 92' lang='grc' dir='ltr'>τούτου</span> <span class='ocrx_word' id='word_1_581' title='bbox 1073 3733 1281 3804; x_wconf 84' lang='grc' dir='ltr'>διαλαμόάνουσιν</span> <span class='ocrx_word' id='word_1_582' title='bbox 1300 3733 1324 3786; x_wconf 88' lang='grc' dir='ltr'>οί</span> <span class='ocrx_word' id='word_1_583' title='bbox 1344 3735 1464 3786; x_wconf 88' lang='grc' dir='ltr'>δικασταί.</span> <span class='ocrx_word' id='word_1_584' title='bbox 1484 3737 1546 3790; x_wconf 82' lang='lat' dir='ltr'>LM.</span> <span class='ocrx_word' id='word_1_585' title='bbox 1563 3746 1589 3788; x_wconf 79' lang='lat' dir='ltr'>et</span> <span class='ocrx_word' id='word_1_586' title='bbox 1602 3737 1639 3799; x_wconf 91' lang='grc' dir='ltr'>Β,</span> <span class='ocrx_word' id='word_1_587' title='bbox 1654 3737 1680 3788; x_wconf 83' lang='lat' dir='ltr'>in</span> <span class='ocrx_word' id='word_1_588' title='bbox 1693 3753 1747 3806; x_wconf 85' lang='lat' dir='ltr'>quo</span> 
     </span>
     <span class='ocr_line' id='line_1_43' title="bbox 173 3809 1746 3884; baseline 0.002 -21"><span class='ocrx_word' id='word_1_589' title='bbox 173 3811 233 3865; x_wconf 81' lang='grc' dir='ltr'>Ἐπί</span> <span class='ocrx_word' id='word_1_590' title='bbox 245 3810 397 3882; x_wconf 86' lang='grc' dir='ltr'>Παλλαδίῳ]</span> <span class='ocrx_word' id='word_1_591' title='bbox 415 3809 473 3864; x_wconf 77' lang='grc' dir='ltr'>Ἐπί</span> <span class='ocrx_word' id='word_1_592' title='bbox 482 3811 561 3882; x_wconf 87' lang='grc' dir='ltr'>τούτῳ</span> <span class='ocrx_word' id='word_1_593' title='bbox 571 3811 695 3880; x_wconf 82' lang='grc' dir='ltr'>ἐκρίνοντο</span> <span class='ocrx_word' id='word_1_594' title='bbox 710 3811 734 3864; x_wconf 89' lang='grc' dir='ltr'>σί</span> <span class='ocrx_word' id='word_1_595' title='bbox 749 3811 860 3865; x_wconf 90' lang='grc' dir='ltr'>ἀκούσιοι</span> <span class='ocrx_word' id='word_1_596' title='bbox 874 3815 918 3884; x_wconf 85' lang='grc' dir='ltr'>ρό-</span> <span class='ocrx_word' id='word_1_597' title='bbox 963 3825 1095 3884; x_wconf 73' lang='lat' dir='ltr'>postrema</span> <span class='ocrx_word' id='word_1_598' title='bbox 1109 3815 1144 3866; x_wconf 81' lang='grc' dir='ltr'>ίῑυ</span> <span class='ocrx_word' id='word_1_599' title='bbox 1155 3813 1253 3866; x_wconf 77' lang='lat' dir='ltr'>habent</span> <span class='ocrx_word' id='word_1_600' title='bbox 1266 3830 1272 3866; x_wconf 83' lang='lat'>:</span> <span class='ocrx_word' id='word_1_601' title='bbox 1332 3812 1450 3884; x_wconf 79' lang='grc' dir='ltr'>ἠδίκημαι</span> <span class='ocrx_word' id='word_1_602' title='bbox 1466 3813 1481 3880; x_wconf 83' lang='grc' dir='ltr'>ἢ</span> <span class='ocrx_word' id='word_1_603' title='bbox 1495 3815 1533 3867; x_wconf 88' lang='grc' dir='ltr'>ότι</span> <span class='ocrx_word' id='word_1_604' title='bbox 1546 3813 1562 3880; x_wconf 78' lang='grc' dir='ltr'><strong>ἥ</strong></span> <span class='ocrx_word' id='word_1_605' title='bbox 1576 3814 1647 3876; x_wconf 93' lang='grc' dir='ltr'>πόλις</span> <span class='ocrx_word' id='word_1_606' title='bbox 1663 3813 1746 3880; x_wconf 88' lang='grc' dir='ltr'>ἀδίκη-</span> 
     </span>
    </p>

    <p class='ocr_par' dir='ltr' id='par_1_33' title="bbox 133 3888 1746 3964">
     <span class='ocr_line' id='line_1_44' title="bbox 133 3888 1746 3964; baseline -0.001 -18"><span class='ocrx_word' id='word_1_607' title='bbox 133 3911 183 3946; x_wconf 88' lang='grc' dir='ltr'>νοι.</span> <span class='ocrx_word' id='word_1_608' title='bbox 221 3889 252 3943; x_wconf 84' lang='grc' dir='ltr'>Οί</span> <span class='ocrx_word' id='word_1_609' title='bbox 265 3889 292 3942; x_wconf 83' lang='grc' dir='ltr'>δέ</span> <span class='ocrx_word' id='word_1_610' title='bbox 303 3888 328 3943; x_wconf 90' lang='grc' dir='ltr'>ἐν</span> <span class='ocrx_word' id='word_1_611' title='bbox 338 3889 417 3960; x_wconf 87' lang='grc' dir='ltr'>τούτῳ</span> <span class='ocrx_word' id='word_1_612' title='bbox 429 3895 464 3961; x_wconf 82' lang='grc' dir='ltr'>τῷ</span> <span class='ocrx_word' id='word_1_613' title='bbox 474 3890 622 3960; x_wconf 89' lang='grc' dir='ltr'>δικαστηρίῳ</span> <span class='ocrx_word' id='word_1_614' title='bbox 635 3890 773 3951; x_wconf 78' lang='grc' dir='ltr'>δικάζοντες</span> <span class='ocrx_word' id='word_1_615' title='bbox 786 3889 919 3946; x_wconf 83' lang='grc' dir='ltr'>ἐκαλοῦντο</span> <span class='ocrx_word' id='word_1_616' title='bbox 963 3912 1018 3957; x_wconf 88' lang='grc' dir='ltr'>ται,</span> <span class='ocrx_word' id='word_1_617' title='bbox 1039 3891 1132 3963; x_wconf 87' lang='grc' dir='ltr'>είρηται</span> <span class='ocrx_word' id='word_1_618' title='bbox 1144 3891 1295 3962; x_wconf 87' lang='grc' dir='ltr'>ἀντωμοσία,</span> <span class='ocrx_word' id='word_1_619' title='bbox 1308 3893 1338 3944; x_wconf 82' lang='grc' dir='ltr'>Οἱ</span> <span class='ocrx_word' id='word_1_620' title='bbox 1355 3893 1397 3957; x_wconf 83' lang='grc' dir='ltr'>δὲ,</span> <span class='ocrx_word' id='word_1_621' title='bbox 1408 3893 1447 3946; x_wconf 86' lang='grc' dir='ltr'>ότι</span> <span class='ocrx_word' id='word_1_622' title='bbox 1457 3893 1493 3947; x_wconf 79' lang='grc' dir='ltr'>ἐπ’</span> <span class='ocrx_word' id='word_1_623' title='bbox 1509 3893 1656 3964; x_wconf 82' lang='grc' dir='ltr'>ἀδικήμασιν</span> <span class='ocrx_word' id='word_1_624' title='bbox 1668 3892 1746 3963; x_wconf 90' lang='grc' dir='ltr'>ἀμαρ-</span> 
     </span>
    </p>

    <p class='ocr_par' dir='ltr' id='par_1_34' title="bbox 133 3965 1745 4044">
     <span class='ocr_line' id='line_1_45' title="bbox 133 3965 1745 4044; baseline 0 -19"><span class='ocrx_word' id='word_1_625' title='bbox 133 3971 234 4040; x_wconf 81' lang='grc' dir='ltr'>ἐρέται,</span> <span class='ocrx_word' id='word_1_626' title='bbox 256 3967 368 4029; x_wconf 76' lang='grc' dir='ltr'>ἐδίκαζον</span> <span class='ocrx_word' id='word_1_627' title='bbox 384 3967 410 4020; x_wconf 83' lang='grc' dir='ltr'>δέ</span> <span class='ocrx_word' id='word_1_628' title='bbox 424 3965 538 4020; x_wconf 88' lang='grc' dir='ltr'>ἀκουσίου</span> <span class='ocrx_word' id='word_1_629' title='bbox 557 3969 632 4038; x_wconf 87' lang='grc' dir='ltr'>φόνου</span> <span class='ocrx_word' id='word_1_630' title='bbox 653 3968 694 4020; x_wconf 82' lang='grc' dir='ltr'>καί</span> <span class='ocrx_word' id='word_1_631' title='bbox 712 3969 860 4039; x_wconf 85' lang='grc' dir='ltr'>βουλεύσεως</span> <span class='ocrx_word' id='word_1_632' title='bbox 879 3971 920 4024; x_wconf 84' lang='grc' dir='ltr'>καί</span> <span class='ocrx_word' id='word_1_633' title='bbox 964 3971 1074 4042; x_wconf 86' lang='grc' dir='ltr'>τυρήτοις</span> <span class='ocrx_word' id='word_1_634' title='bbox 1085 3971 1126 4024; x_wconf 80' lang='grc' dir='ltr'>καί</span> <span class='ocrx_word' id='word_1_635' title='bbox 1138 3971 1323 4042; x_wconf 87' lang='grc' dir='ltr'>ἀνεπιγράπτοις</span> <span class='ocrx_word' id='word_1_636' title='bbox 1337 3971 1370 4034; x_wconf 88' lang='grc' dir='ltr'>εἰς</span> <span class='ocrx_word' id='word_1_637' title='bbox 1384 3973 1468 4043; x_wconf 87' lang='grc' dir='ltr'>θρκους</span> <span class='ocrx_word' id='word_1_638' title='bbox 1485 3974 1653 4044; x_wconf 85' lang='grc' dir='ltr'>παρεσταμένη</span> <span class='ocrx_word' id='word_1_639' title='bbox 1672 3975 1745 4039; x_wconf 86' lang='grc' dir='ltr'>δίκη,</span> 
     </span>
    </p>

    <p class='ocr_par' dir='ltr' id='par_1_35' title="bbox 132 4045 1748 4125">
     <span class='ocr_line' id='line_1_46' title="bbox 132 4045 1748 4125; baseline 0.001 -23"><span class='ocrx_word' id='word_1_640' title='bbox 132 4049 232 4114; x_wconf 85' lang='grc' dir='ltr'>οἰκέτην</span> <span class='ocrx_word' id='word_1_641' title='bbox 246 4047 261 4114; x_wconf 80' lang='grc' dir='ltr'><strong>ἢ</strong></span> <span class='ocrx_word' id='word_1_642' title='bbox 275 4048 387 4120; x_wconf 77' lang='grc' dir='ltr'>μέτοικον</span> <span class='ocrx_word' id='word_1_643' title='bbox 400 4047 415 4112; x_wconf 83' lang='grc' dir='ltr'>ή</span> <span class='ocrx_word' id='word_1_644' title='bbox 431 4045 497 4108; x_wconf 80' lang='grc' dir='ltr'>ξένον</span> <span class='ocrx_word' id='word_1_645' title='bbox 514 4045 694 4100; x_wconf 81' lang='grc' dir='ltr'>ἀποκτείναντι.</span> <span class='ocrx_word' id='word_1_646' title='bbox 737 4045 881 4119; x_wconf 79' lang='grc' dir='ltr'>Ὠνομάσθη</span> <span class='ocrx_word' id='word_1_647' title='bbox 894 4049 920 4103; x_wconf 88' lang='grc' dir='ltr'>δέ</span> <span class='ocrx_word' id='word_1_648' title='bbox 965 4051 1000 4121; x_wconf 86' lang='grc' dir='ltr'>ἐφ’</span> <span class='ocrx_word' id='word_1_649' title='bbox 1014 4045 1029 4123; x_wconf 80' lang='grc' dir='ltr'><strong>ᾖ</strong></span> <span class='ocrx_word' id='word_1_650' title='bbox 1044 4052 1099 4103; x_wconf 86' lang='grc' dir='ltr'>όσιι</span> <span class='ocrx_word' id='word_1_651' title='bbox 1119 4051 1199 4122; x_wconf 80' lang='grc' dir='ltr'>κριταί</span> <span class='ocrx_word' id='word_1_652' title='bbox 1210 4051 1361 4113; x_wconf 76' lang='grc' dir='ltr'>δικάζουσινι</span> <span class='ocrx_word' id='word_1_653' title='bbox 1384 4051 1446 4104; x_wconf 85' lang='grc' dir='ltr'>ἐνιοι</span> <span class='ocrx_word' id='word_1_654' title='bbox 1463 4054 1502 4119; x_wconf 80' lang='grc' dir='ltr'>δὲ,</span> <span class='ocrx_word' id='word_1_655' title='bbox 1521 4055 1559 4107; x_wconf 86' lang='grc' dir='ltr'>δτι</span> <span class='ocrx_word' id='word_1_656' title='bbox 1571 4053 1610 4107; x_wconf 83' lang='grc' dir='ltr'>ἐπί</span> <span class='ocrx_word' id='word_1_657' title='bbox 1628 4055 1748 4125; x_wconf 90' lang='grc' dir='ltr'>δημοσίου</span> 
     </span>
    </p>

    <p class='ocr_par' dir='ltr' id='par_1_36' title="bbox 134 4123 1747 4204">
     <span class='ocr_line' id='line_1_47' title="bbox 134 4123 1747 4204; baseline 0.003 -25"><span class='ocrx_word' id='word_1_658' title='bbox 134 4127 257 4180; x_wconf 83' lang='grc' dir='ltr'>ἐντεῦθεν.</span> <span class='ocrx_word' id='word_1_659' title='bbox 297 4123 402 4197; x_wconf 87' lang='grc' dir='ltr'>Ἀργεῖοι</span> <span class='ocrx_word' id='word_1_660' title='bbox 420 4125 448 4178; x_wconf 87' lang='grc' dir='ltr'>τδ</span> <span class='ocrx_word' id='word_1_661' title='bbox 463 4125 606 4178; x_wconf 85' lang='grc' dir='ltr'>Παλλάδιον</span> <span class='ocrx_word' id='word_1_662' title='bbox 629 4125 728 4196; x_wconf 84' lang='grc' dir='ltr'>ἔχοντες</span> <span class='ocrx_word' id='word_1_663' title='bbox 741 4125 769 4180; x_wconf 86' lang='grc' dir='ltr'>τό</span> <span class='ocrx_word' id='word_1_664' title='bbox 782 4125 830 4180; x_wconf 86' lang='grc' dir='ltr'>ἀπδ</span> <span class='ocrx_word' id='word_1_665' title='bbox 845 4126 920 4180; x_wconf 85' lang='grc' dir='ltr'>Ἰλίου</span> <span class='ocrx_word' id='word_1_666' title='bbox 965 4128 1059 4200; x_wconf 85' lang='grc' dir='ltr'>ἀγῶνος</span> <span class='ocrx_word' id='word_1_667' title='bbox 1073 4132 1116 4182; x_wconf 91' lang='grc' dir='ltr'>τοῦ</span> <span class='ocrx_word' id='word_1_668' title='bbox 1125 4129 1257 4201; x_wconf 86' lang='grc' dir='ltr'>φεύγοντος</span> <span class='ocrx_word' id='word_1_669' title='bbox 1268 4132 1437 4202; x_wconf 81' lang='grc' dir='ltr'>σκηπτομένου</span> <span class='ocrx_word' id='word_1_670' title='bbox 1449 4133 1490 4186; x_wconf 80' lang='grc' dir='ltr'>καί</span> <span class='ocrx_word' id='word_1_671' title='bbox 1499 4132 1666 4204; x_wconf 85' lang='grc' dir='ltr'>όμνύοντος,ό</span> <span class='ocrx_word' id='word_1_672' title='bbox 1681 4133 1747 4186; x_wconf 90' lang='grc' dir='ltr'>ἀντί-</span> 
     </span>
    </p>

    <p class='ocr_par' dir='ltr' id='par_1_37' title="bbox 133 4205 1039 4278">
     <span class='ocr_line' id='line_1_48' title="bbox 133 4205 1039 4278; baseline 0 -19"><span class='ocrx_word' id='word_1_673' title='bbox 133 4207 178 4260; x_wconf 91' lang='grc' dir='ltr'>καί</span> <span class='ocrx_word' id='word_1_674' title='bbox 192 4205 219 4259; x_wconf 90' lang='grc' dir='ltr'>ἐκ</span> <span class='ocrx_word' id='word_1_675' title='bbox 240 4206 327 4278; x_wconf 84' lang='grc' dir='ltr'>Τροίας</span> <span class='ocrx_word' id='word_1_676' title='bbox 343 4205 549 4278; x_wconf 78' lang='grc' dir='ltr'>άνακομιζόμενοι</span> <span class='ocrx_word' id='word_1_677' title='bbox 573 4207 713 4276; x_wconf 80' lang='grc' dir='ltr'>ὡρμίσαντο</span> <span class='ocrx_word' id='word_1_678' title='bbox 733 4207 921 4278; x_wconf 87' lang='grc' dir='ltr'>Φαληροῖ,καί</span> <span class='ocrx_word' id='word_1_679' title='bbox 965 4209 1039 4268; x_wconf 89' lang='grc' dir='ltr'>δικος.</span> 
     </span>
    </p>

    <p class='ocr_par' dir='ltr' id='par_1_38' title="bbox 134 4279 1653 4361">
     <span class='ocr_line' id='line_1_49' title="bbox 134 4279 1653 4361; baseline 0.003 -23"><span class='ocrx_word' id='word_1_680' title='bbox 134 4285 224 4347; x_wconf 78' lang='grc' dir='ltr'>αύτούς</span> <span class='ocrx_word' id='word_1_681' title='bbox 238 4279 285 4339; x_wconf 76' lang='grc' dir='ltr'>τιῖιν</span> <span class='ocrx_word' id='word_1_682' title='bbox 300 4285 428 4357; x_wconf 82' lang='grc' dir='ltr'>ἐγχωρίων</span> <span class='ocrx_word' id='word_1_683' title='bbox 447 4285 509 4347; x_wconf 86' lang='grc' dir='ltr'>τινές</span> <span class='ocrx_word' id='word_1_684' title='bbox 525 4284 643 4346; x_wconf 84' lang='grc' dir='ltr'>ἀκουσίως</span> <span class='ocrx_word' id='word_1_685' title='bbox 661 4284 811 4355; x_wconf 85' lang='grc' dir='ltr'>ἀναιροῦσιν.</span> <span class='ocrx_word' id='word_1_686' title='bbox 825 4285 920 4340; x_wconf 80' lang='grc' dir='ltr'>θίενόν-</span> <span class='ocrx_word' id='word_1_687' title='bbox 1005 4287 1053 4359; x_wconf 85' lang='grc' dir='ltr'>Ἀφ’</span> <span class='ocrx_word' id='word_1_688' title='bbox 1065 4282 1093 4354; x_wconf 85' lang='grc' dir='ltr'>ής</span> <span class='ocrx_word' id='word_1_689' title='bbox 1103 4281 1165 4353; x_wconf 83' lang='grc' dir='ltr'>ήκον</span> <span class='ocrx_word' id='word_1_690' title='bbox 1177 4288 1320 4360; x_wconf 82' lang='grc' dir='ltr'>πρεσύείας]</span> <span class='ocrx_word' id='word_1_691' title='bbox 1335 4289 1414 4344; x_wconf 81' lang='grc' dir='ltr'>οἷονεί</span> <span class='ocrx_word' id='word_1_692' title='bbox 1429 4293 1471 4356; x_wconf 88' lang='grc' dir='ltr'>τῆς</span> <span class='ocrx_word' id='word_1_693' title='bbox 1484 4291 1609 4361; x_wconf 84' lang='grc' dir='ltr'>προτέρας.</span> <span class='ocrx_word' id='word_1_694' title='bbox 1622 4291 1653 4346; x_wconf 90' lang='lat' dir='ltr'>F.</span> 
     </span>
    </p>

    <p class='ocr_par' dir='ltr' id='par_1_39' title="bbox 134 4363 1749 4441">
     <span class='ocr_line' id='line_1_50' title="bbox 134 4363 1749 4441; baseline 0.001 -22"><span class='ocrx_word' id='word_1_695' title='bbox 134 4386 187 4419; x_wconf 87' lang='grc' dir='ltr'>των</span> <span class='ocrx_word' id='word_1_696' title='bbox 197 4365 224 4418; x_wconf 87' lang='grc' dir='ltr'>δέ</span> <span class='ocrx_word' id='word_1_697' title='bbox 236 4365 275 4419; x_wconf 88' lang='grc' dir='ltr'>ἐπί</span> <span class='ocrx_word' id='word_1_698' title='bbox 284 4365 362 4419; x_wconf 77' lang='grc' dir='ltr'>πολύν</span> <span class='ocrx_word' id='word_1_699' title='bbox 373 4367 465 4436; x_wconf 89' lang='grc' dir='ltr'>χρόνον</span> <span class='ocrx_word' id='word_1_700' title='bbox 473 4371 522 4418; x_wconf 84' lang='grc' dir='ltr'>τῶν</span> <span class='ocrx_word' id='word_1_701' title='bbox 536 4369 627 4434; x_wconf 82' lang='grc' dir='ltr'>νεκρῶν</span> <span class='ocrx_word' id='word_1_702' title='bbox 638 4363 789 4435; x_wconf 86' lang='grc' dir='ltr'>ἀδιαφθόρων</span> <span class='ocrx_word' id='word_1_703' title='bbox 798 4365 839 4418; x_wconf 82' lang='grc' dir='ltr'>καί</span> <span class='ocrx_word' id='word_1_704' title='bbox 851 4365 921 4437; x_wconf 82' lang='grc' dir='ltr'>ἀψαύ-</span> <span class='ocrx_word' id='word_1_705' title='bbox 1001 4367 1065 4439; x_wconf 85' lang='grc' dir='ltr'>Πρδς</span> <span class='ocrx_word' id='word_1_706' title='bbox 1076 4367 1103 4419; x_wconf 89' lang='grc' dir='ltr'>δέ</span> <span class='ocrx_word' id='word_1_707' title='bbox 1113 4365 1158 4432; x_wconf 79' lang='grc' dir='ltr'>τὴν</span> <span class='ocrx_word' id='word_1_708' title='bbox 1173 4365 1279 4438; x_wconf 82' lang='grc' dir='ltr'>βουλήν]</span> <span class='ocrx_word' id='word_1_709' title='bbox 1297 4369 1371 4438; x_wconf 80' lang='grc' dir='ltr'>Χρεία</span> <span class='ocrx_word' id='word_1_710' title='bbox 1391 4369 1439 4440; x_wconf 77' lang='grc' dir='ltr'>γάρ</span> <span class='ocrx_word' id='word_1_711' title='bbox 1461 4365 1490 4436; x_wconf 82' lang='grc' dir='ltr'>ήν</span> <span class='ocrx_word' id='word_1_712' title='bbox 1507 4369 1567 4441; x_wconf 81' lang='grc' dir='ltr'>μετά</span> <span class='ocrx_word' id='word_1_713' title='bbox 1583 4367 1628 4434; x_wconf 82' lang='grc' dir='ltr'>τὴν</span> <span class='ocrx_word' id='word_1_714' title='bbox 1640 4387 1749 4440; x_wconf 83' lang='grc' dir='ltr'>χειροτσ·</span> 
     </span>
    </p>

    <p class='ocr_par' dir='ltr' id='par_1_40' title="bbox 134 4442 1749 4516">
     <span class='ocr_line' id='line_1_51' title="bbox 134 4442 1749 4516; baseline 0 -18"><span class='ocrx_word' id='word_1_715' title='bbox 134 4463 203 4498; x_wconf 89' lang='grc' dir='ltr'>στων</span> <span class='ocrx_word' id='word_1_716' title='bbox 213 4443 260 4497; x_wconf 87' lang='grc' dir='ltr'>ύπδ</span> <span class='ocrx_word' id='word_1_717' title='bbox 270 4445 374 4515; x_wconf 89' lang='grc' dir='ltr'>θηρίων,</span> <span class='ocrx_word' id='word_1_718' title='bbox 385 4443 666 4514; x_wconf 87' lang='grc' dir='ltr'>πολυπραγμονήσαντες</span> <span class='ocrx_word' id='word_1_719' title='bbox 681 4443 705 4495; x_wconf 88' lang='grc' dir='ltr'>οί</span> <span class='ocrx_word' id='word_1_720' title='bbox 716 4442 832 4514; x_wconf 74' lang='grc' dir='ltr'>ἐγχῴριοι</span> <span class='ocrx_word' id='word_1_721' title='bbox 843 4444 922 4514; x_wconf 85' lang='grc' dir='ltr'>ἔγνω·</span> <span class='ocrx_word' id='word_1_722' title='bbox 967 4445 1019 4497; x_wconf 89' lang='grc' dir='ltr'>νίαν</span> <span class='ocrx_word' id='word_1_723' title='bbox 1032 4449 1075 4498; x_wconf 90' lang='grc' dir='ltr'>τοῦ</span> <span class='ocrx_word' id='word_1_724' title='bbox 1085 4444 1164 4515; x_wconf 91' lang='grc' dir='ltr'>δήμου</span> <span class='ocrx_word' id='word_1_725' title='bbox 1179 4443 1277 4498; x_wconf 82' lang='grc' dir='ltr'>εἰσιέναι</span> <span class='ocrx_word' id='word_1_726' title='bbox 1291 4445 1347 4507; x_wconf 78' lang='grc' dir='ltr'>τοδς</span> <span class='ocrx_word' id='word_1_727' title='bbox 1358 4446 1467 4516; x_wconf 82' lang='grc' dir='ltr'>πρέσῦεις</span> <span class='ocrx_word' id='word_1_728' title='bbox 1478 4445 1511 4508; x_wconf 87' lang='grc' dir='ltr'>εἰς</span> <span class='ocrx_word' id='word_1_729' title='bbox 1528 4443 1572 4512; x_wconf 81' lang='grc' dir='ltr'>τήν</span> <span class='ocrx_word' id='word_1_730' title='bbox 1592 4444 1693 4516; x_wconf 79' lang='grc' dir='ltr'>βουλήν,</span> <span class='ocrx_word' id='word_1_731' title='bbox 1706 4447 1749 4498; x_wconf 87' lang='grc' dir='ltr'>ίνα</span> 
     </span>
    </p>

    <p class='ocr_par' dir='ltr' id='par_1_41' title="bbox 134 4511 1428 4596">
     <span class='ocr_line' id='line_1_52' title="bbox 134 4511 1428 4596; baseline 0.002 -20"><span class='ocrx_word' id='word_1_732' title='bbox 134 4543 184 4578; x_wconf 90' lang='grc' dir='ltr'>σαν</span> <span class='ocrx_word' id='word_1_733' title='bbox 196 4525 252 4594; x_wconf 79' lang='grc' dir='ltr'>παρ’</span> <span class='ocrx_word' id='word_1_734' title='bbox 271 4523 417 4596; x_wconf 78' lang='grc' dir='ltr'>Ἀκάμαντος</span> <span class='ocrx_word' id='word_1_735' title='bbox 431 4526 469 4577; x_wconf 83' lang='grc' dir='ltr'>ότι</span> <span class='ocrx_word' id='word_1_736' title='bbox 482 4522 584 4594; x_wconf 84' lang='grc' dir='ltr'>Ἀργεῖοι</span> <span class='ocrx_word' id='word_1_737' title='bbox 600 4517 672 4588; x_wconf 79' lang='grc' dir='ltr'>ήσαν,</span> <span class='ocrx_word' id='word_1_738' title='bbox 687 4524 729 4575; x_wconf 79' lang='grc' dir='ltr'>καὶ</span> <span class='ocrx_word' id='word_1_739' title='bbox 738 4525 766 4576; x_wconf 85' lang='grc' dir='ltr'>τδ</span> <span class='ocrx_word' id='word_1_740' title='bbox 781 4511 922 4578; x_wconf 78' lang='grc' dir='ltr'>Παλλάδιον</span> <span class='ocrx_word' id='word_1_741' title='bbox 967 4523 1102 4594; x_wconf 83' lang='grc' dir='ltr'>ἐπικυρωθῇ</span> <span class='ocrx_word' id='word_1_742' title='bbox 1116 4520 1225 4588; x_wconf 83' lang='grc' dir='ltr'>αύτοῖςή</span> <span class='ocrx_word' id='word_1_743' title='bbox 1238 4521 1328 4585; x_wconf 72' lang='grc' dir='ltr'>ἔξοδος.</span> <span class='ocrx_word' id='word_1_744' title='bbox 1344 4527 1428 4581; x_wconf 86' lang='lat' dir='ltr'><strong>FLM.</strong></span> 
     </span>
    </p>

    <p class='ocr_par' dir='ltr' id='par_1_42' title="bbox 136 4600 1749 4680">
     <span class='ocr_line' id='line_1_53' title="bbox 136 4600 1749 4680; baseline 0 -17"><span class='ocrx_word' id='word_1_745' title='bbox 136 4609 250 4680; x_wconf 87' lang='grc' dir='ltr'>εύρόντις</span> <span class='ocrx_word' id='word_1_746' title='bbox 268 4608 398 4680; x_wconf 83' lang='grc' dir='ltr'>ίδρύσαντό</span> <span class='ocrx_word' id='word_1_747' title='bbox 410 4629 436 4663; x_wconf 87' lang='grc' dir='ltr'>τε</span> <span class='ocrx_word' id='word_1_748' title='bbox 454 4609 519 4680; x_wconf 81' lang='grc' dir='ltr'>παρά</span> <span class='ocrx_word' id='word_1_749' title='bbox 535 4611 566 4680; x_wconf 79' lang='grc' dir='ltr'>τῇ</span> <span class='ocrx_word' id='word_1_750' title='bbox 591 4607 677 4679; x_wconf 81' lang='grc' dir='ltr'>Ἀθηνᾷ</span> <span class='ocrx_word' id='word_1_751' title='bbox 690 4611 721 4680; x_wconf 83' lang='grc' dir='ltr'>τῇ</span> <span class='ocrx_word' id='word_1_752' title='bbox 737 4609 869 4680; x_wconf 87' lang='grc' dir='ltr'>Φαληροῖ,</span> <span class='ocrx_word' id='word_1_753' title='bbox 883 4612 924 4663; x_wconf 82' lang='grc' dir='ltr'>καί</span> <span class='ocrx_word' id='word_1_754' title='bbox 1003 4603 1046 4672; x_wconf 85' lang='grc'>95.</span> <span class='ocrx_word' id='word_1_755' title='bbox 1070 4600 1254 4672; x_wconf 70' lang='grc' dir='ltr'>Ἀψενδεῖν]ού</span> <span class='ocrx_word' id='word_1_756' title='bbox 1270 4602 1338 4674; x_wconf 83' lang='grc' dir='ltr'>λέγει</span> <span class='ocrx_word' id='word_1_757' title='bbox 1352 4601 1395 4674; x_wconf 73' lang='grc' dir='ltr'>ἐμέ</span> <span class='ocrx_word' id='word_1_758' title='bbox 1412 4602 1537 4672; x_wconf 65' lang='grc' dir='ltr'>πρθςῖθλς</span> <span class='ocrx_word' id='word_1_759' title='bbox 1553 4601 1749 4673; x_wconf 63' lang='grc' dir='ltr'>Ἀθηναίῡυςψῑῦ·</span> 
     </span>
    </p>

    <p class='ocr_par' dir='ltr' id='par_1_43' title="bbox 135 4677 1748 4760">
     <span class='ocr_line' id='line_1_54' title="bbox 135 4677 1748 4760; baseline 0.002 -18"><span class='ocrx_word' id='word_1_760' title='bbox 135 4690 196 4750; x_wconf 81' lang='grc' dir='ltr'>τούς</span> <span class='ocrx_word' id='word_1_761' title='bbox 207 4689 304 4758; x_wconf 79' lang='grc' dir='ltr'>νεκρούς</span> <span class='ocrx_word' id='word_1_762' title='bbox 325 4689 441 4760; x_wconf 70' lang='grc' dir='ltr'>θάήαντες</span> <span class='ocrx_word' id='word_1_763' title='bbox 454 4689 609 4758; x_wconf 89' lang='grc' dir='ltr'>δικαστήριον</span> <span class='ocrx_word' id='word_1_764' title='bbox 624 4687 740 4755; x_wconf 85' lang='grc' dir='ltr'>ἐποίησαν</span> <span class='ocrx_word' id='word_1_765' title='bbox 758 4687 812 4742; x_wconf 86' lang='grc' dir='ltr'>ἐκεῖ</span> <span class='ocrx_word' id='word_1_766' title='bbox 820 4691 871 4751; x_wconf 87' lang='grc' dir='ltr'>τοῖς</span> <span class='ocrx_word' id='word_1_767' title='bbox 885 4690 923 4744; x_wconf 78' lang='grc' dir='ltr'>ἐπί</span> <span class='ocrx_word' id='word_1_768' title='bbox 968 4682 1055 4733; x_wconf 58' lang='lat' dir='ltr'>‘mom</span> <span class='ocrx_word' id='word_1_769' title='bbox 1069 4677 1093 4732; x_wconf 67' lang='grc' dir='ltr'>Εἰ</span> <span class='ocrx_word' id='word_1_770' title='bbox 1104 4697 1133 4748; x_wconf 67' lang='grc' dir='ltr'>ΥΕ</span> <span class='ocrx_word' id='word_1_771' title='bbox 1146 4677 1272 4748; x_wconf 69' lang='grc' dir='ltr'>ἐψῑῦδῑῖθι</span> <span class='ocrx_word' id='word_1_772' title='bbox 1284 4678 1351 4732; x_wconf 58' lang='grc' dir='ltr'>ἄλλό</span> <span class='ocrx_word' id='word_1_773' title='bbox 1360 4679 1416 4742; x_wconf 69' lang='grc' dir='ltr'>ῐῠίδς</span> <span class='ocrx_word' id='word_1_774' title='bbox 1430 4679 1568 4748; x_wconf 60' lang='grc' dir='ltr'>Ἀθηναίους</span> <span class='ocrx_word' id='word_1_775' title='bbox 1577 4679 1637 4750; x_wconf 63' lang='grc' dir='ltr'>ἐμοῦ</span> <span class='ocrx_word' id='word_1_776' title='bbox 1646 4681 1748 4751; x_wconf 67' lang='grc' dir='ltr'>θῑυῦθῆ·</span> 
     </span>
    </p>

    <p class='ocr_par' dir='ltr' id='par_1_44' title="bbox 136 4753 1647 4996">
     <span class='ocr_line' id='line_1_55' title="bbox 136 4753 1641 4838; baseline 0.001 -27"><span class='ocrx_word' id='word_1_777' title='bbox 136 4767 250 4838; x_wconf 62' lang='grc' dir='ltr'>ἀκουσίῳ</span> <span class='ocrx_word' id='word_1_778' title='bbox 260 4769 328 4838; x_wconf 67' lang='grc' dir='ltr'>φόνῳ</span> <span class='ocrx_word' id='word_1_779' title='bbox 338 4768 478 4838; x_wconf 67' lang='grc' dir='ltr'>φεύγουσιν,</span> <span class='ocrx_word' id='word_1_780' title='bbox 492 4769 554 4822; x_wconf 78' lang='lat' dir='ltr'>LM,</span> <span class='ocrx_word' id='word_1_781' title='bbox 968 4779 1021 4824; x_wconf 88' lang='grc' dir='ltr'>ναι,</span> <span class='ocrx_word' id='word_1_782' title='bbox 1031 4753 1091 4830; x_wconf 70' lang='grc' dir='ltr'>ἵν’]</span> <span class='ocrx_word' id='word_1_783' title='bbox 1105 4758 1237 4827; x_wconf 78' lang='grc' dir='ltr'>ψευσθῆναι</span> <span class='ocrx_word' id='word_1_784' title='bbox 1248 4761 1365 4824; x_wconf 79' lang='grc' dir='ltr'>ποιήσαι,</span> <span class='ocrx_word' id='word_1_785' title='bbox 1381 4759 1440 4828; x_wconf 85' lang='grc' dir='ltr'>όπερ</span> <span class='ocrx_word' id='word_1_786' title='bbox 1451 4759 1563 4830; x_wconf 85' lang='grc' dir='ltr'>ἀμεινον.</span> <span class='ocrx_word' id='word_1_787' title='bbox 1578 4761 1641 4814; x_wconf 82' lang='lat' dir='ltr'>LM.</span> 
     </span>
     <span class='ocr_line' id='line_1_56' title="bbox 177 4834 1647 4916; baseline -0.006 -17"><span class='ocrx_word' id='word_1_788' title='bbox 177 4846 337 4916; x_wconf 79' lang='grc' dir='ltr'>Κατέδειξαν]</span> <span class='ocrx_word' id='word_1_789' title='bbox 350 4846 483 4908; x_wconf 79' lang='grc' dir='ltr'>ἀπέδειξαν.</span> <span class='ocrx_word' id='word_1_790' title='bbox 503 4849 534 4902; x_wconf 91' lang='lat' dir='ltr'>B.</span> <span class='ocrx_word' id='word_1_791' title='bbox 1003 4842 1048 4906; x_wconf 86' lang='grc'>96.</span> <span class='ocrx_word' id='word_1_792' title='bbox 1063 4835 1174 4905; x_wconf 85' lang='grc' dir='ltr'>Ταύτης]</span> <span class='ocrx_word' id='word_1_793' title='bbox 1185 4835 1250 4904; x_wconf 81' lang='grc' dir='ltr'>Αότη</span> <span class='ocrx_word' id='word_1_794' title='bbox 1261 4834 1326 4889; x_wconf 81' lang='grc' dir='ltr'>ἐστίν</span> <span class='ocrx_word' id='word_1_795' title='bbox 1339 4835 1355 4903; x_wconf 77' lang='grc' dir='ltr'><strong>ἡ</strong></span> <span class='ocrx_word' id='word_1_796' title='bbox 1368 4837 1437 4908; x_wconf 93' lang='grc' dir='ltr'>τρίτη</span> <span class='ocrx_word' id='word_1_797' title='bbox 1451 4837 1574 4908; x_wconf 84' lang='grc' dir='ltr'>πρεσόεία.</span> <span class='ocrx_word' id='word_1_798' title='bbox 1592 4839 1647 4894; x_wconf 88' lang='lat' dir='ltr'>BL.</span> 
     </span>
     <span class='ocr_line' id='line_1_57' title="bbox 176 4912 1450 4996; baseline 0.002 -21"><span class='ocrx_word' id='word_1_799' title='bbox 176 4925 329 4995; x_wconf 84' lang='grc' dir='ltr'>Τέμνσντας]</span> <span class='ocrx_word' id='word_1_800' title='bbox 344 4925 375 4978; x_wconf 73' lang='grc' dir='ltr'>τά</span> <span class='ocrx_word' id='word_1_801' title='bbox 386 4925 440 4996; x_wconf 86' lang='grc' dir='ltr'>ίερά</span> <span class='ocrx_word' id='word_1_802' title='bbox 454 4925 529 4996; x_wconf 91' lang='grc' dir='ltr'>τόμια</span> <span class='ocrx_word' id='word_1_803' title='bbox 540 4923 649 4996; x_wconf 89' lang='grc' dir='ltr'>λέγουσι.</span> <span class='ocrx_word' id='word_1_804' title='bbox 662 4923 764 4995; x_wconf 85' lang='grc' dir='ltr'>Τίμνειν</span> <span class='ocrx_word' id='word_1_805' title='bbox 778 4923 805 4976; x_wconf 82' lang='grc' dir='ltr'>δέ</span> <span class='ocrx_word' id='word_1_806' title='bbox 822 4923 850 4976; x_wconf 86' lang='grc' dir='ltr'>τδ</span> <span class='ocrx_word' id='word_1_807' title='bbox 861 4924 924 4978; x_wconf 88' lang='grc' dir='ltr'>θύειν</span> <span class='ocrx_word' id='word_1_808' title='bbox 1008 4915 1065 4969; x_wconf 70' lang='grc' dir='ltr'>Ἐπί</span> <span class='ocrx_word' id='word_1_809' title='bbox 1078 4914 1186 4984; x_wconf 51' lang='lat' dir='ltr'>ww]</span> <span class='ocrx_word' id='word_1_810' title='bbox 1203 4912 1247 4980; x_wconf 67' lang='grc' dir='ltr'>ῐῆθ</span> <span class='ocrx_word' id='word_1_811' title='bbox 1259 4915 1380 4987; x_wconf 61' lang='grc' dir='ltr'>δευτέραν·</span> <span class='ocrx_word' id='word_1_812' title='bbox 1394 4918 1450 4972; x_wconf 79' lang='lat' dir='ltr'>BL·</span> 
     </span>
    </p>

    <p class='ocr_par' dir='ltr' id='par_1_45' title="bbox 137 5001 1752 5234">
     <span class='ocr_line' id='line_1_58' title="bbox 137 5001 1499 5075; baseline -0.001 -18"><span class='ocrx_word' id='word_1_813' title='bbox 137 5006 172 5059; x_wconf 72' lang='grc' dir='ltr'>τά</span> <span class='ocrx_word' id='word_1_814' title='bbox 184 5005 267 5075; x_wconf 91' lang='grc' dir='ltr'>τόμια,</span> <span class='ocrx_word' id='word_1_815' title='bbox 281 5007 343 5060; x_wconf 82' lang='lat' dir='ltr'>LM.</span> <span class='ocrx_word' id='word_1_816' title='bbox 1005 5021 1049 5073; x_wconf 83' lang='lat'>97.</span> <span class='ocrx_word' id='word_1_817' title='bbox 1069 5002 1201 5074; x_wconf 84' lang='grc' dir='ltr'>Ὗστίρσν]</span> <span class='ocrx_word' id='word_1_818' title='bbox 1211 5001 1266 5055; x_wconf 81' lang='grc' dir='ltr'>ἀντί</span> <span class='ocrx_word' id='word_1_819' title='bbox 1277 5008 1320 5056; x_wconf 89' lang='grc' dir='ltr'>τοῦ</span> <span class='ocrx_word' id='word_1_820' title='bbox 1331 5005 1453 5075; x_wconf 78' lang='grc' dir='ltr'>δευτέραν.</span> <span class='ocrx_word' id='word_1_821' title='bbox 1468 5005 1499 5060; x_wconf 84' lang='lat' dir='ltr'>F.</span> 
     </span>
     <span class='ocr_line' id='line_1_59' title="bbox 177 5081 1752 5156; baseline 0.001 -20"><span class='ocrx_word' id='word_1_822' title='bbox 177 5085 222 5136; x_wconf 88' lang='lat'>88.</span> <span class='ocrx_word' id='word_1_823' title='bbox 242 5081 278 5134; x_wconf 87' lang='grc' dir='ltr'><strong><em>Ἧ</em></strong></span> <span class='ocrx_word' id='word_1_824' title='bbox 293 5086 355 5150; x_wconf 89' lang='grc' dir='ltr'>που]</span> <span class='ocrx_word' id='word_1_825' title='bbox 368 5083 432 5136; x_wconf 79' lang='grc' dir='ltr'>πολύ</span> <span class='ocrx_word' id='word_1_826' title='bbox 441 5083 525 5136; x_wconf 87' lang='grc' dir='ltr'>πλόον.</span> <span class='ocrx_word' id='word_1_827' title='bbox 539 5083 569 5138; x_wconf 83' lang='lat' dir='ltr'>F.</span> <span class='ocrx_word' id='word_1_828' title='bbox 1007 5103 1050 5152; x_wconf 87' lang='lat'>99.</span> <span class='ocrx_word' id='word_1_829' title='bbox 1062 5083 1292 5154; x_wconf 82' lang='grc' dir='ltr'>Στρωματόδεσμα]</span> <span class='ocrx_word' id='word_1_830' title='bbox 1304 5085 1320 5134; x_wconf 82' lang='grc' dir='ltr'>ά</span> <span class='ocrx_word' id='word_1_831' title='bbox 1334 5083 1457 5154; x_wconf 90' lang='grc' dir='ltr'>καλοῦμεν</span> <span class='ocrx_word' id='word_1_832' title='bbox 1470 5083 1495 5138; x_wconf 89' lang='grc' dir='ltr'>ἐν</span> <span class='ocrx_word' id='word_1_833' title='bbox 1505 5088 1536 5155; x_wconf 82' lang='grc' dir='ltr'>τῇ</span> <span class='ocrx_word' id='word_1_834' title='bbox 1548 5086 1662 5155; x_wconf 80' lang='grc' dir='ltr'>συνηθείᾳ</span> <span class='ocrx_word' id='word_1_835' title='bbox 1676 5105 1752 5156; x_wconf 90' lang='grc' dir='ltr'>στρω-</span> 
     </span>
     <span class='ocr_line' id='line_1_60' title="bbox 178 5157 1552 5234; baseline 0.002 -21"><span class='ocrx_word' id='word_1_836' title='bbox 178 5161 228 5231; x_wconf 83' lang='grc' dir='ltr'>Ἀρ’</span> <span class='ocrx_word' id='word_1_837' title='bbox 253 5157 313 5229; x_wconf 83' lang='grc' dir='ltr'>οῦν]</span> <span class='ocrx_word' id='word_1_838' title='bbox 336 5161 386 5215; x_wconf 87' lang='grc' dir='ltr'>Ούκ</span> <span class='ocrx_word' id='word_1_839' title='bbox 413 5162 478 5215; x_wconf 79' lang='grc' dir='ltr'>ἔστιν</span> <span class='ocrx_word' id='word_1_840' title='bbox 491 5161 604 5234; x_wconf 83' lang='grc' dir='ltr'>ἔμψυχον</span> <span class='ocrx_word' id='word_1_841' title='bbox 626 5161 694 5214; x_wconf 79' lang='grc' dir='ltr'>τουτὶ</span> <span class='ocrx_word' id='word_1_842' title='bbox 710 5161 739 5214; x_wconf 83' lang='grc' dir='ltr'>τό</span> <span class='ocrx_word' id='word_1_843' title='bbox 762 5162 853 5232; x_wconf 87' lang='grc' dir='ltr'>χωρίον</span> <span class='ocrx_word' id='word_1_844' title='bbox 876 5161 927 5215; x_wconf 79' lang='grc' dir='ltr'>οὐδ’</span> <span class='ocrx_word' id='word_1_845' title='bbox 974 5161 1226 5234; x_wconf 84' lang='grc' dir='ltr'>ματοδεσματόρελλα</span> <span class='ocrx_word' id='word_1_846' title='bbox 1239 5161 1271 5230; x_wconf 80' lang='grc' dir='ltr'>(ί)</span> <span class='ocrx_word' id='word_1_847' title='bbox 1285 5160 1474 5233; x_wconf 80' lang='grc' dir='ltr'>καὶάύελτέρισι.</span> <span class='ocrx_word' id='word_1_848' title='bbox 1492 5165 1552 5220; x_wconf 67' lang='grc' dir='ltr'>ίίίίί.</span> 
     </span>
    </p>

    <p class='ocr_par' dir='ltr' id='par_1_46' title="bbox 139 5239 1746 5314">
     <span class='ocr_line' id='line_1_61' title="bbox 139 5239 1746 5314; baseline 0 -22"><span class='ocrx_word' id='word_1_849' title='bbox 139 5239 273 5306; x_wconf 78' lang='grc' dir='ltr'>ἀληθινόν.</span> <span class='ocrx_word' id='word_1_850' title='bbox 286 5242 349 5295; x_wconf 76' lang='lat' dir='ltr'>LM.</span> <span class='ocrx_word' id='word_1_851' title='bbox 1011 5239 1138 5310; x_wconf 79' lang='grc' dir='ltr'>Βάταλος]</span> <span class='ocrx_word' id='word_1_852' title='bbox 1155 5240 1315 5310; x_wconf 88' lang='grc' dir='ltr'>Πλούταρχος</span> <span class='ocrx_word' id='word_1_853' title='bbox 1332 5240 1357 5294; x_wconf 84' lang='grc' dir='ltr'>ἐν</span> <span class='ocrx_word' id='word_1_854' title='bbox 1370 5247 1406 5314; x_wconf 81' lang='grc' dir='ltr'>τῷ</span> <span class='ocrx_word' id='word_1_855' title='bbox 1420 5243 1586 5314; x_wconf 77' lang='grc' dir='ltr'>Δημοσθένους</span> <span class='ocrx_word' id='word_1_856' title='bbox 1599 5242 1645 5312; x_wconf 82' lang='grc' dir='ltr'>βίῳ</span> <span class='ocrx_word' id='word_1_857' title='bbox 1658 5245 1692 5306; x_wconf 78' lang='lat' dir='ltr'>(c.</span> <span class='ocrx_word' id='word_1_858' title='bbox 1705 5243 1746 5310; x_wconf 78' lang='grc'>4]-</span> 
     </span>
    </p>
   </div>
   <div class='ocr_carea' id='block_1_3' title="bbox 0 0 2085 6084">
    <p class='ocr_par' dir='ltr' id='par_1_47' title="bbox 0 0 2085 6084">
     <span class='ocr_line' id='line_1_62' title="bbox 0 0 2085 6084; baseline 0 0"><span class='ocrx_word' id='word_1_859' title='bbox 0 0 2085 6084; x_wconf 95' lang='lat' dir='ltr'> </span> 
     </span>
    </p>
   </div>
  </div>
 </body>
</html>
