4154 6064
309 474 398 526 -92

356 594 454 672 μοσίων
468 591 611 673 προσόδων,
625 595 670 648 νῦν
691 588 719 648 δὲ
740 589 903 649 πέπαυνται·
919 589 1008 666 εἰρήνη
1021 588 1072 668 γάρ
1084 591 1131 670 cip·

316 703 343 742 lo
360 682 418 759 γίαν
437 683 465 740 οὗ
486 680 585 760 τρέρει·
605 677 695 736 ἔπειτα
718 681 741 736 οἰ
758 677 805 752 μὲν
823 681 870 736 οῦκ
892 677 1055 754 ἀδικούμενοι
1076 679 1133 735 ἀλλ’

356 773 501 835 ἀδικοῦντες
511 767 559 837 τήν
572 768 647 824 πολιν
659 763 852 846 τιμωρήσονται
866 765 910 823 τὸν
925 765 1075 844 προστάντα
1090 767 1136 835 τῇς

355 854 472 934 εἰρήνης,
488 856 511 912 οἱ
522 855 544 912 δ’
560 851 734 932 ὠφελούμενοι
749 851 807 917 τοθς
819 851 962 931 χρησίμως
971 854 1006 914 εἰς
1018 851 1049 909 τὰ
1063 849 1137 909 κοινά

354 942 505 1019 γενομένους
536 939 751 1019 ἐγκαταλείψετε,
778 939 835 1020 (τοι,
861 940 977 1016 Συνῇδον
997 937 1048 1016 γίιρ
1078 935 1136 1004 τοὺς

355 1039 468 1094 παιᾶνας
489 1029 619 1107 Φιλίππῳ
641 1027 867 1102 κατεσκαμμένων
890 1029 941 1084 τῶν
964 1028 990 1082 ἰν
1012 1027 1137 1084 Φωκεῦσι

356 1115 467 1188 πόλεων,
487 1115 522 1182 ὥς
537 1118 643 1194 ρησινθ
664 1113 815 1193 κατήγορος.
840 1113 893 1172 Καί
917 1111 983 1190 ποίῳ
1004 1111 1137 1191 τεκμηρίῳ

359 1203 457 1260 δύναιτ’
472 1201 502 1258 άν
514 1224 552 1266 τις
562 1203 650 1280 σαφῶς
656 1205 731 1258 τοῦτο
742 1197 880 1276 ἐπιδεῖξαι,
889 1198 1020 1269 Ἐκλήθην
1031 1195 1137 1276 μὲνγὰρ

305 1303 340 1352 50
355 1289 398 1348 ert
411 1288 445 1346 τά
457 1287 525 1355 ξίνια
538 1288 664 1364 μετὰτῶν
675 1286 875 1366 συμπρίσῦεων,
892 1277 958 1356 ἦσαν
974 1287 998 1343 δ’
1012 1289 1036 1344 οἰ
1047 1285 1137 1356 κλητοὶ

357 1379 403 1437 καί
416 1378 623 1442 συνδειπνοῦντες
637 1375 683 1433 σὺν
702 1379 759 1440 ταῖς
781 1375 834 1432 ἀπὸ
854 1377 905 1431 τῶν
920 1373 1055 1444 Ἑλλήνων
1068 1397 1139 1451 πρε-

357 1465 457 1531 odelei<
471 1465 517 1522 οῦκ
535 1463 684 1534 ἰλάττουςή
701 1462 836 1520 διακόσιοι.
880 1461 927 1520 Ἐν
938 1460 964 1518 δὲ
978 1461 1092 1534 τούτοις,
1104 1463 1139 1528 ὡς

359 1553 449 1622 ἔοικεν,
465 1551 516 1626 ἐγὼ
536 1549 661 1626 διαφανής
672 1540 703 1620 ήν
718 1551 767 1627 οὐχ
782 1551 913 1624 ὑποσιγῶν
928 1545 996 1604 illl
1009 1547 1136 1626 συνᾴδων,

359 1637 394 1705 ὥς
406 1661 469 1717 φησι
483 1637 652 1713 Δημοσθένης
666 1634 719 1694 οὔτ’
736 1635 813 1700 αὐτὸς
827 1633 919 1712 παρὼν
938 1632 997 1692 οὔτε
1016 1637 1068 1691 τῶν
1086 1636 1141 1690 ἐκεῖ

358 1725 493 1806 παρόντων
511 1722 602 1782 ούθίνα
615 1723 815 1802 παρασχόμενος
836 1722 968 1802 μάρτυρα.
1013 1722 1071 1796 (lca)
1085 1720 1138 1780 Καί

358 1817 437 1893 τῷγε
450 1813 526 1883 δῆλος
536 1802 578 1884 ήν,
591 1813 613 1868 εἰ
625 1811 661 1888 μή
672 1835 700 1888 γε
711 1809 800 1889 ὥσπερ
815 1813 840 1868 ἐν
850 1811 902 1875 τοῖς
911 1809 998 1889 χοροῖς
1011 1809 1140 1887 προῇδον,

334 1903 462 1962 οθῦκοῦν
474 1901 497 1956 εἰ
514 1898 561 1974 μὲν
582 1901 687 1976 ἐσίγων,
709 1899 791 1978 ψευδῆ
813 1919 863 1972 μου
887 1903 1055 1976 κατηγορεῖς·
1072 1898 1094 1953 εἰ
1113 1897 1140 1953 δὲ

359 1991 436 2068 ὀρθῆς
450 1991 513 2064 ήμῑν
530 1989 576 2056 τῆς
586 1985 711 2063 πατρίδος
725 1983 803 2050 οὔσης
817 1983 925 2041 κελτῶν
938 1986 1050 2041 πολιτῶν
1066 1985 1139 2060 κοινῇ

361 2072 441 2150 μηδὲν
453 2071 617 2150 ἀτυχούντων
626 2073 734 2151 συνῇδον
746 2071 813 2147 μετδι
822 2075 873 2128 τῶν
881 2070 968 2129 ἄλλων
976 2069 1020 2127 τδν
1027 2078 1140 2141 παιᾶνα,

361 2163 438 2233 ἡνίκα
452 2165 466 2219 δ
484 2161 538 2226 θεὸς
553 2158 600 2235 μὲν
612 2160 734 2234 ἰτιμῦτο,
750 2158 879 2228 Ἀθηναῖοι
893 2155 920 2214 δὲ
935 2157 1016 2234 μηδὲν
1025 2154 1141 2228 ἠδόξουν,

362 2247 483 2308 εύσίύουν
499 2247 556 2306 ἀλλ’
570 2249 616 2304 οὐκ
630 2245 747 2316 ἠδίκουν,
763 2244 809 2304 καὶ
826 2243 932 2310 δικαίως
952 2243 983 2302 διν
999 2243 1140 2319 σωζοίμην.

361 2333 474 2394 Ἔπειτα
489 2331 540 2409 ἐγὼ
555 2331 601 2404 μὲν
612 2331 654 2389 διίι
666 2337 750 2390 ταῦτα
766 2329 907 2402 ἀνηλέητός
920 2331 958 2397 τίς
973 2333 1027 2406 εἰμι
1040 2329 1139 2410 ἄνθρω-

363 2443 423 2492 πος,
435 2422 466 2479 σὺ
481 2419 508 2478 δὲ
524 2418 631 2490 εύσεὸής
646 2417 890 2478 tresenreuter
903 2419 1063 2496 κατήγορος,

328 2529 352 2569 to
407 2528 453 2568 εει.
476 2507 625 2572 Ὦνείδισας
641 2503 669 2563 δι’
681 2528 726 2580 μοι
742 2504 788 2563 καί
803 2505 934 2572 πολιτείας
944 2504 1105 2582 ἐμπληξίαν,
1120 2506 1143 2561 εἰ

363 2593 564 2674 πεπρεσύευκὼς
586 2591 651 2670 πρὸς
673 2591 810 2650 Φίλιππον
837 2593 962 2670 πρότερον
979 2590 1142 2670 παρεκάλουν

362 2681 403 2740 ἐπ’
415 2685 511 2740 ἐκεῖνον
526 2678 583 2745 τοῦς
596 2677 739 2748 Ἕλληνας.
762 2678 857 2738 Καίτοι
869 2677 979 2754 ταύτην,
996 2681 1019 2736 εἰ
1039 2679 1141 2754 βούλει,

363 2768 411 2840 τήν
436 2766 595 2846 κατηγορίαν
617 2767 731 2823 καὶτῶν
754 2765 840 2824 ἄλλων
861 2765 1001 2836 Ἀθηναίων
1027 2765 1142 2844 δημοσία,

364 2853 561 2934 κατηγορήσεις.
584 2853 754 2928 Ἐπολεμεῖτε
769 2851 1002 2928 Λακεδαιμονίοις,
1017 2852 1061 2910 καὶ
1075 2853 1144 2931 μετὰ

365 2942 412 3013 τήν
437 2946 463 3000 ἰν
487 2939 627 3020 Λεύκτροις
654 2939 791 3018 συμφοράν
814 2941 867 3005 τοῖς
888 2940 974 3005 αὐτοῖς
999 2939 1143 3012 ἰῦοηθεῖτε·

366 3028 529 3106 κατηγάγετε
542 3030 577 3094 εἰς
590 3026 638 3098 τήν
652 3025 766 3106 πατρίδα
782 3025 922 3107 φεύγοντας
934 3025 1085 3101 Θηῦαίους,
1098 3027 1142 3086 καί

367 3117 446 3174 πάλιν
467 3117 565 3182 τούτοις
586 3113 714 3192 ἐμάχεσθε
737 3115 763 3172 ἰν
785 3112 941 3186 Μαντινείᾳ·
962 3114 1144 3190 ἐπολεμήσατε

328 3225 352 3265 ιε
368 3204 530 3284 Ἐρετριεῦσι
552 3205 597 3262 καί
617 3201 771 3278 Θεμίσωνι,
786 3201 832 3258 καλ
849 3201 928 3258 πάλιν
944 3199 1070 3259 ἐσώσατε.
1089 3200 1143 3261 liet

368 3291 468 3370 μυρίοις
481 3289 568 3356 ἄλλοις
582 3289 633 3362 ήδη
645 3293 696 3346 τῶν
712 3288 846 3359 Ἑλλήνων
858 3291 926 3346 οὕτω
936 3287 1080 3366 κέχρησθε·
1092 3290 1144 3354 τοῖς

366 3376 417 3458 γδρ
438 3386 537 3456 καιροῖς
559 3375 797 3456 συμπεριφέρεσθαι
817 3375 918 3454 ἀνάγκη
942 3377 1006 3454 πρὸς
1026 3375 1056 3433 τὸ
1076 3375 1144 3455 κρά-

367 3487 455 3524 τιστον
470 3465 514 3522 καί
523 3464 567 3522 τὸν
580 3463 660 3543 άνδρα
675 3463 719 3521 καί
735 3461 780 3532 τήν
790 3461 874 3520 πόλιν.
898 3463 955 3540 (ιω)
969 3461 1023 3522 'liv
1040 3461 1067 3520 δὲ
1078 3465 1143 3540 ἀγα·

368 3551 411 3610 θδν
423 3550 569 3628 σύμύονλον
578 3550 602 3609 τί
611 3550 663 3630 χρὴ
671 3551 769 3622 ποιεῖν,
781 3551 852 3629 οὔτῇ
865 3551 939 3607 πόλει
951 3549 1013 3629 πρὸς
1022 3549 1051 3607 τὸ
1061 3549 1145 3628 παρὸν

368 3637 401 3697 τίι
418 3637 539 3716 βέλτιστα
555 3634 751 3712 συμύουλεύειν,
766 3634 820 3694 Τδν
832 3635 859 3692 δὲ
873 3636 985 3712 πονηρὸν
1001 3635 1145 3715 κατήγορον

323 3758 328 3768 ·
369 3725 394 3783 τί
408 3723 461 3804 χρή
481 3723 582 3801 λέγειν,
602 3725 631 3781 οὗ
651 3722 710 3788 τοὺς
724 3719 830 3800 καιροθς
844 3721 1079 3800 ἀποκρυπτόμενον
1099 3727 1145 3792 τῇς

331 3831 341 3868 ε
369 3811 485 3890 πράξεως
498 3811 662 3888 κατηγορεῖν,
678 3809 731 3869 Τδν
750 3807 777 3865 δί
792 3811 821 3868 ἰκ
832 3807 933 3888 φύσεως
946 3809 1076 3886 προδότην
1090 3812 1147 3875 πῶς

369 3895 421 3978 χρή
434 3902 550 3974 θεωρεῖν,
573 3887 625 3972 άμύ
635 3919 664 3974 γε
677 3897 727 3972 ούχ
740 3899 775 3964 ὡς
791 3895 821 3954 σθ
841 3904 893 3962 τοῖς
907 3895 1091 3973 ἐντυγχάνουσι
1102 3897 1147 3954 καί

369 3984 525 4043 πιστεύσασι
540 3984 680 4063 κέχρησαι,
695 3983 786 4058 λόγους
801 3984 835 4047 εἰς
846 3983 1001 4060 δικαστήρια
1015 3981 1146 4062 γράροντα

372 4073 464 4148 μισθοῦ
475 4069 579 4133 τούτους
587 4067 702 4149 ἐκρόρειν
713 4077 766 4134 τοῖς
779 4068 914 4134 ἀντιδίκοις
924 4092 932 4138 ,
946 4068 1061 4150 ἔγραψας
1073 4069 1147 4148 λόγον

370 4157 506 4238 Φορμίωνι
516 4161 553 4236 τῷ
567 4155 706 4235 τραπεζίτῃ
729 4153 854 4234 χρήματα
868 4153 969 4214 λαῦύνν·
985 4161 1074 4213 τοῦτον
1090 4155 1149 4226 ἐξή-

372 4267 465 4320 νεγκας
486 4243 672 4324 Ἀπολλοδώρῳ
692 4246 729 4322 τῷ
748 4243 807 4322 περί
826 4249 870 4300 τοῦ
895 4243 1016 4318 σώματος
1038 4243 1149 4322 κρίνοντι

373 4333 528 4409 Φορμίωνα.
561 4331 618 4410 (isc)
645 4333 770 4400 Εἰσῆλθες
792 4333 827 4396 εἰς
845 4332 1049 4406 εὐδαιμονοῦσαν
1067 4331 1150 4388 οἰκίαν

373 4417 420 4486 τήν
449 4415 621 4496 Ἀριστάρχου
646 4423 691 4474 τοῦ
721 4415 843 4495 Μόσχου·
870 4417 967 4486 ταύτην
999 4417 1147 4484 ἀπώλεσας.

336 4523 362 4560 aa
374 4503 527 4582 Προύλαύες
540 4503 598 4582 τρία
612 4501 726 4561 τάλαντα
741 4507 805 4582 παρ’
817 4503 986 4586 Ἀριστάρχου
1001 4501 1149 4583 ρεύγοντος·

373 4597 460 4650 τοῦτον
475 4589 506 4649 τί
521 4595 565 4660 τῇς
579 4593 660 4668 ρυγῇς
675 4589 763 4668 ε’ρύδια
774 4590 968 4670 άπεστίρησας,
982 4593 1029 4648 οὐκ
1044 4593 1150 4669 αἰσχυν·

372 4679 422 4746 θείς
441 4679 487 4750 τήν
507 4679 598 4758 φήμην
616 4677 648 4748 ἣν
664 4679 863 4757 προσεποιήσω,
888 4679 1004 4750 ζηλωτής
1023 4668 1088 4735 εἶναι
1106 4683 1152 4747 τῇς

372 4768 474 4838 ἡλικίας
486 4773 531 4826 τοῦ
547 4768 692 4846 μειρακίου.
736 4769 775 4824 Οὐ
790 4765 840 4846 γάρ
853 4769 884 4836 δή
898 4771 930 4844 τῇ
944 4787 973 4842 γε
986 4764 1109 4843 ἀληθεία·
1122 4767 1151 4822 ού

372 4853 423 4931 γίιρ
437 4853 612 4932 προσδίχεται
626 4853 722 4922 δίκαιος
738 4853 801 4932 ἔρως
815 4853 952 4932 πονηρίαν.
980 4855 1064 4911 Ταῦτ’
1083 4851 1152 4910 ε’στίν

374 4943 388 4996 δ
402 4941 526 5016 προδότης
538 4942 582 4998 καὶ
592 4939 624 4998 cd
635 4939 735 5006 τούτοις
743 4937 831 5015 ὅμοια.

417 5047 463 5086 rar.
487 5027 621 5103 Ἐμνήσθη
640 5025 669 5086 δέ
683 5051 733 5086 που
751 5028 810 5108 περὶ
825 5033 870 5100 τῆς
884 5027 1035 5108 στρατείας,
1050 5027 1151 5088 καὶτὸν

376 5113 455 5170 καλδν
470 5113 631 5191 στρατιώτην
652 5114 698 5190 ἐμὲ
712 5114 857 5189 ὠνόμασεν.
875 5114 946 5192 Ἐγὼ
962 5115 988 5171 δὲ
1007 5117 1056 5192 ούχ
1077 5113 1152 5170 ἕνεκα

336 5217 362 5254 ao
373 5203 418 5269 τῇς
430 5197 520 5256 τούτου
543 5200 726 5279 βλασφημίας,
752 5201 819 5258 till
834 5205 879 5260 τοῦ
898 5199 1023 5280 παρόντος
1037 5197 1152 5258 κινδύνου

815 459 999 520 ΑΙΣΧΙΝΟΥ
1018 461 1044 517 0
1065 463 1153 522 ΠΕΡΙ
1176 461 1510 522 narthecusam.

1821 459 1962 535 θεν-τεεί

1179 613 1233 648 rum
1243 600 1481 650 messisnuncdesiil.
1515 597 1844 648 Paaenimotiumnonatit.
1879 599 1963 662 liergo
2020 591 2022 614 ¹

1179 692 1282 752 quinon
1295 691 1428 751 luduntur,
1445 689 1486 738 sed
1498 688 1591 737 ludunt
1607 688 1794 750 rempublicam,
1813 689 1878 750 pacis
1889 690 1963 738 inter·

1181 781 1272 841 pretem
1284 778 1451 838 mulctabunt;
1466 789 1509 825 vos
1525 789 1582 824 rere
1593 777 1635 838 qui
1652 777 1757 824 lurcium
1772 776 1964 838 perspicimus

1181 865 1559 927 quintilemreipuhlicaeopcram
1567 861 1965 924 uararunt,deseretisi(toulvua

1182 965 1238 1001 curn
1261 952 1370 1015 Philippo
1391 965 1488 1014 paeanes
1511 951 1601 1013 cecini,
1624 951 1715 1000 eversis
1733 951 1894 1000 Phocensium
1920 965 1963 1000 nr-

2021 764 2024 894 l

1183 1040 1266 1102 bibus,
1279 1041 1351 1090 crtait
1364 1042 1498 1089 accusator.
1532 1042 1588 1098 Quo
1604 1041 1685 1088 autern
1706 1037 1731 1086 id
1749 1043 1892 1100 arguueuto
1910 1053 1964 1102 per·
2024 1019 2025 1056 ἰ

1182 1129 1264 1189 spicue
1294 1127 1382 1190 poterit
1408 1127 1587 1177 demonstrare?
1627 1129 1687 1176 Sum
1705 1125 1770 1176 enim
1795 1140 1853 1175 eum
1881 1129 1965 1176 ceteris

1183 1214 1964 1277 nostrislegatisadlrospitiuminritatus3lueruntautomrocati,
2024 1219 2025 1224 ’

1183 1304 1207 1350 el
1220 1303 1354 1352 conomnati
1373 1305 1430 1352 sunt
1441 1315 1497 1350 carm
1511 1302 1670 1364 legationibus
1680 1305 1822 1352 urecornm
1833 1315 1889 1356 ,non
1906 1315 1965 1364 pan·

1183 1390 1260 1438 olores
1272 1389 1390 1440 ducentis.
1423 1392 1488 1439 inter
1508 1402 1569 1450 quos
1586 1402 1629 1450 ego
1646 1389 1737 1438 scilicet
1758 1389 1902 1451 conspicuus
1921 1391 1965 1448 lui,

1184 1501 1232 1536 non
1247 1487 1383 1549 subticens,
1404 1487 1445 1537 sed
1462 1486 1604 1547 concinens,
1616 1489 1643 1535 ut
1660 1487 1694 1536 ait
1712 1487 1884 1536 Demosthenes
1902 1507 1908 1535 :
1925 1489 1967 1549 qni

1184 1595 1229 1630 nec
1246 1583 1295 1644 ipse
1316 1583 1347 1630 ihi
1367 1582 1457 1641 adluit,
1480 1595 1526 1631 nec
1548 1595 1632 1630 eorsum
1651 1581 1693 1642 qui
1711 1579 1872 1630 interluenrnt
1891 1583 1968 1630 ullrrm

2025 1362 2028 1492 l

1185 1677 1269 1725 testem
1279 1675 1400 1738 produxit.
1435 1677 1499 1737 (tut)
1511 1677 1541 1724 nt
1549 1675 1604 1738 quis
1613 1688 1652 1723 me
1661 1688 1730 1723 nosse
1738 1675 1832 1738 potnit,
1841 1675 1888 1724 nisi
1899 1675 1968 1738 torte,
2028 1662 2030 1774 ή

1185 1773 1213 1819 nt
1224 1771 1248 1818 in
1264 1770 1379 1832 coetihus,
1394 1771 1526 1832 praecinui?
1558 1769 1673 1831 ltaquesi
1689 1769 1766 1832 tacui,
1781 1770 1841 1819 salso
1850 1783 1891 1820 me
1900 1785 1971 1819 accu-

1185 1877 1222 1912 sas
1234 1883 1239 1911 :
1252 1863 1288 1912 sin
1299 1865 1375 1925 patria
1388 1866 1469 1912 nostra
1479 1863 1608 1924 incolumi,
1621 1865 1645 1910 et
1654 1862 1748 1912 civibus
1757 1863 1824 1912 nulla
1834 1864 1971 1914 calamitate

1186 1954 1282 2017 publica
1294 1953 1498 2016 conflictantibus,
1516 1967 1625 2016 pmanern
1647 1967 1703 2004 cum
1715 1955 1801 2004 ceteris
1814 1957 1899 2018 legatis
1912 1971 1970 2006 con·
2031 1960 2032 2054 γ

1186 2048 1265 2110 cinni,
1277 2061 1353 2110 quum
1363 2050 1387 2098 et
1398 2049 1443 2097 deo
1456 2049 1533 2097 honos
1546 2047 1684 2108 haberetur,
1694 2050 1719 2097 et
1736 2049 1892 2100 Athenienses
1904 2051 1972 2099 nulla

1187 2143 1315 2204 ignominia
1329 2143 1491 2204 allicerentur,
1507 2143 1546 2204 pie
1562 2141 1620 2201 leci,
1637 2142 1971 2204 noniujuste,et1nrecon-
2032 2110 2033 2200 ἰ

1186 2235 1308 2284 serrahor.
1327 2237 1356 2284 Et
1368 2247 1412 2296 ego
1424 2237 1521 2296 propter
1530 2234 1582 2282 haec
1590 2233 1759 2284 immisericors
1768 2235 1843 2284 trumo
1859 2247 1914 2284 surn
1928 2255 1933 2284 ι
1944 2239 1972 2284 tu

1187 2341 1245 2378 vero
1254 2327 1321 2390 pius,
1330 2327 1371 2389 qui
1380 2326 1413 2375 sis
1423 2339 1521 2388 eorum,
1535 2325 1577 2387 qui
1594 2325 1677 2375 lisdem
1688 2327 1769 2374 tectim
1782 2328 1807 2376 et
1816 2326 1974 2378 libationibus

1188 2425 1212 2472 et
1223 2421 1299 2484 epulis
1312 2420 1349 2470 usi
1360 2422 1431 2480 sunt,
1440 2421 1583 2469 accumtori

1222 2517 1273 2564 tsi.
1291 2517 1369 2576 Atque
1392 2513 1465 2562 etiam
1485 2513 1671 2562 inconstantiam
1691 2511 1836 2574 ingerenda
1851 2514 1976 2576 republica
2035 2569 2036 2578 ¹

1188 2607 1246 2656 milri
1257 2605 1381 2666 objecisti,
1393 2603 1457 2668 quod
1468 2617 1544 2666 quum
1555 2605 1622 2666 prius
1633 2607 1730 2653 Grecos
1737 2607 1822 2653 contra
1834 2605 1972 2667 Philippum

1188 2699 1358 2760 concitassem,
1370 2698 1462 2760 legatus
1470 2697 1499 2745 ad
1511 2710 1567 2746 eum
1578 2697 1672 2746 iverim.
1707 2697 1837 2747 Enimvero
1847 2697 1911 2747 idem
1923 2701 1973 2748 cri-

1189 2805 1244 2840 men
1255 2790 1351 2853 pnblice
1359 2789 1472 2839 omnibus
1482 2789 1664 2839 Atheniensibus
1672 2788 1778 2850 objicies.
1813 2789 1912 2838 Bellum
1924 2803 1976 2851 ges-

1188 2885 1251 2934 sistis
1266 2899 1321 2934 cnm
1339 2883 1525 2934 lacedemoniis
1543 2883 1660 2933 :eosdem
1678 2885 1732 2946 post
1746 2883 1899 2932 Leuctricam
1913 2885 1977 2933 cala·

1189 2979 1297 3028 mitatem
1324 2977 1470 3028 defendistis.
1504 2979 1632 3028 'thebanos
1661 2979 1789 3028 exulantes
1818 2978 1844 3026 in
1873 2980 1976 3040 patriam
2038 3011 2039 3014 =

1190 3074 1347 3124 restituistis:
1361 3075 1387 3122 et
1397 3086 1480 3122 rursus
1490 3071 1587 3122 eosdem
1606 3071 1635 3120 ad
1649 3072 1793 3120 Mantineam
1808 3073 1976 3134 oppugnastis.

1190 3167 1350 3230 oppugnastis
1373 3167 1520 3216 Eretrienses
1537 3169 1562 3216 et
1577 3167 1746 3216 Themisonem
1767 3169 1864 3228 :atque
1878 3167 1977 3216 εοεείετο

1190 3262 1356 3310 conservastis.
1390 3263 1421 3310 et
1435 3263 1533 3310 Grecos
1546 3259 1651 3309 intinitos
1660 3259 1745 3309 eodem
1755 3259 1828 3308 modo
1843 3261 1976 3310 tractastis.

1190 3353 1250 3400 liam
1266 3353 1369 3416 tempori
1382 3354 1482 3415 servire,
1493 3355 1519 3402 el
1534 3351 1625 3414 optima
1635 3365 1739 3414 quumque
1753 3353 1868 3414 amplecti
1881 3354 1978 3415 publtoe

1190 3452 1214 3498 et
1227 3449 1357 3511 privatim,
1374 3461 1457 3498 omnes
1475 3460 1570 3496 necesse
1588 3447 1686 3496 habent.
1719 3446 1785 3507 (tua)
1807 3447 1873 3505 Quid
1890 3451 1977 3498 aretem

1190 3542 1253 3590 bono
1267 3541 1372 3591 senatori
1385 3544 1420 3591 est
1434 3541 1569 3604 agendum?
1579 3553 1658 3590 nonne
1667 3541 1806 3603 reipublicae
1815 3554 1860 3604 pro
1872 3555 1899 3592 re
1910 3546 1977 3602 nala,

1192 3647 1219 3682 ea
1229 3648 1285 3696 quse
1295 3634 1421 3684 utilissima
1427 3635 1483 3695 sint,
1493 3633 1630 3684 suadenda?
1640 3633 1753 3696 improbo
1763 3647 1834 3696 porro
1843 3637 1978 3686 accusatori

1190 3727 1302 3789 quidest
1328 3726 1475 3776 dicendum?
1498 3739 1578 3776 nonne
1598 3727 1747 3789 temporibus
1766 3726 1922 3777 dissimulatis
1942 3741 1980 3776 res

1191 3825 1263 3883 geste
1273 3820 1430 3870 accusandis?
1442 3819 1511 3870 Unde
1520 3833 1592 3882 porro
1600 3820 1672 3869 lrorno
1683 3819 1714 3868 ad
1725 3820 1885 3882 proditionem
1896 3825 1978 3880 natus,

1192 3917 1228 3964 est
1241 3914 1399 3976 spectandus?
1410 3927 1458 3962 non
1469 3913 1515 3974 ita,
1527 3915 1555 3963 nt
1565 3915 1591 3962 tn
1601 3913 1629 3962 iis
1638 3927 1696 3962 usus
1705 3925 1731 3962 es
1741 3913 1784 3974 qui
1794 3913 1838 3962 tibi
1850 3913 1979 3964 familiares

1192 4009 1303 4067 ruerunt,
1316 4008 1340 4056 et
1354 4005 1426 4055 sidem
1440 4004 1593 4067 imbuerunt3
1606 4005 1648 4068 qui
1665 4005 1697 4054 oh
1708 4003 1845 4053 mercedem
1856 4007 1980 4055 orationes

1192 4096 1222 4144 ad
1239 4097 1328 4158 Judicia
1344 4097 1447 4158 scribat,
1461 4109 1550 4158 easque
1562 4095 1648 4157 prodat
1666 4097 1823 4146 adversariis?
1836 4099 1978 4147 Orationem

1193 4189 1305 4250 scripsisti
1318 4187 1455 4238 Phormioni
1474 4187 1606 4248 mensurio,
1623 4189 1724 4250 pecunia
1741 4193 1839 4250 accepta
1855 4209 1861 4238 :
1877 4191 1978 4240 andem

1195 4283 1338 4345 Apollodoro
1348 4281 1480 4342 tradidisti,
1496 4281 1538 4343 qui
1550 4281 1719 4332 Phormionem
1736 4283 1821 4346 capitis
1838 4284 1978 4334 aocusahat.

1195 4377 1260 4436 (tou)
1274 4379 1395 4438 ingressus
1413 4387 1439 4424 es
1458 4376 1483 4424 tn
1499 4375 1623 4424 llorentem
1641 4375 1769 4424 Aristarchi
1787 4373 1905 4435 domum,
1926 4379 1980 4424 lto·

1194 4469 1245 4518 solli
1256 4469 1296 4518 iulii
1306 4485 1313 4530 ;
1324 4481 1377 4518 eam
1389 4467 1520 4530 perdidisti.
1537 4467 1673 4530 Praecepisti
1682 4467 1825 4516 triatalenta
1834 4467 1866 4516 nh
1874 4469 1980 4518 Aristar·

1195 4562 1241 4610 otro
1258 4563 1300 4623 qui
1311 4562 1394 4610 exulat
1405 4580 1411 4610 ι
1422 4573 1478 4609 eum
1493 4560 1558 4609 exilii
1574 4559 1663 4609 viatico
1676 4559 1795 4623 spoliasti,
1812 4561 1903 4610 tamam
1920 4561 1981 4610 nihil

1197 4654 1299 4715 corilus,
1309 4667 1386 4716 quum
1405 4655 1430 4702 tc
1446 4653 1527 4702 mirari
1544 4655 1645 4702 sormam
1657 4653 1815 4703 adolescentis
1832 4652 1980 4703 slmrrlasses.

1196 4749 1278 4809 Neque
1294 4747 1357 4796 enirn
1370 4759 1425 4796 vere
1436 4745 1538 4795 miratus
1547 4759 1573 4795 es
1587 4759 1683 4809 :neque
1694 4745 1758 4796 enirn
1769 4759 1840 4794 serus
1848 4758 1917 4794 amor
1937 4745 1981 4794 ins·

1198 4840 1339 4902 probitatem
1357 4839 1471 4889 admittit.
1485 4839 1565 4889 Exilis
1580 4839 1746 4902 similibusque
1762 4839 1835 4888 rebus
1851 4839 1981 4888 aestiman-

1196 4933 1242 4983 dus
1254 4936 1291 4984 est
1300 4933 1416 4996 proditor.

1230 5037 1281 5082 tel.
1297 5030 1407 5089 Quodam
1417 5031 1489 5080 etiarn
1500 5029 1553 5078 locu
1562 5027 1654 5078 militia
1663 5027 1808 5076 mentionem
1817 5026 1882 5087 lecit,
1892 5039 1985 5090 cneque

1197 5117 1318 5181 egregium
1332 5119 1401 5167 illum
1415 5118 1515 5168 militem
1528 5115 1669 5179 appellavit;
1685 5127 1729 5176 ego
1741 5127 1798 5164 vero
1811 5127 1859 5164 non
1882 5120 1984 5177 propter

1198 5208 1261 5256 illius
1274 5207 1423 5268 convicium,
1434 5206 1475 5256 sod
1486 5203 1629 5255 discriminis
1639 5201 1710 5263 lucius
1720 5202 1800 5252 habita
1811 5203 1916 5264 ratione,
1929 5203 1985 5252 sinc
