4158 6114
757 505 1011 602 retensum.

80 640 126 700 τὸν
138 639 189 718 γδρ
205 637 334 699 Διόνυσον
347 634 456 698 Θίοινον
473 635 579 714 ἔλεγον,
593 639 629 704 ῶς
643 639 719 707 δηλοῖ
738 639 870 717 Αἰσχύλος

83 728 130 786 καί
143 725 249 806 Ἴστρος
259 730 286 786 ἰν
297 726 324 784 α’
339 728 517 803 Συναγωγῶν.
531 727 573 785 Cf.
589 727 715 786 Pierius.

125 937 206 992 ldem
220 951 228 992 t
249 931 442 1010 Καιρωνίδα
453 955 473 990 ι.
486 929 565 990 Ἐστι
579 930 721 1011 λυκοόργιρ
733 931 807 1008 λόγος
821 930 863 988 αθ-

81 1045 133 1087 τως
147 1019 367 1100 ἐπιγραφόμενος·
379 1019 550 1097 Κροκωνιδῶν
563 1019 712 1078 διαδικασία
724 1019 788 1096 πρδς
801 1021 867 1077 Κοι-

84 1109 204 1186 ρωνίδας,
213 1107 242 1165 όν
255 1107 318 1166 ίνιοι
332 1105 442 1166 Φιλίνου
452 1106 611 1182 νομίζουσιν.
626 1104 707 1166 Ἔστι
718 1106 745 1164 δί
758 1105 830 1184 γόνος
843 1107 867 1164 ol

87 1195 263 1275 Κοιρωνίδαι,
294 1193 356 1271 περὶ
379 1184 416 1252 ῶν
436 1191 540 1272 Ἴστρος
557 1196 584 1252 ἐν
611 1197 644 1272 τῇ
660 1197 799 1272 συναγωγῇ
820 1197 867 1264 ιη”ς

83 1283 197 1349 Ἀτθίδος
211 1279 300 1362 φησίν.
313 1280 513 1358 Ὢνομασμίνον
527 1281 551 1338 δ’
562 1279 593 1338 θν
608 1278 649 1354 τίη
658 1280 711 1340 dub
723 1281 867 1359 Κοίρωνος,

83 1369 113 1428 θν
126 1369 201 1429 νόθον
210 1367 322 1448 αἰδελρθν
336 1356 403 1428 εἷναί
414 1390 478 1448 ροισι
491 1373 536 1428 τοῦ
552 1367 705 1448 Κρόκωνος,
719 1369 782 1446 παρ’
794 1367 809 1426 δ
822 1367 867 1426 καί

83 1457 263 1536 ἐντιμοτέρους
285 1447 353 1514 ε’ίναι
368 1455 428 1522 τοὺς
441 1455 619 1535 Κροκωνίδας.
633 1454 668 1514 Ὁ
681 1454 708 1512 δί
730 1454 774 1513 τδν
789 1455 863 1533 λόγον

82 1543 236 1625 γεγραρόις,
252 1541 323 1610 ὅστις
336 1543 394 1601 ποτ’
409 1544 492 1614 ἐστίν,
507 1542 591 1624 τρισίν
606 1543 715 1618 ὀνόμασί
728 1566 805 1624 φησιν
820 1567 867 1601 αυ-

82 1633 142 1699 τοίις
156 1635 393 1712 προσηγορεῦσθαι·
410 1630 520 1710 καὶγὰρ
536 1629 699 1712 Κοιρωνίδας
718 1631 764 1689 καί
787 1633 866 1691 Φιλι-

84 1727 122 1785 εἰς
136 1718 182 1777 καί
206 1716 368 1797 Περιθοίδας.
382 1717 424 1778 Cf.
444 1719 560 1775 Photius
574 1729 603 1776 et
618 1719 718 1776 Surdas
732 1731 761 1776 et
776 1721 863 1778 licii.

85 1813 141 1864 An.
162 1827 194 1884 p.
210 1807 278 1878 273.

459 1908 507 1967 θθ.

127 2015 209 2072 Idem
227 2009 426 2072 ιΚυννίδαι·
447 2016 597 2090 Λυκοῦργος
616 2013 690 2090 ἰντῇ
717 2011 867 2092 διαδικασίᾳ

85 2102 258 2180 Κροκωνιδῶν
272 2099 336 2178 πρὸς
352 2099 520 2178 Κοιρωνίδας·
533 2099 606 2178 γένος
626 2099 681 2159 lari
698 2100 762 2180 παρ’
786 2102 868 2172 Ἀθη-

82 2188 166 2254 ναίοις
175 2191 200 2248 al
218 2187 351 2248 Κυννίδαι.
465 2243 470 2256 ,

434 2275 472 2332 58
483 2277 513 2335 b.

1637 513 1693 566 θθθ

915 641 1022 713 inquit,
1038 634 1088 694 ὑπό
1102 657 1130 694 τι
1143 636 1195 693 τῶν
1208 635 1309 694 ἱππίων
1318 633 1423 694 πόντων
1435 633 1609 712 ἀνδραγαθίας
1618 635 1695 694 ίνεκα

914 723 959 782 καί
973 723 1023 782 iel
1037 727 1087 782 τῶν
1117 722 1314 802 συναρχόντων·
1333 725 1405 799 ὑμεῖς
1420 721 1472 802 γείρ
1488 745 1540 797 με,
1564 711 1586 779 ῶ
1605 722 1695 802 ἄνδρες

914 811 1052 881 δικασταί,
1079 815 1183 890 πρῶτον
1215 808 1262 887 μίν
1290 809 1424 890 φύλαρχον
1461 809 1695 890 ἰχειροτονήσατε,

912 898 1003 958 ἔπιιτα
1016 903 1053 966 τίς
1068 903 1175 975 Λῆμνον
1189 897 1339 979 ἵππαρχον,
1353 897 1398 956 καί
1407 889 1473 976 ἦρξα
1485 898 1534 974 μίν
1549 897 1638 957 αὐτόθι
1653 899 1692 956 δύ’

912 989 958 1058 ἔτη
970 991 1023 1045 τῶν
1033 985 1136 1044 πώποθ’
1146 984 1354 1064 ἱππαρχηκότων
1371 983 1449 1061 μόνος
1456 1029 1465 1060 ,
1482 985 1694 1063 προσκατέμεινα

913 1073 940 1131 δί
957 1074 1045 1132 αὐτόθι
1063 1073 1106 1132 τδν
1129 1071 1214 1152 τρίτον
1233 1069 1349 1130 ίνιαυτθν
1365 1073 1394 1130 οὐ
1415 1071 1571 1148 βουλόμενος
1586 1072 1695 1138 πολίτας

913 1159 1007 1239 ἄνδρας
1018 1160 1061 1220 tet
1070 1159 1186 1240 κεφαλὴν
1201 1157 1366 1238 ιῖσπροίττειν
1380 1157 1423 1217 τδν
1439 1157 1530 1234 μισθδν
1540 1167 1593 1225 τοῖς
1602 1161 1692 1218 ἱππεῦ-
1758 1221 1762 1232 ,

913 1262 954 1298 σιν
964 1239 1069 1317 ἀπόρως
1078 1237 1289 1314 διακειμένους...
1299 1238 1441 1317 Στεροίνοις
1454 1236 1480 1296 δί
1492 1237 1577 1314 τρισίν
1588 1239 1697 1315 ἐστεφα-

912 1323 996 1396 νώθην
1009 1327 1060 1384 tui
1069 1331 1114 1386 τοῦ
1127 1325 1211 1402 δήμου
1226 1330 1270 1384 τοῦ
1281 1327 1308 1383 ἰν
1318 1323 1465 1405 Ἠραιστίᾳ
1480 1325 1525 1382 καί
1539 1324 1634 1402 ἑτέροις
1645 1326 1696 1384 ὑπὸ

911 1415 958 1471 τοῦ
972 1413 998 1470 δν
1019 1411 1136 1492 Μυρίνῃ.
1149 1415 1178 1472 Is
1192 1417 1289 1492 igitur,
1303 1415 1372 1470 dum
1384 1415 1429 1469 vel
1448 1415 1478 1468 in
1491 1413 1586 1469 Lesbo
1601 1414 1695 1470 adhuc

842 1545 849 1566 ,
912 1501 1076 1558 versabatur
1095 1503 1141 1557 vel
1167 1503 1284 1558 Athenis
1307 1502 1410 1576 procul
1433 1501 1501 1556 alibi
1526 1501 1694 1574 degebat‚a

912 1591 1045 1663 Lycurgo
1063 1585 1228 1664 εἰσαγγελίας
1244 1592 1357 1646 actione
1371 1587 1409 1644 ad
1431 1589 1570 1663 populum
1585 1587 1695 1644 delatus

913 1688 956 1733 eat
970 1677 1005 1740 ὡς
1020 1673 1159 1733 καταλύων
1172 1673 1217 1732 τδν
1231 1675 1316 1750 δῆμον
1330 1673 1503 1753 παραθαίνιον
1514 1674 1572 1740 τοὺς
1585 1673 1694 1750 νόμους,

912 1775 945 1819 ut
960 1766 1019 1837 ipse
1032 1765 1207 1838 Lycophron
1226 1766 1283 1839 ait3
1296 1783 1362 1820 cum
1383 1763 1464 1836 cujus
1484 1765 1578 1820 verbis
1598 1765 1696 1822 coule-

912 1853 1000 1908 renda
1016 1871 1077 1925 quae
1090 1850 1126 1909 lr.
1144 1871 1180 1922 7⁰
1195 1855 1343 1926 Lycurgus
1354 1849 1426 1907 dicit
1441 1867 1448 1907 :
1465 1849 1495 1906 οὐ
1506 1849 1557 1927 γὰρ
1570 1847 1639 1906 όσιον
1651 1849 1695 1908 τὸν

912 1936 972 2004 τοὺς
989 1936 1186 2017 γεγραμμίνους
1200 1935 1309 2012 νόμους,
1323 1937 1356 1994 δι’
1367 1927 1404 1994 ῶν
1421 1941 1438 2008 ἡ
1457 1936 1622 2014 δημοκρατία
1639 1935 1695 1994 σώ-

914 2026 1000 2099 ζεται,
1020 2024 1232 2104 παραθαίνοντα,
1247 2024 1342 2102 ἐτέρων
1365 2023 1393 2082 δί
1409 2027 1550 2104 μοχθηρῶν
1566 2022 1694 2100 ἐξηγητὴν

913 2113 976 2172 ἰθῶν
987 2113 1031 2170 καί
1042 2111 1183 2186 νομοθέτην
1193 2111 1331 2190 γενόμενον
1344 2111 1510 2188 ἀτιμώρητον
1522 2112 1635 2190 όρεῖναι.
1648 2115 1696 2169 Ce-

915 2213 1006 2256 terum
1030 2204 1178 2276 Lycurgus
1198 2198 1364 2277 εἰσαγγελίαν
1383 2199 1532 2256 instituens
1559 2201 1588 2254 in
1607 2199 1696 2272 majus

913 2307 973 2344 rem
988 2291 1098 2344 auxisse
1112 2302 1141 2344 et
1153 2289 1191 2365 τῷ
1210 2286 1398 2364 εἰσαγγελτικῷ
1411 2282 1483 2365 νόμιρ
1503 2285 1544 2342 ita
1558 2305 1625 2342 usus
1639 2307 1696 2342 esse

88 2388 96 2404 '
125 2381 280 2439 Athenaeo
293 2377 328 2450 ii,
342 2400 374 2455 p.
396 2379 464 2452 425,
485 2383 531 2438 B:
558 2379 594 2438 Ol
618 2377 646 2436 δί
660 2377 780 2438 οἰνόπται
797 2369 868 2436 οὗτοι
912 2375 1038 2446 ridetur,
1054 2385 1085 2430 ut
1100 2377 1221 2432 civitatis
1236 2375 1362 2430 instituta
1376 2373 1696 2428 evertietiamcrimine

82 2465 207 2546 ίρεοθρων
220 2465 254 2524 τό
268 2468 295 2524 ἐν
310 2474 362 2532 τοῖς
374 2465 501 2536 δείπνοις,
515 2467 538 2524 εἰ
558 2467 617 2522 κατ’
631 2465 689 2524 ἰσον
710 2465 830 2523 πίνουσιν
844 2467 868 2521 ol
914 2461 1023 2518 diceret
1045 2463 1125 2536 quod
1141 2481 1193 2537 per
1215 2481 1243 2518 se
1258 2471 1414 2536 spectatum
1428 2460 1543 2516 nonnisi
1557 2461 1644 2536 γραφῇ
1659 2461 1696 2515 ad

81 2555 214 2620 συνόντες.
236 2551 287 2613 Καί
301 2543 333 2624 ἦν
354 2551 458 2631 ἡάρχὴ
481 2552 602 2628 εὐτελής,
616 2553 651 2618 ὡς
674 2552 791 2633 θρήτωρ
804 2551 869 2630 psal
914 2549 1114 2604 thesmuthetas
1147 2551 1302 2624 pertinenti
1332 2549 1427 2602 locum
1455 2547 1523 2602 dare
1550 2547 1694 2620 potuisset.

82 2645 193 2709 Φιλῖνος
206 2645 233 2700 ἰν
252 2645 286 2720 τῇ
302 2641 473 2720 Κροκωνιδῶν
499 2639 661 2718 διαδικασία·
678 2641 722 2698 καὶ
743 2637 784 2698 ότι
799 2643 868 2718 τρεῖς
913 2632 996 2690 Certe
1006 2637 1173 2710 primarium
1184 2639 1292 2692 crimen
1306 2634 1447 2708 quodreo
1465 2633 1598 2702 dabamr,
1615 2635 1695 2708 posi-

83 2723 152 2800 ἦσαν
168 2732 193 2789 ol
206 2727 339 2802 οἰνόπται,
355 2726 446 2796 οίτινις
458 2731 502 2788 καὶ
517 2735 644 2808 παρεῖχον
665 2732 721 2796 τοῖς
734 2729 867 2788 δειπνοῦσι
914 2732 973 2777 mm
988 2727 1050 2782 erat
1061 2725 1091 2778 iu
1104 2725 1276 2780 contumelia
1288 2733 1317 2777 et
1329 2721 1481 2781 adulterio.
1503 2721 1615 2777 Scilicet
1630 2739 1695 2777 mu-

84 2818 197 2897 λύχνους
206 2817 251 2876 καί
266 2817 430 2897 θρυαλλίδας.
913 2809 966 2864 lier
990 2811 1168 2866 Atheniensis
1190 2828 1207 2866 a
1227 2811 1374 2882 Dioxippo
1404 2810 1507 2877 fratre,
1534 2807 1624 2862 nobili
1645 2808 1694 2861 illo

915 2899 1119 2970 pancratiasta,
1147 2899 1196 2971 qui
1217 2907 1283 2972 post
1305 2897 1379 2951 banc
1403 2915 1513 2952 causam
1541 2895 1694 2950 Alexandri

914 2993 1005 3038 castra
1017 2985 1048 3038 in
1063 2985 1128 3040 Asia
1139 2995 1253 3039 secutus
1266 2993 1317 3052 est,
1330 2989 1396 3058 post
1409 2983 1514 3058 prioris
1526 2983 1621 3036 mariti
1632 2982 1694 3037 obi·

916 3080 974 3124 turn
994 3073 1024 3125 in
1040 3072 1253 3126 matrimonium
1267 3070 1335 3126 data
1351 3081 1393 3126 est
1407 3071 1561 3144 Charippo.
1588 3071 1650 3124 lant
1665 3072 1696 3124 in

913 3160 973 3232 ipsa
986 3179 1092 3234 pompa
1103 3160 1222 3234 nuptiali
1236 3159 1410 3233 Lycophron
1423 3157 1460 3214 ad
1471 3157 1604 3213 seminam
1615 3175 1695 3213 accc·

914 3247 982 3302 dens
1006 3248 1170 3303 exhortatus
1183 3265 1245 3303 eam
1260 3265 1316 3304 esse
1337 3245 1425 3302 fertur
1438 3265 1474 3301 ne
1497 3263 1557 3300 rem
1579 3245 1695 3301 haberet

914 3351 978 3389 cum
1000 3335 1156 3411 Charippo‚
1169 3335 1218 3391 sed
1238 3337 1289 3410 ipsi
1313 3353 1342 3390 se
1361 3343 1517 3390 reservaret
1540 3333 1693 3406 integram.

916 3422 1097 3478 Praeterhanc
1109 3424 1309 3477 contumeliam
1322 3421 1431 3477 feminae
1442 3422 1570 3494 ingenuae
1580 3419 1695 3493 publice

452 2920 468 2976 5
493 2963 500 2978 .

123 3025 206 3080 Idem
223 3045 230 3078 ·.
248 3019 369 3098 Σκαμθ
376 2939 490 3080 ualde?
489 3043 510 3077 ι·
529 3025 680 3100 Λυκοῦργος
693 3025 719 3080 ἐν
734 3025 766 3100 τῇ
781 3021 868 3080 διαδι-

84 3110 168 3188 κασίρ
182 3109 362 3190 Κροκωνιδῶν.
376 3105 458 3168 Ἔστι
470 3107 498 3166 δί
510 3109 592 3184 δῆμος
607 3113 652 3180 τῆς
667 3109 812 3174 Λεοντίδος.

446 3213 495 3274 60.

123 3317 232 3374 Idem:
257 3314 588 3395 Προσχαιρητήρια·
611 3320 760 3395 Λυκοῦργος
780 3319 807 3374 ἰν
830 3320 864 3394 τῇ

82 3401 257 3480 Κροκωνιδῶν
279 3399 440 3480 διαδικασία·
460 3399 537 3478 ἑορτὴ
551 3401 615 3480 παρ’
635 3401 779 3472 Ἀθηναίοις
803 3405 867 3480 όγο·

81 3489 165 3563 μένην
178 3487 221 3545 3²⁸
233 3489 303 3545 δοκεῖ
315 3487 446 3558 memb
466 3487 549 3567 den.
913 3512 1023 3566 illatam
1036 3523 1121 3584 atque
1136 3512 1318 3580 adulterium,
1331 3511 1386 3565 alia
1399 3510 1487 3564 multa
1496 3526 1597 3581 parurn
1611 3508 1695 3562 nobis
1739 3533 1741 3540 ·

83 3637 132 3694 n.
146 3634 210 3693 ΧΠ·
223 3631 325 3691 im
347 3631 609 3692 iuononi
630 3633 865 3694 unsrun.
912 3609 1058 3740 iiii
1077 3593 1696 3741 'iiiiiiitiiiiiziiiii

392 3755 491 3826 A⁶l⁰¹
514 3749 555 3830 θ’·
913 3703 1046 3828 οπιίίίίιυε
1062 3705 1155 3828 Idausis
1181 3773 1300 3849 publicis
1329 3703 1424 3826 vicibbe
1449 3701 1575 3838 dil-alud}
1597 3771 1695 3842 Lyco-

121 3858 298 3932 Lycopbron
321 3876 338 3912 a
357 3861 490 3932 Lycurgo
518 3867 665 3912 accusatus
690 3857 817 3912 defendit
839 3877 868 3912 se
913 3860 1053 3933 pirronem
1069 3860 1198 3934 sequitur
1212 3857 1402 3915 succubuisse.
1419 3857 1519 3929 ltaque
1534 3856 1693 3930 probabili·

83 3946 216 4000 oratione
230 3945 265 4000 ab
277 3945 422 4020 Hyperide
431 3947 534 4018 scripta
544 3986 552 4012 ,
563 3949 641 4015 cujus
650 3963 715 4018 pars
727 3947 868 4017 posterior·
913 3958 955 4002 ter
969 3948 1089 4002 llieierus
1105 3947 1168 4020 (De
1182 3947 1306 4018 Lycurg.
1319 3964 1349 4019 p.
1368 3943 1521 4018 CXXVII)
1538 3953 1631 3998 censet
1643 3943 1692 3996 ba·

82 4034 118 4086 ab
135 4032 334 4106 Anglisnuper
348 4034 378 4086 in
392 4034 639 4104 lucemprotracta
651 4043 701 4087 est.
715 4035 749 4086 ln
763 4051 795 4088 ea
811 4037 869 4106 Ly·
912 4035 1000 4088 bitom
1024 4051 1082 4088 esse
1095 4035 1220 4106 priorem
1235 4034 1360 4108 Lycurgi
1372 4033 1530 4087 orationem
1548 4033 1577 4084 in
1596 4032 1694 4105 priore

81 4121 216 4192 cophron
225 4118 296 4174 dicit
307 4121 386 4192 equis
399 4119 542 4175 alendisse
556 4137 608 4192 per
620 4137 703 4174 omne
714 4121 778 4173 vitae
793 4131 866 4175 tem·
913 4123 1036 4194 actione,
1053 4139 1141 4193 quum
1156 4119 1191 4174 de
1208 4137 1251 4190 re,
1263 4121 1379 4176 alteram
1393 4121 1422 4174 in
1432 4117 1554 4175 secunda
1569 4119 1692 4190 actione,

81 4227 136 4280 pus
152 4205 236 4262 luisse
254 4223 433 4279 summopere
457 4205 595 4263 deditum.
613 4203 816 4284 Ἔστερείνωμαι
827 4205 864 4284 δ’,
914 4227 1002 4281 quum
1016 4209 1052 4264 de
1063 4226 1147 4282 poena
1161 4219 1303 4281 ageretur.

79 4369 372 4432 crisrcabant313acchum
383 4371 471 4432 quine
481 4369 577 4419 ίαοίνιον
587 4369 713 4430 rorabant,
722 4373 750 4420 ut
761 4371 861 4433 AEsoby·
910 4372 1100 4424 curandarum.
1127 4377 1169 4422 ist
1191 4373 1278 4426 inmitis
1303 4373 1366 4436 apud
1396 4372 1554 4422 Atlrenleuses
1574 4371 1691 4420 sicdicts.
1733 4423 1738 4432 ,

80 4443 120 4492 ias
134 4441 253 4503 declarat,
264 4445 289 4491 et
300 4444 361 4492 ister
375 4443 398 4491 in
413 4443 491 4504 primo
505 4443 722 4492 collectaneorum.
1264 4452 1294 4494 as
1312 4443 1336 4492 b.

456 4515 494 4562 57.
942 4515 1102 4575 emptarum
1112 4513 1198 4564 borum
1210 4528 1298 4563 munus
1313 4515 1365 4564 erat
1373 4513 1501 4562 observare
1513 4512 1572 4574 qaid
1588 4511 1613 4560 ia
1625 4523 1694 4560 omna

117 4579 272 4630 coronide.
289 4583 412 4642 Lycurgus
428 4582 525 4642 scripsit
544 4581 689 4642 orationem,
706 4583 745 4631 cui
763 4581 864 4632 titulus:
910 4585 1030 4644 ageretur,
1042 4595 1074 4632 aa
1083 4595 1114 4631 ss
1124 4595 1196 4644 aeqoo
1208 4583 1318 4632 biberent
1327 4583 1447 4632 conviue.
1461 4585 1490 4630 tit
1501 4584 1553 4630 erat
1565 4581 1691 4642 magistra·

79 4649 274 4698 croconidamro
291 4649 454 4699 mutrorersia
468 4663 524 4700 cum
538 4651 687 4712 cerostatis,
709 4665 782 4713 quam
805 4665 865 4700 non·
911 4655 951 4700 tus
965 4651 1003 4700 ills
1014 4651 1100 4712 exigua
1115 4653 1212 4714 quidem
1226 4652 1354 4714 dignitate,
1368 4655 1395 4700 ut
1405 4653 1439 4699 ait
1451 4649 1592 4699 Plrilinrtsln
1602 4651 1691 4699 Greco-

81 4720 144 4768 nulli
159 4719 251 4768 Phiiiuo
263 4719 380 4768 tribuunt.
393 4723 435 4768 list
452 4733 511 4769 sero
521 4720 611 4769 lamilla
621 4721 820 4782 coeronidarurn,
836 4723 866 4770 de
910 4721 1021 4770 uideram
1031 4721 1208 4783 disceptatione.
1221 4724 1341 4784 morique
1351 4721 1424 4782 idem,
1433 4725 1481 4770 tra
1491 4720 1563 4769 luisse
1572 4721 1690 4782 eropus,

81 4789 176 4848 unibus
200 4789 261 4836 ister
289 4789 314 4835 in
333 4788 473 4838 collectione
497 4803 577 4839 reram
605 4791 740 4839 Atticarum
758 4792 864 4852 exponit.
910 4791 952 4854 qui
965 4792 1114 4840 coenanbbns
1128 4791 1238 4842 lucernas
1251 4795 1276 4841 et
1292 4791 1412 4855 eiiyeltnia
1423 4789 1613 4852 sappeditarent.

81 4859 228 4918 Nrrncupata
240 4857 333 4906 ridetur
344 4855 485 4919 acoeroue',
498 4873 571 4922 quem
581 4863 683 4909 ootirum
698 4861 812 4910 Grocoois
823 4861 865 4909 irs·
1281 4865 1321 4910 ⁵9.

80 4933 146 4978 trem
164 4927 238 4976 tuisse
250 4927 350 4990 dicant;
360 4941 436 4990 quare
449 4929 521 4978 etism
534 4931 678 4979 crocooidn
689 4943 739 4992 pra
754 4933 861 4982 ceroni-
943 4929 1127 4980 scombonidae.
1141 4933 1265 4993 Lycurgus
1284 4931 1309 4980 ln
1322 4929 1482 4980 controversis
1493 4928 1690 4980 croconidarom.

80 4999 119 5048 dis
132 4998 160 5046 is
175 4997 265 5046 bonore
279 4997 335 5047 siat.
350 5001 439 5048 Auctor
456 4999 522 5048 iilius
538 4999 671 5060 orationis,
684 5000 793 5062 quisquis
813 5005 864 5050 tan·
912 5003 955 5052 list
967 5000 1069 5062 populus
1079 5001 1202 5051 matidis
1219 5002 1304 5052 tribus.

78 5069 138 5117 ‹iern
150 5066 195 5128 sit,
208 5067 285 5114 tribus
295 5079 338 5116 eos
347 5067 485 5116 nominibus
496 5067 608 5131 appellari
618 5069 716 5130 scribit,
728 5069 866 5120 coeronidas
1281 5076 1320 5121 to.

79 5149 187 5200 nempe,
201 5135 331 5188 Philieoses
344 5143 368 5188 et
380 5138 537 5188 Peritboedas.
943 5141 1155 5204 ΙΙραοχαιρητνρια
1173 5141 1297 5201 Lycurgus
1320 5139 1345 5190 in
1365 5140 1527 5190 controversia
1547 5141 1691 5190 eromniris·

460 5213 497 5258 58.
912 5224 973 5258 πιπι.
987 5213 1085 5258 Festum
1102 5211 1136 5258 sic
1148 5210 1237 5260 dicitur
1248 5210 1349 5259 Athenis
1362 5210 1477 5260 celebrati
1494 5211 1592 5261 solitum
1603 5223 1632 5260 eo
1652 5210 1691 5257 die

115 5273 252 5337 συνετίθει.
267 5277 389 5338 Lycurgus
407 5277 432 5326 lo
448 5278 610 5329 mnuosersta
630 5278 818 5328 Croconidamm
841 5281 866 5330 et
911 5294 961 5342 quo
974 5279 1113 5342 Proserpina
1127 5281 1248 5332 abcedere
1259 5281 1362 5330 videtur.
