4032 6094
564 493 646 554 xlx.
662 491 760 572 ΙΗΗΡΙ
778 493 855 553 ΤΗΣ
876 489 1204 552 ΗΑΡΑΗΡΕΣΒΕΙΑΣ.
1620 498 1679 549 w

132 617 346 692 ίίαταλεύσαντας]
362 620 536 693 λιθοστρώτους
548 621 702 689 ποιήσαντας
735 627 765 676 Ρ.
948 619 1074 674 ’Ἐντεῦθεν
1093 627 1141 674 τῶν
1163 619 1283 690 έπιλόγων
1298 623 1346 672 τῶν
1362 622 1465 689 μερικῶν
1479 615 1636 687 πεπαυμένων
1647 617 1682 670 εί-

130 697 177 748 ἐίαλ
188 699 333 768 περιῖφθσι]
344 699 399 760 τους
410 699 515 762 Φωκεῖς.
529 703 569 755 Ρ,’
912 701 981 769 σάγει
994 698 1037 759 τάς
1055 697 1183 758 ἀντιθέσεις
1194 717 1252 767 προς
1260 697 1290 750 τά
1305 696 1346 750 ἀπ’
1359 696 1436 767 ἀρχῆς
1449 696 1507 767 ἄχρι
1517 695 1608 756 τέλους.
1638 696 1685 748 ίίαί

131 775 192 835 362,
207 790 248 827 11.
262 774 348 828 Πολλά
359 777 440 828 τοίνυν
449 777 478 830 ἐν
488 776 734 848 τις]Ηληρωσαςτδν
743 776 800 847 υτέρ
808 777 867 828 Φω·
912 776 976 828 ἐστιν
991 773 1007 840 ἡ
1023 773 1065 844 μέν
1080 771 1257 844 μεταστατική,
1277 775 1335 826 θταν
1355 773 1404 844 άγη
1423 771 1462 824 ἐπί
1483 772 1685 841 Λακεδαιμονίους

94 852 157 904 κέων
172 851 288 920 ἐπίλογον
303 853 372 906 ἐκ
342 871 385 919 της
398 855 544 919 δεινώσεως,
556 855 636 921 έκτης
648 857 828 918 διατυποσεως
841 853 868 906 έκ
912 851 952 902 καί
971 849 1123 920 Ηγήσιπιιον
1137 849 1180 910 τάς
1197 849 1289 912 αἰτίοις,
1304 848 1364 914 ἥδέ
1382 847 1610 918 ἀντεγκληματική
1627 849 1685 940 μέμ

97 933 142 994 τῆς
163 932 291 995 ποιότητος
308 937 356 984 τῶν
377 933 521 997 παθόντων,
537 934 696 1004 μεταθέθηκεν
712 933 813 986 ἐνταῦθα
830 932 869 986 ἐπί
911 947 979 998 φιται
991 927 1039 998 γάρ
1053 930 1104 988 τοῖς
1117 927 1243 979 Φωκεῦσιν
1256 925 1327 987 ἀξίως
1338 927 1434 978 παθεῖν.
1471 923 1521 989 Τήν
1533 924 1559 976 οὲ
1570 943 1683 992 τοιαυτην

93 1005 140 1072 τήν·
162 1009 280 1074 ποιότητα
293 1012 337 1060 τοῦ
360 1009 483 1079 πολέμου,
498 972 597 1080 πληρων
617 1011 658 1063 καί
676 1010 716 1062 διά
733 1011 825 1063 τούτων
839 1010 867 1062 τό
911 1007 1004 1072 τίθησιν
1021 1003 1205 1075 ύπερύαλλούσῃ
1228 1004 1269 1055 καί
1293 1002 1389 1072 ἀρρήτῳ
1414 1003 1498 1072 τέχνῃ.
1536 1003 1684 1072 ίίατεδέχετο

94 1085 225 1156 θεώρημα·
240 1085 343 1156 φοόησαι
352 1085 400 1156 γθ
413 1086 479 1158 αύτῷ
487 1091 619 1158 πρόκειται.
656 1088 727 1151 Αὔξει
738 1107 867 1159 τοιγαρουν
910 1084 958 1155 γάρ
971 1083 985 1135 ό
998 1082 1116 1152 Αἰσχίνης
1127 1083 1167 1134 διὰ
1176 1083 1260 1135 τούτου
1275 1083 1304 1134 τί)
1316 1081 1445 1150 ἕτῑόημῦ
1458 1081 1686 1151 ὗγέρᾶἐίῠυςᾶπο·

91 1163 139 1229 τὴν
148 1165 249 1234 δύναμιν
256 1167 298 1216 τού
307 1165 458 1227 Μακεδόνος,
470 1165 513 1217 δύο
522 1165 561 1216 διὰ
572 1166 663 1218 τούτων
672 1168 865 1231 κατασκευάζων,
911 1161 1028 1232 φαίνων’
1015 1181 1048 1220 ως
1058 1162 1191 1214 πεπόνθασι
1205 1160 1260 1220 τούς
1272 1159 1397 1219 Φωκέας
1387 1177 1412 1212 εν
1423 1161 1455 1228 τῇ
1472 1163 1515 1210 τοῦ
1532 1161 1614 1229 μίσους
1627 1160 1686 1230 δμο-

92 1241 133 1294 δτι
147 1259 173 1292 τε
186 1239 304 1310 χρήσιμοι
316 1235 377 1305 ήσαν
396 1240 492 1304 Φωκεῖς
508 1243 550 1294 καί
563 1243 594 1293 δι’
609 1242 695 1304 αύτούς
708 1241 811 1302 ἐσώζετο
827 1243 867 1294 καί
910 1244 984 1314 λογίορ
999 1241 1043 1306 τὴν
1059 1239 1189 1306 ἐπιθουλὴν
1204 1240 1310 1310 ἐλέγχει.
1351 1238 1380 1291 Ὁ
1398 1239 1424 1291 δὲ
1434 1239 1514 1309 ῥήτωρ
1534 1239 1685 1310 Ἡγήσιππος

92 1319 124 1371 τδ
137 1319 218 1370 κοινὸν
228 1324 276 1371 τῶν
295 1317 423 1384 Ἑλλήνων
435 1319 476 1372 καί
486 1319 515 1372 τό
532 1319 657 1372 ἀκίνδυνον
669 1319 739 1389 εἶχεν
752 1318 767 1384 ὴ
782 1320 864 1383 πόλις,
913 1321 989 1393 [οἰκ]
1002 1323 1081 1376 ἐδόκει
1100 1319 1131 1373 τά
1149 1320 1257 1372 Φωκέων
1274 1319 1387 1387 φρονεῖν·
1401 1319 1427 1378 θς
1441 1317 1569 1386 παροξύνας
1580 1319 1622 1370 τόν
1637 1319 1685 1371 Φί·

91 1397 136 1448 καί
149 1397 187 1448 ότι
206 1395 305 1462 ηύξηται
319 1397 360 1448 καί
372 1395 505 1450 διπλασίων
519 1399 654 1468 γέγονετῇ
675 1401 812 1468 παρασκευῇ
827 1398 868 1449 καὶ
911 1397 998 1452 λιππον
1014 1399 1090 1459 αἰτιος
1102 1395 1199 1464 ἐγένετο
1215 1398 1259 1447 τού
1271 1393 1402 1447 ἀπολέσθαι
1416 1392 1509 1455 αύτούς.
1547 1392 1684 1456 Πολλάςδέ

92 1477 126 1544 τῇ
139 1474 238 1542 δυνάμει
257 1473 395 1536 Φίλιππος,
408 1493 440 1526 κα
439 1475 542 1544 ἐτρίτυν
559 1474 598 1528 ἐπὶ
617 1475 710 1536 τούτοις
726 1475 867 1542 προστίθησι
911 1474 972 1542 όμυῦ
993 1478 1034 1529 καί
1044 1474 1170 1543 διαφόρους
1185 1471 1297 1530 τεθεικὼς
1314 1469 1441 1530 ἀντιθέσεις
1457 1469 1512 1540 μίαν
1527 1468 1589 1522 κατὰ
1602 1475 1685 1523 πασῶν

91 1547 288 1622 καταδρομην
257 1569 304 1604 των
316 1552 474 1620 δωροοόκων
485 1551 548 1612 ωςέν
559 1551 826 1622 έπιλόγωτωκοινω
801 1570 867 1621 τυπω
911 1553 980 1606 λύσιν
995 1557 1054 1616 τέως
1071 1553 1174 1606 ἀπδτου
1160 1550 1278 1620 χρόνου
1291 1549 1455 1619 προσήγαγεν.
1494 1547 1557 1601 Εἶτα
1577 1549 1635 1618 πρθς
1650 1553 1687 1620 τῷ

91 1631 262 1698 χρ,ησάμενος
279 1627 325 1682 εἰτ’
343 1627 382 1682 ἐπί
399 1629 491 1690 τούτοις
505 1628 665 1698 ἀναγινώσκει
679 1627 764 1698 τήνάρ
766 1627 809 1692 ἀν,
825 1647 866 1697 φο-
911 1631 967 1686 &vn
967 1635 1069 1705 γχμςιλη
1069 1651 1128 1701 τικω
1138 1631 1167 1682 τό
1180 1648 1207 1682 τε
1227 1627 1281 1689 ἔθος
1295 1627 1336 1680 καί
1355 1628 1385 1679 τό
1406 1629 1523 1696 συμφέρον
1544 1626 1613 1680 ἀντέθ
1601 1629 1682 1693 θ.ηκεν

91 1709 144 1760 δῶν
157 1707 197 1759 διὰ
209 1709 300 1759 τούτων
310 1707 365 1768 τούς
380 1707 527 1773 ἀκούοντας,
541 1707 582 1760 καί
592 1708 761 1778 συμόουλεύων
777 1667 867 1776 φύλάτ-
910 1711 1015 1764 Αοκείτω
1029 1711 1055 1763 δὲ
1035 1652 1156 1780 μαμηδενί
1165 1706 1302 1776 θαυμαστον
1319 1702 1440 1756 είναιί
1399 1723 1429 1756 κα
1429 1704 1568 1774 ἰέπίλογον
1581 1704 1606 1758 ἰν
1618 1706 1686 1774 μέσῳ

91 1783 228 1851 τεσθαιιήν
242 1784 381 1855 ἐπιορκίαν,
392 1805 422 1838 κα
421 1786 499 1858 ίάμα
510 1786 630 1856 καθαιρῶν
644 1784 738 1851 καλτὴν
751 1784 867 1854 Αἰσχίνου
910 1787 987 1857 λόγου
998 1788 1140 1858 τυγχάνειν
1155 1784 1254 1855 μέθοδος
1267 1780 1315 1852 γάρ
1326 1799 1378 1841 τοις
1389 1780 1519 1844 παλαιοις
1530 1800 1561 1833 κα
1560 1781 1685 1851 ίμόλιστά

90 1867 148 1918 ποιό
150 1863 343 1930 ιητσ.ΒΗίίὃΥ.
910 1870 983 1936 γετῷ
1000 1863 1082 1934 ῥήτορι
1099 1862 1254 1930 πληρίισαντι
1273 1857 1305 1930 μὴ
1325 1860 1400 1928 μόνον
1418 1858 1547 1928 ἔγκλημα,
1561 1858 1627 1910 ἀλλὰ
1642 1859 1685 1912 καί

134 1941 248 2013 Ἐδέησε]
263 1941 358 2007 συνίόη.
372 1941 402 1992 Ρ.
910 1941 1056 2011 κεφάλαιον,
1073 1939 1267 2007 ἐπιλογίζεσθαι,
1282 1937 1323 1988 καί
1340 1936 1383 1988 ούκ
1397 1936 1575 2006 ἐπιλογίζεσθαι
1588 1937 1683 2010 μόνον,

130 2020 190 2083 362,
203 2023 246 2081 σή.
259 2018 413 2084 Τηλικούτων
426 2016 504 2070 οθσῶν
516 2016 582 2088 αύτῷ
593 2022 641 2071 τῶν
652 2016 867 2088 διαφορῶν]ἰίολθ
911 2016 976 2069 ἀλλά
1000 2019 1041 2070 καί
1053 2015 1250 2088 προοιμιάζεσθαι
1265 2013 1319 2084 περί
1338 2019 1386 2073 τῶν
1403 2014 1535 2083 δευτέρων,
1553 2013 1586 2074 ὡς
1603 2014 1685 2066 πολλὰ

91 2093 143 2163 γάρ
157 2093 224 2162 ύμεῖιν
235 2091 345 2145 κάκείνου
359 2091 388 2144 τό
403 2093 492 2162 μέσον,
506 2092 547 2144 καί
561 2093 656 2164 μεγάλη
671 2111 706 2154 τις
718 2093 776 2162 πρδς
795 2091 866 2144 αύτδν
912 2095 954 2165 μέν
971 2095 1038 2165 ἐχειν
1050 2093 1165 2164 προοίμια
1175 2093 1217 2144 τδν
1234 2091 1325 2160 λόγον,
1344 2091 1451 2152 πολλούς
1462 2091 1487 2143 δέ
1499 2091 1540 2143 καὶ
1554 2090 1682 2162 ἐπιλόγους

92 2171 156 2240 ἡμῖν
167 2171 277 2239 διαφορά.
292 2171 371 2222 TCV.
910 2171 963 2225 καθ’
974 2174 1075 2226 ἕκαστον
1091 2171 1160 2241 μέρος
1171 2175 1219 2222 τῶν
1233 2168 1385 2238 κεφαλαίων·
1402 2169 1443 2220 καί
1453 2169 1480 2220 οἰ
1489 2167 1599 2238 ἐπίλογοι
1617 2169 1644 2222 δέ
1660 2169 1685 2222 σί

131 2249 190 2308 363,
205 2249 230 2300 3.
246 2247 294 2312 Τῆς
307 2246 616 2317 ἐλευθερωτάτηςπόλεως]
630 2248 662 2299 Οἳ
676 2247 753 2316 κύριοί
766 2247 811 2301 εἰσι
824 2250 867 2300 τού
912 2249 954 2318 μὲν
972 2250 1108 2302 τελευταῖοι
1120 2249 1197 2314 πάσης
1215 2247 1244 2297 ἀν
1257 2245 1306 2299 εἰεν
1323 2249 1365 2311 τῆς
1383 2245 1529 2311 ύποθέσεως,
1542 2246 1565 2297 οί
1579 2246 1604 2298 δέ
1623 2247 1685 2299 κατά

91 2327 231 2396 πράττεινθ
249 2325 393 2394 βούλονται,
406 2325 453 2396 οὖχ
463 2327 543 2395 ὥσπερ
560 2325 648 2378 ἐκεῖνοι
669 2327 774 2398 δεσπότη
785 2327 867 2380 διακο
911 2330 980 2398 μέρος
993 2327 1093 2380 ἑκάστου
1104 2331 1152 2378 τῶν
1163 2325 1310 2394 κεφαλαίων
1349 2323 1484 2393 Ηληριίισας
1492 2324 1572 2376 τοίνυν
1583 2323 1690 2377 ἐνταῦθα

91 2405 217 2473 νούμενοι.
229 2403 308 2456 ch.
911 2408 953 2470 τάς
962 2405 1091 2468 ἀποδεξεις
1103 2425 1146 2458 του
1131 2403 1197 2456 διθι
1208 2405 1250 2456 τδν
1266 2402 1388 2474 Αἰσχίνην
1402 2403 1556 2456 ἀπολωλέναι
1568 2404 1613 2455 Φω
1614 2406 1684 2467 κέας,

131 2481 191 2544 363,
210 2497 250 2533 ιο.
272 2476 390 2550 Αέγετήν
413 2477 489 2548 ἀράν]
509 2479 630 2534 Δείκνυσιν
646 2481 684 2533 δτι
704 2479 800 2542 οἰιδενίις
818 2485 867 2533 τῶν
910 2485 1046 2555 ἀναγκαίως
1060 2484 1120 2556 μετὰ
1136 2481 1180 2545 τήν
1192 2483 1322 2552 προδοσιαν
1335 2502 1365 2534 κα
1365 2481 1433 2546 ίτήν
1453 2483 1545 2536 άλωσιν
1556 2483 1642 2550 ηὔξησε
1653 2482 1684 2536 τά

94 2557 292 2628 Ἆλιμαῑωίῑθῶθ
313 2557 491 2625 Μῐᾱψηφῑῦῦίῖ
492 2575 531 2620 αἱ
545 2555 601 2608 555
623 2557 810 2628 ἇνδβθςφαῦδω
828 2559 868 2610 καί
910 2507 1090 2634 συμόεόηκότα·
1108 2559 1241 2614 θτανδὲ
1217 2579 1261 2626 την
1279 2557 1376 2625 αύξησιν
1389 2557 1463 2622 εἰπω,
1487 2560 1542 2620 τούς
1560 2559 1686 2629 ἐπιλόγους

90 2641 144 2688 τῶν
157 2637 302 2729 *⁰1⁶⁹thae
297 2633 362 2698 ἕνδς,
376 2635 404 2685 ὃν
424 2633 674 2706 θπογραμματεύοντα
693 2635 866 2706 ἀναγινώσκειν
909 2641 986 2712 λέγω.
1022 2641 1249 2700 Ηατασαευάσαντος
1269 2633 1311 2690 οθν
1333 2637 1435 2691 ἐνταῦθα
1420 2641 1497 2690 ατοῦ
1514 2637 1631 2734 Αἰσχίνου
1648 2639 1686 2690 ότι

91 2712 141 2778 τὴν
160 2712 220 2782 ἆρέν
234 2713 309 2766 ποιεῖ’.
346 2709 422 2762 Δι’
404 2730 438 2763 ων
458 2713 483 2764 δέ
496 2729 553 2782 φησι
573 2713 646 2782 μηδὲν
670 2713 798 2766 λανθάνειν
818 2721 867 2767 τῶν
911 2720 972 2781 άξιοι
984 2715 1045 2785 ήσαν
1062 2717 1195 2771 ἀπολέσθαι
1204 2715 1467 2780 Φωκεις,ἀκολούθως
1475 2714 1568 2786 πρὸς
1543 2735 1587 2780 την
1603 2718 1688 2768 τοσαύ-

89 2792 264 2862 πραττομένων
274 2790 328 2851 τούς
340 2789 423 2854 θεούς
436 2789 512 2860 φόύον
522 2789 643 2858 ἐφίστησιν
658 2789 739 2852 αύτοῖς
752 2792 793 2844 τὀν
804 2792 868 2862 παρά
910 2817 954 2865 την
979 2797 1139 2863 ἐναντιότητα
1161 2794 1298 2859 ἀπαντήσας
1316 2794 1329 2846 θ
1346 2794 1425 2864 ῥήτωρ
1444 2793 1524 2848 εἶπεν·
1541 2795 1600 2856 οέἐς
1614 2799 1687 2848 τοῦτο

90 2875 144 2923 τῶν
158 2869 317 2938 κρεῑῖῑόνῑῠθ,
334 2866 439 2938 palma
454 2865 527 2920 3550
530 2868 628 2934 wasme·
647 2869 727 2923 TCV
913 2874 1023 2927 «τοίνυν
1036 2873 1154 2932 ἀναιδείας
1167 2871 1208 2924 καί
1219 2872 1311 2941 τόλμης
1321 2871 1393 2924 αύτδυ
1403 2869 1470 2936 ἥξειν
1482 2870 1577 2924 ἀκούω
1595 2871 1687 2924 ιάναι-

130 2945 248 2997 Βουλεται
260 2943 400 3010 λεληθότως
413 2944 525 3014 δόγματα
543 2943 627 2996 ἀνύσαι
644 2945 746 2998 ἐνταῦθα
765 2946 867 2999 Πλατω·
910 2949 953 3015 δής
967 2949 1153 3020 γάρότολμῶν
1169 2947 1211 3001 έπί
1227 2953 1275 3000 τῶν
1294 2947 1372 2999 αὐτῶν
1391 2947 1508 3000 τάναντία
1524 2948 1604 3018 λέγειν
1615 2949 1686 3012 σύτο,

90 3021 167 3086 νικά,
178 3023 215 3075 δτι
225 3018 323 3076 πεοίων
338 3023 460 3092 δυνάμεθα
473 3021 559 3091 πραξαι
570 3022 612 3073 καί
629 3022 681 3074 ἐν’
671 3029 748 3092 ημῖν,
759 3043 830 3076 τουτο
840 3023 868 3075 ού
910 3028 1002 3099 ἑαυτῷ,
1013 3027 1267 3097 πάλαιύποσχόμενος
1283 3026 1414 3080 πείσειν
1394 3045 1435 3079 τον
1453 3027 1577 3080 Φίλιππον
1595 3030 1683 3080 σώσειν

90 3103 132 3152 δει
124 3099 245 3170 ἀφέντας
260 3099 361 3170 ήμσῖς
340 3118 369 3152 το
387 3100 498 3169 πρέπειν
518 3099 648 3168 σχολάζειν
664 3103 717 3162 ταῖς
734 3100 831 3171 εύχαῖς,
843 3101 868 3154 ἐν
909 3083 1023 3166 Φωκέας·
1033 3124 1064 3158 κα
1063 3102 1197 3175 ίμετάτέγν
1210 3102 1359 3157 ἐπάνοδυν’
1338 3103 1411 3156 ειπὼν
1422 3105 1460 3156 ὅτι
1472 3105 1632 3171 σωθήσονται,
1644 3109 1686 3158 νῦν

90 3173 164 3239 οῖςδ’
178 3177 206 3230 ού
224 3177 362 3247 δυνάμεθοι,
329 3178 419 3228 αδεῖ
433 3176 560 3247 εὔχεσθαι,
575 3175 628 3229 οἷον
642 3178 769 3247 εύτυχεῖν,
793 3179 869 3250 ύγιαί-
910 3203 983 3255 ησιν
994 3183 1071 3245 ἀξίους
1080 3183 1166 3244 αυτούς
1177 3181 1281 3235 εἶναι
1251 3201 1294 3248 της
1303 3182 1427 3244 άλωσεως
1437 3185 1517 3238 ch,

90 3275 155 3309 νειν.
171 3256 347 3308 ACDGRTV.
945 3263 1006 3325 364,
1024 3279 1046 3314 1.
1063 3261 1162 3330 Πρῶτον
1184 3261 1226 3330 μὲν
1241 3262 1451 3332 Αακεδαιμονίων]
1471 3259 1593 3330 Ἀφίκοντο
1610 3265 1686 3317 Αακε-

120 3335 248 3402 363,19.
267 3330 413 3402 Υπῑρφνέν]
429 3333 575 3402 σημείωσοι·
590 3331 629 3385 έπί
643 3338 719 3404 κακῳ.
731 3336 761 3386 Β.
910 3340 1031 3409 δαιμόνιοι
1060 3340 1173 3400 πλείστας
1194 3337 1291 3400 ἐλπίδας
1313 3338 1408 3404 ἔχοντες
1440 3337 1631 3403 ἀποδοθήσεσθαι
1656 3347 1686 3411 τῇ

131 3410 226 3480 Πάλιν]
243 3409 391 3480 εύχεται.Ρ.
911 3415 1000 3469 ἑαυτῶν
1024 3417 1188 3486 μητροπόλει,
1208 3417 1325 3484 Δωριεῦσι
1347 3415 1428 3484 λέγω,
1451 3414 1480 3466 τθ
1501 3414 1574 3484 ἱερόν·
1595 3417 1687 3469 τούτων

134 3487 269 3558 Ἐκείνοις]
285 3491 337 3548 τοῖς
353 3488 425 3548 θεοῖς.
438 3490 468 3544 Ρ.
910 3492 957 3563 γθιρ
971 3489 1001 3560 ήν
1014 3494 1043 3546 τ“ο
1062 3493 1176 3562 ἀρχαῖον.
1218 3491 1291 3544 Ἀλλέι
1315 3493 1356 3545 καί
1374 3493 1471 3552 τούτους
1492 3491 1623 3558 ἐξηπάτησε
1638 3495 1687 3546 Φί·

132 3567 177 3618 ίίαί
192 3566 372 3637 γένος]ούτο’ύ.
387 3569 415 3621 Ρ
909 3570 1005 3632 λιππος.
1042 3572 1141 3632 Γνόντες
1159 3571 1185 3623 δέ
1198 3570 1270 3622 αύτδν
1289 3570 1315 3623 έν
1339 3573 1478 3640 παρασκευῇ
1495 3574 1537 3635 τῆς
1556 3571 1685 3635 ἁλώσεως,

131 3641 333 3712 ΜηδσμίύςΝφή
335 3643 436 3706 onte-P
911 3646 1009 3710 εἰκότως
1024 3647 1153 3708 εξίκλιναν.
1200 3645 1354 3742 Ηγησίππου
1373 3646 1398 3698 δέ
1416 3647 1549 3717 μέμνηται,
1565 3649 1629 3700 διότι
1643 3649 1689 3700 Φι-

133 3721 182 3772 363
186 3737 249 3788 ,.υ7
264 3719 305 3781 Εἰς
318 3719 477 3772 τούτοτοίνυν
491 3717 627 3790 ἀναιδείας]
641 3718 869 3792 Ἀρχήέτέραςάπο-
910 3723 1246 3796 λίππῳπρεσόευομένῳπερὶ
1261 3727 1303 3789 τῆς
1317 3721 1412 3792 εἰρήνης
1427 3721 1441 3772 ό
1454 3727 1546 3792 πρῶτος
1561 3721 1633 3774 εἰπὼν
1647 3724 1688 3775 καί

90 3795 217 3857 δείξεωςπ
218 3795 738 3866 ρθςτάπροτεινόμεναπαρίετοθάντιδίκου.
747 3798 867 3851 BRSY.V
910 3775 1061 3860 διακώλύσας
1081 3795 1285 3870 Ηγήσιπποςήν.
1309 3798 1457 3850 Φωκέωνδέ
1470 3801 1611 3868 κατηγορεῖ,
1625 3799 1688 3852 διότι

91 3877 190 3944 Μέχρις
212 3871 260 3927 ὧδε
287 3873 303 3940 ί]
327 3875 451 3944 διήγησις,
480 3871 560 3926 ἐντθ
506 3876 560 3926 τευθ
563 3892 588 3925 εν
610 3873 696 3926 λοιπδι
719 3875 743 3926 οἰ
767 3873 866 3946 ἀγῶνες.
911 3879 963 3931 καθ’
978 3880 1006 3930 δν
1020 3879 1109 3947 χρόνον
1124 3877 1251 3930 ἔνσπονδοι
1265 3879 1316 3936 τοῖς
1334 3875 1371 3928 Ἀθ
1373 3876 1465 3942 ηναίοις
1479 3871 1556 3942 ἦσαν,
1579 3875 1687 3928 ἀπέστει-

93 3951 201 4013 Ἄλλως.
242 3949 454 4021 Ηριετάθεσις
424 3969 466 4016 της
477 3949 553 4011 αἰτίας
563 3969 607 4002 κατ
609 3949 760 4007 ’ἀντίθεσιν.
798 3951 869 4004 ’Ἐστι
911 3955 957 4008 λαν
967 3955 1085 4025 Πρόξενον
1104 3954 1185 4016 αύτοῖς
1207 3955 1359 4024 βοηθήσοντα
1379 3955 1402 4006 οί
1425 3953 1556 4019 Ἀθηναῖοι·
1580 3953 1604 4006 οἱ
1622 3953 1648 4006 δέ
1659 3954 1687 4006 ού

92 4029 125 4081 δὲ
136 4033 317 4099 μεταστατικῆς.
353 4029 491 4098 Σημείωσαι
501 4027 526 4080 δὲ
546 4029 584 4080 ότι
598 4027 682 4080 τούτου
698 4029 870 4099 μνημονεύετέ
910 4034 1095 4104 προσεδέξαντο,
1110 4033 1239 4086 κατάλυσιν
1252 4038 1299 4084 τῶν
1312 4032 1407 4086 πόλεων
1415 4032 1611 4092 ύποπτεύσαντες.
1630 4030 1687 4084 Ἐν-

96 4107 250 4178 Ἓρμογένης
264 4111 307 4161 τού
322 4107 452 4177 κεφαλαίου
467 4105 492 4157 ἐν
509 4111 545 4178 τῷ
558 4106 582 4176 γ’
594 4107 663 4178 τόμῳ
676 4113 724 4159 τῖον
739 4107 867 4176 είιρίοεων,
911 4113 992 4164 τεΰθεν
1006 4111 1123 4180 πονηρούς
1133 4111 1232 4171 Φωκέας
1244 4109 1365 4163 ἐκάλεσεν.
1407 4107 1559 4172 Ασεθεῖςδέ,
1575 4110 1613 4161 ότι
1627 4109 1689 4178 μετά

91 4186 170 4252 ἡνίκα
182 4187 248 4256 λέγει
261 4187 317 4238 τάδε
331 4207 342 4234 ι
358 4185 408 4238 ἐπεὶ
420 4185 641 4255 μηδέόημοσθένης
653 4185 744 4252 ἣδύσθη
754 4185 870 4248 πολλάκις
912 4188 940 4240 τδ
953 4189 995 4242 τόν
1010 4189 1128 4259 Πρόξενον
1140 4186 1172 4260 μὴ
1190 4187 1376 4259 προσδέξασθαι,
1396 4188 1539 4258 μελλόντων
1557 4185 1688 4248 Ἀθηναίων

97 4289 112 4312 ι
136 4263 171 4314 ένί
188 4265 340 4332 χρησάμενος
355 4261 535 4332 ἐπιχειρήματι·
553 4263 594 4315 καί
612 4263 670 4316 ποτέ
684 4264 726 4333 μὲν
742 4263 800 4316 αθτδ
818 4265 870 4334 τρέ-
912 4264 1031 4319 ἐπιτελεῖν
1044 4266 1074 4319 ιδ
1092 4266 1211 4336 μυστήρια
1224 4265 1286 4318 κατά
1297 4266 1325 4318 τθ
1337 4267 1451 4332 σύνηθες,
1464 4264 1506 4326 τάς
1517 4266 1689 4334 μυστηριώδεις

97 4364 110 4390 ι
134 4341 190 4409 ψας,
211 4340 269 4394 ποτέ
286 4341 312 4393 δέ
327 4341 503 4411 μεταποιήσας,
524 4341 557 4402 ὡς
575 4342 599 4394 έν
618 4347 654 4411 τῷ
678 4342 871 4413 Ηαραπρεσύείας
911 4342 1049 4406 σπονοίις
1025 4363 1068 4396 ουκ
1081 4343 1188 4405 έδεξαντο
1202 4343 1256 4396 υνδε
1269 4345 1355 4405 ταύτας
1372 4345 1477 4404 Φωκεῖς.
1514 4341 1589 4394 Οθεν
1603 4341 1689 4403 αύτούς

96 4441 110 4470 ι
134 4423 175 4470 τού
188 4419 314 4489 σχήματος
325 4424 368 4472 τοῦ
383 4423 556 4490 μεταστατικού
570 4419 601 4474 δ’.
622 4441 633 4469 υ
647 4421 676 4472 P.
912 4421 953 4474 καί
966 4421 1059 4484 ἀσεύεῖς
1073 4423 1210 4491 ὠνόμασεν.
1226 4423 1305 4474 TCV

139 4493 228 4547 ’ἰστέον
241 4497 279 4547 δτι
292 4495 421 4566 πληρώσας
434 4494 464 4547 τά
478 4495 546 4549 ἀπ’ἀ
548 4500 608 4566 ρχῆς
624 4497 682 4566 ἀχοι
692 4496 774 4558 τέλους
783 4495 854 4550 έπ
830 4516 872 4559 τας
948 4499 1009 4564 364,
1027 4505 1068 4562 ι.ίς
1087 4497 1160 4552 Ἀλλά
1181 4501 1260 4552 πάντα
1276 4499 1343 4552 ταῦθ’
1359 4498 1476 4569 ύπερθάς]
1495 4467 1622 4566 Πόρρωθεν
1641 4497 1688 4563 ηδη

94 4573 273 4634 ἀντιθέσεις’
247 4578 321 4625 αυτοῦ
334 4577 377 4626 τοῖν
391 4572 505 4642 Αἰσχίνου
525 4577 673 4644 μετέρχεται.
711 4576 811 4644 Ηρῶτον
824 4575 871 4646 γάρ
912 4580 1056 4648 προαναιρεῖ
1072 4577 1101 4630 τδ
1114 4583 1211 4648 χρῶμα·
1225 4597 1252 4629 ου
1241 4575 1312 4647 ’γάρ
1326 4573 1355 4643 ήν
1370 4577 1432 4636 εἰκθς
1445 4575 1487 4627 τδν
1504 4573 1632 4635 διδάξαντα
1648 4575 1690 4626 καί

95 4649 175 4710 ἔδειξε
189 4649 361 4720 τθσημεῖατίι
374 4651 447 4703 αύτού
458 4650 494 4710 οίς
504 4669 610 4721 κατηγο
612 4657 649 4704 εἴ
666 4651 721 4705 εἶτα
733 4672 774 4704 και
764 4653 815 4706 τίς
833 4653 873 4704 ἀν·
912 4655 1028 4709 πείσαντα
1041 4659 1126 4708 τοῦτον
1145 4655 1191 4708 ύπδ
1209 4658 1252 4707 τοῦ
1276 4655 1448 4724 διδασκομένου
1471 4651 1512 4703 καί
1529 4653 1689 4735 πεπεισμένομ

94 4726 248 4797 τιλεγόμενα
261 4729 307 4782 ύπδ
327 4733 370 4782 τοῖν
386 4729 507 4782 ἀντιδίκου
527 4730 590 4782 θέλει
604 4731 683 4784 λύσαι.
722 4731 756 4783 05
743 4731 816 4802 υγάρ
834 4735 875 4784 δεῖ
914 4733 1082 4794 ἐξαπατᾶσθαι,
1095 4734 1171 4789 TCV.

96 4807 220 4880 μόνοντὰ
238 4805 289 4860 ἴδια
307 4809 461 4870 συνιστάναι,
474 4807 540 4860 ἀλλά
557 4807 598 4861 καί
621 4807 790 4862 ἐκθάλλειντά
809 4809 872 4880 παρά
949 4812 1010 4874 366,
1031 4815 1071 4866 16.
1087 4810 1205 4862 Βοιωτίαν
1217 4807 1418 4878 οικΡεινῙΟυ
1419 4827 1457 4877 γει
1471 4824 1515 4870 την
1527 4823 1616 4869 τασαν
1631 4803 1689 4856 ἀλλ’
1781 4809 1787 4822 “

94 4889 151 4938 τῶν
164 4883 300 4938 ἀντιδίκων.
337 4880 459 4956 Χωρεῖἐ
432 4905 475 4938 ουν
496 4884 535 4938 έπί
524 4885 587 4947 ἰτάς
600 4885 667 4939 ἀντιθ
655 4887 813 4948 θέσειςαύτοῦ
829 4893 872 4942 τού
914 4889 942 4948 ἀς
952 4888 1131 4958 κατέσκαψαν
1110 4907 1132 4940 οι
1144 4886 1287 4955 θηθαιοι
1260 4907 1292 4958 μη
1305 4887 1451 4956 βουλομένας
1460 4883 1542 4945 αύτοῖς
1550 4883 1687 4949 ύπακούειν,

95 4961 236 5031 Αἰσχίνου,
249 4963 376 5034 όμούτρ“’
350 4983 384 5026 εις
395 4963 483 5030 ούσας
496 4960 550 5018 οίον
561 4965 615 5034 περὶ
626 4967 820 5036 Λακεδαιμονίων
832 4969 874 5020 καί
914 4967 976 5037 φημί
989 4965 1018 5032 δή
1031 4965 1133 5027 θεστιάς
1145 4967 1187 5018 καί
1196 4967 1326 5027 Πλαταιάς
1341 4965 1494 5036 ίιατέσκαψαν
1505 4963 1532 5016 δέ
1540 4962 1612 5024 αύτάς
1624 4961 1690 5032 ἰσχύ-

96 5040 210 5092 Φωκέων
222 5041 263 5092 καί
278 5039 449 5111 Ἡγησίππου,
462 5041 504 5094 καί
516 5040 598 5102 τάς
573 5061 615 5111 μεν
628 5041 822 5112 Αακεδαιμονιων
833 5043 874 5094 καί
916 5063 999 5106 σαντες
1011 5043 1071 5114 μετά
1082 5043 1112 5096 τά
1128 5045 1153 5097 έν
1168 5045 1299 5115 Αεύκτροις.
1314 5047 1488 5100 ACDGRTV.

101 5114 260 5184 Ἠγησίππου
275 5115 448 5187 μεταστατικθς
468 5117 554 5182 ούσας,
569 5115 659 5182 τήνδέ
672 5118 779 5172 Φωκεων
791 5117 875 5190 ἀντεγ
953 5120 1117 5190 366,19.Μή
1129 5123 1224 5194 τοίνυν]
1242 5121 1542 5195 Ετέραμεταποίησιςτου
1555 5111 1688 5174 αύτούέπι·

98 5196 264 5265 κληματικήν.
281 5198 455 5250 ACDGRTV.
916 5199 1071 5270 χειρήμοιτος.
1087 5201 1116 5252 Ρ.
