4032 6094
595 405 676 466 xlx.
699 404 786 464 ΠΕΡΙ
807 403 883 464 ΤΗΣ
905 403 1244 464 ΠΑΡΑΠΡΕΣΒΕΙΑΣ.
1660 412 1717 463 θον

152 536 216 604 396,
231 549 274 588 22.
286 533 356 596 Οίοις
369 533 411 606 μίν
425 533 523 605 τοίνυν]
542 532 576 596 έυς
593 533 747 604 σχετλιάζων
762 521 840 604 λέγει,
854 531 896 584 διίι
938 534 1087 587 κτικυύτατον
1094 537 1136 600 τῆς
1143 532 1277 604 άπολογίας
1286 531 1348 602 Αἰσχ
1350 532 1478 588 ίνουτούτό
1487 529 1718 602 ἐστιτύκεφάλαιον.

110 613 144 665 τό
159 613 213 678 τούς
225 613 332 683 πρέοθεις
343 611 518 684 ἐξομόσασθαι,
533 609 566 682 μή
582 610 678 665 εέδίναι.
692 613 749 666 AT.
763 611 896 678 ίίληθίντες
942 609 976 664 Ἡ
989 611 1015 665 δὲ
1026 611 1092 674 λύσις
1103 611 1165 664 κατὰ
1177 609 1329 682 συνδρομὴν,
1341 611 1380 664 δτι
1392 611 1489 674 πάντως
1497 611 1582 682 λόγων
1592 611 1634 664 δεῖ
1646 615 1718 684 παρέ-

110 691 138 743 οί
149 691 258 761 πρίσθεις
266 689 310 743 οδκ
320 689 440 757 ἠθέλησαν
454 692 592 762 μαρτυρεῖν.
605 689 648 742 Διό
657 690 809 760 σχετλιάζων
820 693 896 742 ταῦτα
938 707 992 760 χειν
1005 687 1111 752 εύθύνας.
1150 689 1224 744 Ἔστι
1236 690 1262 742 δέ
1275 695 1324 743 τῶν
1336 689 1444 761 σημείων
1456 693 1500 744 τού
1515 691 1633 761 προτέρου
1645 692 1720 758 ζητή-

110 768 192 840 λίγει.
230 768 407 836 Κινηθείσηςδέ
421 768 447 822 ἐκ
460 774 509 820 τῶν
521 766 562 821 ἀπ’
576 765 653 838 όρχῆς
663 767 722 838 άχρι
734 766 817 829 τέλους
829 765 896 820 άντι·
940 789 1014 841 ματος
1022 769 1052 823 τό
1063 767 1246 835 όντιληπτικθν.
1283 766 1438 834 Εἰσῆκταιδέ
1451 768 1548 838 βαρέως·
1564 767 1650 840 τδγέρ
1661 767 1720 839 ἐγα-

112 846 205 909 emm
217 847 272 899 καθ’
286 847 302 898 ἃ
317 844 398 908 ἔδοξε*
412 845 672 916 θῖσχίνηςπῑπίῑκέθαῑ
688 845 731 898 τὸν
747 845 826 916 &ww
839 844 896 897 ἄνευ
939 850 1053 916 νακιήσει
1065 849 1178 921 σημαίνει
1190 847 1220 901 τδ
1237 847 1395 918 τυραννικόν,
1414 845 1458 900 ούκ
1467 845 1618 918 ἐνεχόμενον
1630 847 1667 900 ἐτι
1678 848 1720 910 τός

111 925 225 980 Φωκίων
239 925 384 990 ποιήσασθαι
397 923 443 991 τήν
458 922 701 995 εἰρήνην,,άντετίθη
716 923 785 994 έτίρα
801 922 896 977 θντίθε·
939 929 1037 992 εύθύνοις
1051 929 1154 981 διδόναι.
1175 927 1266 982 BFSY.
1290 925 1416 988 Ἀντίθεσις
1436 923 1612 992 άνπιληπτική,
1633 927 1720 993 ήντινα

111 1022 152 1065 ⁶¹5
165 1002 389 1075 ἇίῖῑίδλθίίαῖῑδθ
404 1003 446 1056 καί
460 1000 508 1074 μίν
519 1003 683 1072 Φδῑῑθῦτῑρα
695 995 896 1070 ἶπῑῑῦαςεῶθη·
939 1006 1108 1079 λύειόρήτωρ
1128 1003 1319 1078 μεταληπτικῶς·
1338 1008 1382 1057 τού
1400 1004 1449 1075 γάρ
1468 1003 1586 1074 Αἰσχίνου
1605 1004 1721 1077 λέγοντος

114 1082 249 1152 {Momm
260 1082 445 1152 καταναγκάσας
454 1079 499 1148 τὴν
512 1079 583 1135 πθλῑν
597 1079 744 1145 πῡῑίῦαῖθαῑ
754 1081 842 1134 θᾶττον
854 1080 897 1142 τὰς
939 1086 977 1138 δτι
990 1084 1045 1152 ἐξῆν
1073 1103 1097 1137 οι
1108 1081 1281 1155 σνμθουλεύειν
1293 1083 1353 1153 όπερ
1361 1081 1474 1152 ἐνόμιζον
1484 1081 1550 1136 εἶναι
1560 1086 1719 1155 συμφέροντα,

113 1160 249 1226 συνθήκας,
270 1160 325 1230 πρίν
340 1158 465 1230 όφικέσθαι
485 1160 540 1221 τούς
556 1158 621 1230 παρὰ
635 1157 815 1228 Κερσοθλίπτου
829 1162 896 1214 wl-
940 1154 992 1208 λύει
1004 1155 1019 1208 ό
1032 1105 1121 1226 ρήέωρ·
1140 1153 1221 1205 «ἀλλ’
1241 1151 1295 1220 ἐξῆν
1309 1171 1348 1205 σοι
1366 1153 1454 1224 (φησί)
1468 1153 1549 1223 λέγειν
1566 1153 1591 1207 ἐν
1612 1155 1718 1220 ἄλλοις,

114 1239 203 1307 δρους,
222 1238 264 1291 καί
278 1241 365 1292 τούτον
378 1235 421 1290 τδν
436 1239 525 1308 τρόπον
543 1236 614 1300 αύτδς
633 1235 792 1300 ἀπολώλεκας
806 1237 896 1309 Κερσο·
943 1255 954 1283 ι
971 1231 1028 1286 άλλ’
1042 1231 1086 1286 ούκ
1099 1231 1125 1288 έν
1138 1229 1176 1294 οίς
1187 1229 1304 1293 ίθλαπτες
1317 1228 1361 1295 τήν
1378 1229 1451 1284 πόλιν
1470 1231 1538 1301 δῶρα
1550 1229 1687 1302 δεξάμενος.
1707 1256 1718 1282 ι

114 1319 235 1387 θλίπτην.
274 1317 319 1370 Διά
331 1321 404 1371 τούτο
416 1317 497 1371 τοίνυν
513 1315 850 1388 ἦναγκάσθηόόημοσθίνης
863 1315 895 1387 μή
939 1313 996 1365 ΑΤ.
1082 1369 1085 1378 ,

117 1397 196 1466 μόνον
220 1395 250 1449 τδ
272 1394 335 1448 κατά
359 1394 466 1448 Φωκέων
491 1397 609 1459 συστῆσαι
630 1393 762 1464 προδοσίαν
783 1393 895 1463 γεγονός,
978 1388 1151 1460 Ἀγαναειτήσει
1164 1389 1261 1460 τοίνυν]
1279 1385 1616 1454 Ἀντιληπτικήήάντίθεσις
1649 1387 1722 1456 Ἐξῖγν

114 1474 184 1527 ἀλλὰ
199 1470 606 1544 καίάπολογήσασθαιύπέροούτοῖι
621 1471 654 1532 ὡς
669 1468 701 1542 μὴ
714 1469 898 1534 ἀπολωλεκότος
940 1466 988 1538 γὰρ
1000 1468 1091 1539 λέγειν,
1101 1467 1169 1539 φησί,
1181 1466 1258 1519 καίτδ
1272 1464 1437 1537 ἐπαγγέλλειν
1447 1465 1588 1522 ἀνεύθυνον.
1625 1467 1682 1520 Αύιι
1695 1469 1726 1522 δέ

116 1553 162 1607 τόν
176 1553 377 1624 Κερσοδλέπτην,
396 1551 438 1604 καί
451 1547 626 1619 άντεγκαλίσαι
641 1547 745 1621 Αἰσχίνη
759 1547 786 1602 ίκ
796 1553 840 1617 τής
853 1549 897 1602 αύ-
941 1546 1003 1602 κατίι
1016 1544 1163 1618 συνδρομήν,
1179 1547 1217 1599 ότι
1229 1546 1325 1606 πάντως
1336 1544 1420 1614 λόγων
1435 1545 1478 1596 δεῖ
1487 1545 1601 1614 ταρίχιον
1613 1543 1723 1607 εύθίνας.

114 1638 161 1700 τῆς
180 1633 332 1694 ἀκολουθίας,
342 1632 397 1702 περί
413 1649 439 1684 τε
451 1633 495 1684 τού
507 1625 689 1700 Κερσούλέπτου
706 1628 748 1681 καί
761 1628 835 1696 αύτῆς
854 1635 898 1698 τῆς
942 1623 1014 1679 ’Ἐστι
1033 1625 1060 1678 δέ
1072 1631 1121 1678 τῶν
1137 1624 1246 1694 σημείων
1264 1626 1308 1675 τού
1328 1624 1444 1692 προτέρου
1456 1623 1609 1693 ζητήματος.
1642 1623 1677 1678 Τό
1696 1625 1726 1676 δέ

115 1714 227 1784 θράκης,
246 1714 373 1781 πανταχοῦ
387 1708 499 1770 συνιστάς
514 1707 554 1761 eal
564 1707 651 1776 δώροις
665 1705 738 1760 αύτδν
757 1707 799 1760 καί
808 1707 851 1770 τίς
863 1707 898 1761 εἰ·
941 1702 1115 1770 άντιληπτικδν
1140 1701 1249 1768 εἰσῆκται
1269 1701 1367 1771 βαρέως.
1404 1699 1439 1752 Τό
1452 1700 1478 1752 δέ
1492 1699 1657 1770 άγανακτήοει
1677 1719 1725 1768 οη-

115 1790 282 1862 σηγήσειςκαί
296 1788 340 1850 τὰς
351 1789 500 1860 βραδύτητας
511 1786 668 1852 πεποιηκέναι
678 1791 728 1837 τῶν
743 1787 849 1857 χρόνων·
865 1787 898 1849 ὡς
947 1782 1027 1852 μαίνει
1040 1781 1083 1834 τόν
1094 1781 1211 1852 τύραννον
1228 1777 1262 1851 μθ
1274 1778 1425 1849 ἐνεχόμενον
1438 1777 1538 1841 εἰιθύνας
1551 1780 1655 1834 διδόναι.
1671 1780 1727 1832 ἰία-.

117 1866 153 1939 μὴ
168 1867 268 1938 ζήτημα
279 1870 352 1920 τούτο
368 1865 448 1931 εἶναι,
462 1864 520 1916 ἀλλ’
535 1861 656 1925 ἀπόδειξιν
669 1863 712 1915 καί
729 1864 843 1917 σύστασιν
855 1869 899 1932 τῆς
941 1860 991 1922 λόός
1003 1860 1029 1914 δί
1041 1859 1077 1930 ἐφ’
1088 1861 1162 1914 ἅπασι
1175 1866 1227 1920 τοῖς
1241 1857 1282 1914 άπ’
1296 1857 1374 1928 έρχῖγς
1384 1857 1443 1928 άχρι
1455 1856 1539 1919 πίλους
1547 1859 1664 1922 τέθειται,
1680 1858 1727 1910 ίναΙ

114 1949 279 2018 δωροδοκίας,
295 1948 334 2000 δτι
343 1947 497 2001 ούδεπιύποτε
511 1942 562 1997 ούά
577 1941 645 1998 εἶπεν
666 1943 782 2014 Αἰσχίνης
795 1944 850 1998 ούτε
864 1945 898 1999 εἰ·
943 1941 1085 2010 μηδαμόθεν
1100 1938 1148 2011 ἐχη
1161 1933 1273 2008 πρδςτήν
1288 1933 1425 2005 ἐπολογίαν
1437 1933 1582 2004 ἐπικουρίαν.
1626 1933 1723 1988 ’Βάλω-

115 2026 245 2094 σηγήσατο
266 2025 324 2078 άνευ
341 2030 385 2080 τού
399 2024 486 2077 λαθεῖν
505 2024 622 2096 χρήματα
635 2022 677 2076 καί
698 2021 737 2077 ίπί
754 2025 840 2094 δώροις
857 2025 899 2088 τάς
942 2037 983 2072 κεν
1001 2017 1174 2088 εἰσηγούμενος
1196 2014 1272 2068 ταύτίι
1292 2019 1328 2085 τῷ
1344 2012 1508 2083 Φιλοκράτει,
1532 2013 1643 2078 κωλύσας
1669 2015 1726 2077 τούς

116 2103 255 2174 εἰσηγήσεις
264 2103 486 2157 ποιεῖσθαιΤῦλῙ.
744 2137 748 2144 .
943 2095 1071 2162 Ἕλληνας
1089 2098 1237 2160 κοινωνῆσαι
1248 2096 1304 2145 ’τού
1326 2091 1465 2161 συνεδρίου,
1485 2092 1569 2154 πείσας
1588 2090 1634 2158 τήν
1650 2093 1725 2154 πόλιν

154 2181 216 2249 396,
230 2185 277 2234 αθ.
301 2177 499 2250 Συλλογέσασθαι
518 2175 549 2244 δή
570 2177 690 2250 βούλομαι
713 2178 744 2232 τὰ
763 2171 900 2251 κατηγορή-
942 2175 1000 2230 άνευ
1013 2175 1121 2228 Φωκίων
1134 2172 1281 2239 ποιήσασθαι
1293 2168 1338 2236 τήν
1351 2169 1459 2241 εἰρήνην,
1474 2168 1507 2241 μή
1522 2173 1684 2242 συγχωρήσας
1697 2191 1727 2230 τε

117 2259 195 2328 μένα]
209 2256 422 2328 Ανακτφαλαίωοις
435 2254 530 2326 μερική.
546 2255 575 2308 Α.
595 2253 814 2326 Ἀνακεφοιλαίωσιν
825 2260 901 2310 ποιεῖ·
942 2253 1057 2323 περὶτῶν
1069 2252 1169 2306 δικαίων
1189 2251 1280 2320 μηδένα
1295 2253 1395 2315 ποιῆσαι
1406 2248 1493 2319 λόγον,
1507 2249 1562 2320 περί
1579 2253 1622 2316 τῆς
1642 2249 1725 2322 Ἀμφι-

117 2355 159 2388 ται
171 2341 220 2388 τῶν
233 2334 364 2408 εἰρημένων
379 2333 479 2389 πολλῶν
498 2335 594 2399 όντων,
614 2333 658 2386 ἵνα
674 2333 708 2405 μή
726 2333 898 2390 ἐπιλάθωνται.
943 2331 1037 2392 πόλεως
1050 2331 1118 2402 λέγω
1138 2330 1180 2384 καί
1192 2328 1246 2398 περί
1266 2328 1379 2398 θρᾴθης,
1397 2326 1544 2394 {mmm
1564 2327 1678 2382 (ἐπελθὼν
1698 2325 1725 2382 ί*

116 2410 193 2476 Αύτθς
205 2413 231 2466 δέ
246 2413 429 2485 ἐπισημαίνεται
438 2413 480 2467 καί
490 2411 530 2465 διά
546 2417 594 2466 τῶν
610 2410 733 2484 έπιλόγων
745 2417 832 2468 ταύτα.
854 2414 902 2466 Ηύ-
943 2413 987 2476 τῆς
999 2410 1125 2480 πρεσθείας
1136 2407 1195 2479 πρδς
1210 2408 1253 2460 τόν
1267 2409 1357 2477 δῆμον,
1372 2404 1426 2460 εἰπε
1441 2406 1594 2472 σωθήσεσθαι
1607 2406 1724 2472 Φωκέας,

116 2492 175 2558 Εησε
186 2491 226 2557 δέ,
235 2491 279 2544 ίνοι
290 2491 388 2562 μᾶλλον
397 2491 453 2553 τούς
464 2489 595 2552 ἀκούοντας
606 2489 638 2552 είς
646 2489 722 2560 ὀργήν
731 2489 899 2558 ίκκαλέσηται.
943 2487 986 2540 καί
998 2486 1165 2552 άπολοίλιισιν,
1178 2485 1323 2540 άπολεῖσθαι
1334 2483 1464 2552 Θηύαίους,
1476 2485 1519 2538 καί
1529 2487 1660 2548 στίζονται.
1671 2487 1726 2550 Πῶς

117 2569 208 2624 Αἰυτίκα
221 2573 282 2640 γοῦν
294 2569 338 2622 ούκ
349 2569 492 2634 άποδείξεις,
506 2567 572 2620 άλλά
582 2567 690 2634 αύξήσεις
700 2568 838 2635 πεποίηται.
871 2569 901 2623 Αί
943 2561 987 2618 ούν
999 2566 1128 2633 δυνήσεται
1139 2564 1297 2635 καταφεύγειν
1308 2563 1348 2617 ἐπὶ
1361 2563 1390 2616 τό
1403 2562 1491 2626 ἐξεῖναι
1501 2563 1688 2634 λέγεινςΤίΝ.

116 2649 147 2701 δὲ
162 2647 269 2714 αύξήσεις
287 2647 376 2710 πάθους
393 2647 440 2701 εἰσὶ
457 2646 593 2714 κινητικαί,
608 2644 764 2715 ἡγησάμενος
780 2649 900 2717 συναρπά-
980 2646 1042 2716 399,
1057 2649 1099 2709 ιίγ.
1112 2643 1159 2696 ίίαί
1171 2643 1238 2697 τοῦθ’
1253 2643 1311 2696 θτσν
1324 2637 1340 2715 ᾖ
1354 2641 1451 2713 κήρυξι]
1465 2641 1621 2714 Ιίρόγραμμά
1635 2645 1686 2698 ίστι
1696 2645 1725 2696 τὸ

117 2731 170 2790 ζειν
181 2726 208 2780 ἐκ
220 2727 312 2780 τούτιυν
324 2727 378 2788 τούς
392 2725 523 2787 ἀκούοντας
540 2726 583 2778 καί
593 2726 747 2794 προαγαγεῖν
764 2723 797 2786 εἰς
811 2724 898 2796 όργήν.
944 2723 1119 2794 προτιθέμενον
1140 2725 1183 2788 τῆς
1196 2720 1344 2786 ἐκκλησίας,
1364 2722 1428 2774 ὥστε
1453 2719 1657 2792 βουλεύσασθαιῆ
1671 2724 1727 2793 περί

116 2807 199 2862 ch.
214 2805 391 2877 Συλλογίζεται
399 2803 486 2858 λοιπόν
496 2804 539 2856 καί
547 2802 766 2873 ἀνακεφαλαιοῦται
779 2802 810 2856 τὰ
823 2823 901 2875 προει-
945 2807 989 2855 τοῦ
1010 2803 1101 2874 πίμήαι
1118 2801 1247 2872 πρίσθεις,
1268 2801 1421 2872 ήπρέσθεων
1442 2799 1552 2867 ήκόντων
1566 2802 1654 2872 μαθεῖν
1670 2803 1685 2856 θ
1703 2821 1726 2856 τι

119 2887 212 2956 ρημίνα
221 2883 309 2950 πάλιν,
325 2885 368 2938 ἵνα
378 2883 442 2956 δείξῃ
453 2886 526 2936 τούτο
536 2881 565 2936 το
576 2883 645 2952 μέρος
654 2881 683 2934 δν
693 2887 742 2934 τῶν
756 2886 899 2954 προειρημί-
945 2880 1053 2951 λέγουσι.
1067 2881 1148 2935 TCV.

119 2983 184 3030 νων,
202 2963 246 3018 ούκ
257 2963 316 3016 αύτδ
335 2963 389 3016 καθ’
402 2961 461 3016 αύτδ
479 2961 589 3032 ύπάρχον
601 2959 709 3031 ζήτημα·
723 2960 737 3012 ί
755 2959 804 3031 γὰρ
819 2963 899 3024 κοινός
981 2961 1044 3028 399,
1064 2976 1109 3014 κο.
1122 2961 1164 3030 Τῇ
1175 2962 1223 3012 τῶν
1235 2957 1336 3011 πολλῶν
1353 2955 1494 3028 ἀδυναμία]
1509 2960 1541 3030 τή
1556 2961 1606 3012 τῶν
1614 2958 1727 3026 πενήτων

119 3039 234 3114 ἐπίλογος
253 3039 358 3107 τὴντῶν
374 3041 524 3114 πραγμάτων
535 3039 665 3093 κοινωνίαν
680 3039 829 3106 συνίστησιν.
843 3042 904 3095 BFS
945 3039 1078 3104 διοικήσει·
1094 3039 1136 3091 δεῖ
1149 3037 1198 3108 γάρ
1211 3035 1322 3090 ίνδοῖιναι
1340 3035 1433 3102 αἰετοῖς,
1446 3035 1490 3090 ἵνα
1505 3035 1536 3090 τὰ
1553 3034 1619 3090 οίκοι
1634 3038 1728 3108 διοική-

119 3122 177 3178 ΥΡ.
946 3135 1047 3171 σωνται.
1060 3117 1142 3171 ch,

158 3200 219 3270 397,
236 3215 280 3253 τε.
294 3197 330 3252 (δύ
346 3197 394 3270 γάρ
408 3201 486 3270 μόνον
495 3196 613 3267 Φωκέας]
632 3193 757 3248 Ἐντεῦθίν
771 3215 833 3260 τινες
843 3217 902 3269 συγ-
981 3196 1048 3264 399,
1064 3198 1108 3258 αή.
1124 3193 1197 3248 Ἔστι
1208 3194 1290 3247 τοίνυν
1301 3213 1337 3257 τις
1349 3195 1478 3265 πρόχειρος
1492 3193 1588 3266 λόγος]
1604 3191 1734 3258 Αντίθεσις,

118 3275 361 3348 κατασκευαζόμενον
373 3275 527 3347 ἐπερήναντο
540 3273 607 3328 εἰναι
617 3274 660 3328 τὀν
672 3273 750 3344 λόγον
759 3274 803 3328 οδκ
815 3275 900 3347 ὀρθῶς,
946 3273 994 3327 άπὶε
1008 3277 1052 3327 τοῦ
1063 3274 1234 3345 συμφέροντος.
1248 3275 1325 3328 AFY.
1341 3271 1468 3335 Ἀντίθεσις
1480 3271 1607 3343 ἐπιλογυιή
1617 3274 1661 3328 καί,
1669 3273 1740 3336 άειό,ι

120 3356 213 3428 θύγὰρ
226 3355 395 3427 ἐξόρχήςούδ
410 3354 581 3426 ἐντοῖςάγῶσι
589 3355 901 3424 τούτοποιήσαςφαίνεται,
947 3352 1037 3414 λουθος
1057 3355 1215 3425 τήπροτίρφ.
1258 3352 1288 3406 Ἦ
1311 3351 1355 3424 μέν
1374 3350 1423 3422 γάρ
1445 3349 1525 3422 ἀρχήν
1550 3350 1639 3422 ἐχθρας
1661 3352 1740 3424 λέγει·

119 3434 179 3486 ἀλλ’
189 3435 288 3506 ύοτερον
296 3436 330 3497 ύις
341 3435 366 3490 ἐν
377 3435 501 3506 ίπιλόγοις
512 3433 590 3496 αύξων
599 3432 644 3500 τήν
657 3433 818 3504 δωροδοκίαν.
831 3434 902 3491 Ἔστι
945 3433 1074 3500 γίνεσθαι,
1088 3430 1105 3497 ί]
1119 3431 1146 3484 δέ
1159 3437 1201 3484 νῦν
1213 3431 1252 3486 θτι
1265 3430 1309 3484 ούκ
1321 3430 1392 3483 ἐῶσιν
1402 3423 1430 3481 εύ
1440 3431 1520 3483 ποιεῖν
1534 3428 1576 3482 τόν
1591 3427 1735 3490 Φίλιππον,

119 3513 148 3567 δί
169 3513 298 3585 έμωιῖπτον.
335 3513 463 3584 Τινίςγὰρ
484 3513 600 3584 ᾠήθησαν
616 3513 902 3583 συγκατασκευαζίρενον
947 3511 994 3563 ίίαί
1011 3509 1037 3564 ίν
1053 3509 1134 3584 ἐκείνῃ
1160 3509 1203 3582 μέν
1223 3510 1309 3582 ἐλεγεν
1332 3511 1371 3562 ότι
1389 3506 1454 3579 ἐρχή
1468 3508 1597 3579 γενήσεται
1616 3509 1746 3581 τήςπρός.

120 3591 162 3644 διά
175 3593 204 3645 τό
217 3594 299 3663 ὥσπερ
319 3592 362 3645 δύο
375 3590 521 3664 ἐγκλήματα
534 3589 616 3656 εἰναι,
631 3591 662 3644 τά
679 3590 734 3660 περί
747 3589 844 3661 θρᾴκην
862 3591 903 3644 καί
946 3587 1071 3642 Φίλιππον
1084 3587 1172 3658 ίχθρας
1182 3625 1190 3651 ,
1201 3587 1305 3642 ἐνταῦθα
1319 3585 1345 3638 δέ
1356 3585 1495 3648 άκολούθως
1506 3586 1545 3644 δτι
1561 3583 1618 3656 ούδί
1634 3585 1728 3658 εύεργε-

119 3670 228 3724 τάκατέ
238 3671 349 3733 Φωκέας.
400 3668 488 3742 Ἡμεῖς
501 3670 527 3724 δέ
545 3670 653 3741 λέγομεν
672 3667 775 3723 ότιούκ
789 3669 837 3724 όττδ
850 3669 903 3732 ἓνδς
947 3665 1032 3731 τήσει·
1049 3665 1077 3718 ού
1094 3665 1142 3734 γάρ
1160 3663 1214 3718 οίόν
1228 3683 1254 3718 τε
1267 3664 1311 3717 τόν
1334 3663 1452 3734 ἐχθιστον
1472 3661 1598 3736 εθτργίεην
1617 3665 1730 3736 γενέσθαι

118 3749 281 3821 ρήματοςδεῖ
295 3750 483 3821 χαρακτηρίζειν
502 3751 582 3804 πᾶσαν
605 3749 706 3816 στάσιν,
731 3747 789 3800 ἀλλ’
809 3747 836 3801 ἔκ
854 3754 903 3802 τῶν
946 3749 994 3798 τῶν
1011 3743 1147 3814 πολεμίων.
1187 3742 1286 3796 Ἐκεῖνο
1308 3741 1363 3813 περὶ
1382 3745 1425 3808 τῆς
1440 3740 1535 3812 εἰρήνης
1557 3737 1598 3810 ήν,
1625 3741 1729 3800 ἐνταῦθα

119 3827 251 3883 πλειόνων.
289 3827 320 3881 Εἰ
332 3827 381 3900 γάρ
400 3821 430 3896 ήν
447 3827 750 3897 σεγκατασκευαζόμενος,
774 3823 815 3876 διίι
835 3823 902 3895 τίμὴ
946 3821 1057 3892 περὶτῆς
1077 3819 1228 3892 εύεργεσίας,
1243 3820 1285 3890 καί
1304 3821 1342 3873 δτι
1359 3819 1404 3875 ούκ
1425 3814 1452 3872 εδ
1467 3819 1563 3888 ποιήσει
1584 3820 1730 3878 τού.λοιποῖι

121 3905 190 3968 ἔταξε
202 3905 233 3960 τί
244 3905 307 3960 κατά
317 3905 415 3978 θρᾴκην
426 3905 493 3976 ,μήτε
512 3903 538 3958 ίν
551 3907 582 3976 τῇ
599 3903 712 3974 διηγήσει
728 3903 789 3973 μήτε
813 3902 904 3965 ἐντοῖς
947 3900 989 3966 τόν
1009 3901 1100 3971 δῆμον,
1125 3898 1146 3954 εἰ
1171 3899 1385 3971 καταψηφιούμεθα
1406 3904 1455 3952 τῶν
1472 3898 1609 3970 πρίσθεων.
1647 3897 1682 3958 Ἡ
1703 3900 1730 3952 δέ

120 3983 201 4056 ἀγῶσι
208 4004 217 4050 ;
231 3984 337 4055 λέγομεν
349 3987 409 4056 γοῦν
419 3985 457 4037 ίτι
469 3981 502 4044 εἰς
512 3983 616 4052 σημεῖον
629 3984 705 4051 μόνον
720 3984 763 4046 τῆς
776 3981 904 4052 προδοσίας
947 3979 1018 4040 λύσις
1043 3977 1067 4040 ίξ
1086 3977 1196 4048 ἀτέχνων
1220 3978 1337 4032 πίπτων.
1374 3977 1511 4048 Παρίχεται
1535 3975 1584 4048 γίιρ
1603 3979 1730 4049 διαφόρους

122 4061 191 4135 λέγει
207 4062 238 4116 τίι
250 4062 312 4123 κατὰ
324 4061 440 4134 θρᾴκην,
452 4063 534 4131 ὥσπερ
547 4059 589 4114 καί
603 4059 687 4114 άλλων
702 4058 810 4130 σημείων
829 4058 904 4131 ἐμνή-
948 4057 1093 4122 ἐπιστολάς,
1109 4056 1135 4109 ἐν
1156 4051 1195 4118 αίς
1213 4056 1318 4114 πλεῖστα
1338 4055 1457 4118 πολλάκις
1473 4055 1643 4128 ύποσχόμενος
1661 4056 1729 4110 οόδίν

120 4142 179 4208 σθη.
194 4143 296 4198 ATCV.
385 4129 403 4164 δ’
518 4157 524 4172 ·
948 4157 972 4192 τι
995 4134 1041 4203 τήν
1063 4137 1136 4190 πόλιν
1155 4135 1259 4202 ποιήσας
1281 4135 1401 4207 φαίνεται.
1419 4135 1501 4193 Tm.
1526 4133 1728 4207 Πεπληρωμίνων

160 4219 220 4288 398,
236 4235 277 4274 11.
300 4217 384 4272 ίίαίτοι
402 4217 496 4272 τούτων
512 4215 624 4286 αδδενός]
639 4213 709 4270 Μετὰ
722 4211 767 4281 τήν
781 4213 905 4270 άπιύλειαν
948 4222 997 4270 τῶν
1019 4215 1158 4288 κεφαλαίων
1173 4215 1216 4272 καί
1238 4219 1287 4271 τῶν
1310 4212 1482 4286 άγύνων.ήδη
1500 4213 1542 4267 καί
1562 4218 1610 4269 τοῖιν
1632 4212 1734 4274 άποδεί-

120 4300 167 4364 τῖγς
183 4295 279 4368 Θρᾴκης
298 4297 339 4350 καί
357 4301 406 4350 τῶν
428 4295 537 4349 Φωκέων
561 4293 708 4367 ἰψηφίσαντο
729 4291 907 4366 ἐναγκάζοντις
949 4295 1008 4358 ξεων
1030 4293 1194 4366 μετελήλυθεν
1217 4292 1257 4348 ἰπὶ
1272 4291 1317 4361 τήν
1342 4291 1463 4348 άντίθεοιν
1482 4292 1583 4359 κιοίτην,
1614 4291 1731 4364 ἐπιλόγου

121 4373 197 4428 αύτόν
217 4373 313 4445 ἐφεῖναι
332 4373 375 4428 τόν
395 4372 578 4446 Κερσοθλίπτην
605 4373 705 4438 καὶτῆς
728 4370 907 4444 Ἀμφικτυονίας
949 4374 1033 4446 χρείαν
1059 4373 1217 4445 πληροῖισαν.·
1245 4372 1299 4444 ίχει
1324 4371 1356 4426 δέ·
1376 4371 1521 4430 άκολουθίαν
1551 4371 1667 4438 πλείστην
1690 4372 1732 4424 καί

123 4452 270 4519 ἀποστῆναι.
306 4453 349 4505 Διό
363 4452 458 4523 λέγειν
478 4452 557 4504 καίτοι
571 4451 663 4505 τούτων
676 4451 774 4515 ούδενός
787 4453 828 4507 ιίν.
844 4475 855 4504 ι
871 4453 906 4506 Οθ
949 4453 1090 4523 συγγένειαν
1110 4450 1168 4522 πρός
1187 4448 1232 4516 τήν
1255 4450 1431 4522 προειρημένην
1441 4494 1443 4498 .
1453 4447 1500 4515 ήδη
1519 4444 1661 4518 ἐπιλογικήν
1679 4445 1731 4501 ἐτί-

123 4529 174 4601 γίιρ
187 4530 215 4582 ἐν
232 4528 292 4601 έφθη
300 4531 482 4602 χειρωσάμενος
495 4528 538 4582 τόν
547 4528 731 4600 Ιίερσοθλίπιην
744 4529 759 4583 ό
773 4531 905 4597 Φίλιππος,
949 4550 993 4602 ραν
1014 4529 1144 4588 άντίθεσιν.
1185 4528 1229 4589 Ἐν
1249 4526 1329 4601 ἐκείνῃ
1348 4526 1391 4599 μέν
1410 4525 1458 4599 γάρ
1481 4525 1581 4600 έλίγετο
1602 4526 1641 4578 δτι
1665 4523 1729 4596 έρχή

124 4607 148 4662 εἰ
160 4606 232 4660 πλεῖν
242 4605 330 4674 ήθελεν
345 4606 470 4678 Αἰσχίνης·
491 4607 613 4676 ἐσιύζρντο
631 4608 680 4680 γίιρ
694 4610 724 4663 άν
738 4609 850 4676 Φωκεῖς,
865 4611 907 4664 καὶ
949 4610 1079 4680 γενήσεται
1092 4611 1135 4676 τῆς
1145 4607 1208 4678 πρός
1219 4607 1345 4666 Φίλιππον
1360 4605 1465 4678 ἔχθρας,
1475 4603 1579 4660 ἐνταῦθα
1589 4604 1730 4660 δίάκολού-

125 4685 155 4738 ού
169 4688 309 4758 κατεφρόνει
319 4690 362 4754 τῆς
372 4686 488 4750 πόλεωςθ
499 4687 632 4750 Φίλιππος.
646 4689 728 4742 TCV.
950 4689 997 4749 θως
1007 4688 1045 4740 ότι
1056 4685 1111 4740 ούδέ
1123 4685 1273 4757 εὐεργετήσει
1286 4685 1328 4740 καί
1339 4686 1378 4739 δτι
1388 4683 1433 4738 ούκ
1444 4677 1471 4738 εύ
1481 4683 1579 4752 ποιήσει
1587 4687 1630 4738 τού
1643 4683 1745 4742 λοιπού.

164 4764 224 4834 398,
244 4765 286 4817 13.
301 4764 352 4818 Νῦν
371 4765 426 4818 M
443 4764 486 4836 μέν
500 4761 545 4836 ήν]
560 4765 684 4836 Περίοδος.
698 4767 730 4818 Β.
950 4766 992 4819 τόν
1012 4765 1103 4834 δῆμον,
1126 4763 1148 4816 εἰ
1170 4763 1385 4834 καταψηφιούμεθα
1406 4767 1455 4816 τῶν
1477 4761 1609 4832 πρίσθεων.
1652 4759 1683 4816 ‘fl
1705 4762 1732 4816 δέ

163 4842 283 4911 398,1⁵.
303 4841 909 4915 λγανακτήσει]Ἐστιμένέντιληπτικίγήέντί-
950 4844 1019 4906 λύσις
1042 4842 1196 4913 έξ,άτέχνων
1216 4844 1332 4902 πίστεων.
1369 4841 1505 4912 Παρίχεται
1532 4840 1581 4912 γαρ
1605 4842 1746 4914 διαφόρως,

127 4921 201 4983 θισις.
238 4920 370 4992 Ἔγνωμεν
382 4921 409 4974 δέ
422 4919 446 4984 ἐξ
455 4917 491 4975 ὧν
503 4919 641 4993 ἠκούσαμεν
656 4921 681 4976 ἐν
693 4923 849 4992 ταῖςτίχναις
858 4923 905 4988 ότι,
951 4922 1096 4988 ἐπιστολάς,
1117 4915 1200 4984 ἐναίς.
1210 4921 1315 4982 πλεῖστα
1327 4920 1445 4982 πολλάκις
1457 4919 1626 4992 ὑποσχόμενος
1638 4921 1729 4984 Φίλιτς-

127 5000 188 5052 όταν
201 5019 237 5062 τις
249 5001 360 5071 κρίνηται
371 4999 407 5071 ἐφ’
418 4994 456 5068 οίς
466 4999 537 5063 αύτδς
555 4997 650 5071 εἴρηκεν
668 5001 684 5068 ή
696 5001 825 5070 πεποίηκεν
839 5002 855 5068 ἢ
868 5003 907 5056 κί-
950 5021 996 5062 πος
1008 4999 1112 5058 οθδέντι
1124 4997 1176 5064 τὴν,
1184 4993 1296 5056 πόλινεύ
1304 4999 1531 5068 ποιήσαςφαίνεται.
1544 4999 1657 5055 BFSYP.

128 5091 230 5144 κτηεαι,
241 5078 270 5132 τό
280 5083 416 5146 τηνικαύτα
426 5077 459 5140 είς
470 5079 504 5136 τό,
511 5082 609 5138 τριούτο
619 5081 701 5150 χωρεῖ
707 5079 848 5151 κεφάλαιον·
870 5078 909 5138 ἐπὶ
988 5079 1051 5149 399,
1066 5094 1112 5148 ορ.
1126 5077 1175 5139 Τὰς
1194 5077 1216 5132 δ’
1234 5075 1362 5142 ἐπιστολάς
1374 5075 1433 5148 ύμῖν
1445 5076 1678 5150 ἐναγειίσομαιήέν
1691 5073 1736 5140 αίς

128 5155 177 5228 γέρ
194 5154 239 5224 τήν
252 5156 381 5231 άντθιηήκν
401 5157 559 5230 καταφεύγειν
578 5149 700 5228 βούλεται.
752 5157 824 5212 Τδδί
840 5177 907 5216 συντ·
953 5153 980 5213 εύ
991 5159 1070 5214 ποιεῖν
1090 5155 1298 5230 ἐπαγγειλάμενος
1312 5155 1485 5229 ούδίνήγαγεν
1505 5155 1537 5220 εἰς
1552 5157 1632 5228 πέραςι
1647 5157 1733 5214 ΤίΝ.
