4158 6114
822 587 1072 652 reinnerus.
1598 573 1600 578 '
1684 607 1741 656 ιω

137 717 463 797 ’reliquicratoresnon
479 723 523 778 usi
536 732 617 792 sunt,
631 739 723 797 neque
737 740 770 778 ea
790 722 922 779 facileilli
969 720 1069 786 πόλεως
1083 719 1222 800 ἀσφαλείᾳ.
1264 721 1301 802 (a)
1314 723 1403 784 Δεινδν
1413 724 1441 782 ii
1452 747 1476 782 τι
1489 723 1626 800 συμύαίνει
1639 729 1744 796 πολλοῖς

149 813 224 868 aetati
237 811 416 868 conveniant.
458 808 557 866 sitem
569 807 752 886 παρανάλωμα
762 809 779 884 s
789 829 924 886 ο,πρωτο·
969 811 1021 867 τῶν
1038 808 1185 886 κρινόντων,
1204 797 1227 866 ‹i›
1241 807 1330 888 ἄνδρες
1343 810 1474 869 δικασταί·
1497 811 1586 890 ῶσπερ
1599 813 1649 893 γὰρ
1664 817 1680 884 ἡ
1692 818 1744 872 τῶν

149 896 239 972 λογίας
260 905 275 968 §
294 898 321 967 3,
336 894 510 974 λογογραφίας
521 896 538 970 §
551 895 581 970 8,
596 896 632 960 είς
654 893 761 960 δίκας...
778 893 858 966 ίθηκα
880 895 924 954 τὸν
970 896 1110 975 ὀφθαλμῶν
1127 895 1200 960 νόσος
1212 893 1260 966 τὴν
1272 895 1361 976 δρασιν
1383 897 1516 976 σογχίασα
1532 900 1627 958 κωλύει
1644 900 1677 959 cl
1695 904 1743 979 ἐμ-

149 985 228 1043 αόνον
243 986 260 1060 §
275 985 306 1058 8,
320 981 411 1062 ταφὴ..
420 983 573 1054 κηδευθεῖσα
585 983 641 1059 59,
653 979 823 1059 πρόύλημα5
837 1003 880 1053 rr,
893 995 924 1040 ut
971 979 1058 1040 ποδῶν
1086 980 1192 1057 κείμενα
1212 987 1332 1060 θεωρεῖν,
1351 983 1433 1052 οὕτως
1458 986 1543 1052 ἄδικος
1565 989 1743 1065 παρεισδύνων

150 1074 206 1130 alia
227 1073 365 1128 omittam.
406 1075 449 1128 De
463 1069 760 1144 iis,quibusicnnnes
780 1071 881 1128 Tzetza
897 1084 925 1128 et
970 1071 1045 1149 λόγος
1064 1071 1099 1135 εἰς
1114 1069 1160 1136 τὰς
1180 1073 1231 1130 τῶν
1247 1071 1374 1130 δικαστῶν
1394 1069 1498 1148 γνώμας
1514 1074 1560 1132 οὐκ
1575 1075 1605 1152 ἐᾷ
1620 1076 1652 1132 δι’
1666 1074 1744 1153 ὀργὴν

150 1175 306 1233 anonymus
325 1159 451 1232 Segucrii
469 1159 512 1213 usi
530 1168 615 1226 sunt,
632 1169 710 1213 certe
722 1157 843 1228 judicari
866 1175 925 1212 non
971 1167 1079 1238 σονορᾷν
1093 1156 1141 1228 τὴν
1159 1155 1290 1229 ἀλήθειαν.
1331 1159 1378 1218 Διὸ
1391 1160 1435 1216 καί
1448 1161 1485 1218 δεῖ
1497 1169 1605 1240 συνορᾷν
1623 1165 1690 1236 ὑμᾶς
1705 1165 1744 1220 εὐ-

149 1258 256 1324 potest,
269 1246 318 1303 sed
340 1248 425 1302 ctiam
443 1247 493 1300 has
507 1247 648 1300 orationes
670 1247 828 1318 suppositas
843 1243 924 1300 fidsse
970 1244 1056 1310 λαύῶς
1070 1243 1174 1302 ἐπὶτῶν
1188 1243 1386 1304 κινδυνευόντων
1399 1245 1525 1322 petioni
1540 1252 1590 1306 τῶν
1605 1248 1745 1324 ἐγκαλούν-

151 1333 335 1392 crediderim.
378 1334 441 1389 Deli
457 1331 553 1389 insulae
567 1333 712 1386 historiam
730 1350 765 1386 eo
786 1343 923 1404 tempore,
970 1355 1037 1392 πων·
1055 1333 1078 1390 ci
1099 1330 1146 1406 μὲν
1159 1329 1210 1408 γὰρ
1228 1333 1332 1392 αύτόθει
1345 1332 1448 1411 ἔχουσιν
1463 1333 1492 1392 ἐκ
1505 1337 1552 1403 τῆς
1568 1335 1745 1412 πρωτολογίας

150 1441 210 1495 quo
224 1422 260 1478 de
273 1421 379 1494 templo
393 1421 532 1494 Apollinis
547 1421 579 1473 lis
590 1430 690 1474 exorta
701 1429 759 1487 est,
772 1436 789 1473 ει
800 1417 924 1474 Demade
970 1423 1057 1479 ὁποῖον
1080 1418 1154 1478 αὐτοὶ
1176 1418 1312 1497 βούλονται
1330 1420 1374 1478 τὸν
1390 1420 1524 1490 δικαστὴν,
1547 1425 1571 1479 οῖ
1592 1421 1614 1478 δ’
1633 1423 1745 1497 ἀναγκά-

150 1509 238 1566 scribi
255 1509 380 1581 potuisse
404 1507 553 1562 Breclsitius
571 1504 774 1576 existimatnide
794 1505 922 1578 inscript.
971 1509 1057 1574 ζονται
1075 1505 1138 1585 πρὸς
1152 1506 1324 1582 ῶργισμίνσος
1337 1507 1427 1586 κριτόις
1440 1507 1611 1576 τὴνδιοίνοιαν
1626 1511 1745 1568 ἀντιτάσ-

150 1595 286 1669 deliacas
299 1595 317 1650 6
331 1614 362 1669 p.
378 1600 412 1659 ri
422 1593 444 1670 ).
457 1593 500 1652 Cf.
515 1611 577 1665 quar
587 1592 623 1648 de
636 1591 785 1665 Hyperidis
797 1593 925 1646 oratione
971 1597 1072 1652 σεσθαι.
1115 1591 1147 1672 (s)
1163 1591 1229 1652 Ἐδιν
1249 1591 1296 1667 μὲν
1314 1583 1358 1650 σύν
1373 1593 1506 1674 φαίνωμαι
1519 1599 1571 1660 τοῖς
1583 1599 1746 1674 ἐγκαλουμέ-

150 1683 261 1740 deliaca
282 1683 412 1756 exposui.
455 1679 509 1738 llic
533 1681 666 1752 deinceps
688 1681 784 1734 omnia
806 1679 925 1734 collecta
970 1699 1021 1744 νοις
1035 1678 1137 1756 ἔνοχος,
1152 1677 1386 1757 καταψηφίσασθε,
1404 1680 1440 1756 μὴ
1456 1681 1594 1759 φείσησθε,
1610 1686 1638 1740 ού
1652 1705 1746 1762 παραι-

150 1771 236 1842 dedi,
253 1789 316 1843 que
330 1769 367 1824 cd
385 1767 540 1824 Demadem
560 1767 743 1836 referrentur,
761 1785 825 1822 cum
840 1767 924 1840 plura
971 1769 1081 1840 τοῦμαι·
1103 1763 1135 1822 ln
1155 1763 1177 1821 δ’
1197 1765 1358 1842 εὑρίσκωμαι
1373 1769 1426 1826 τῶν
1446 1769 1641 1844 ἐγκεκλημένων
1661 1795 1747 1849 κεχω-

149 1875 235 1929 quam
250 1859 314 1930 quis
327 1858 485 1928 requireret
500 1855 620 1910 inveniri
633 1855 744 1909 mallem
758 1871 842 1928 ιγιιαιιι
860 1852 925 1924 jure
972 1850 1089 1929 ρισμίνος
1102 1853 1139 1931 τῷ
1153 1849 1261 1931 δικαίῳ,
1275 1853 1327 1918 τοῖς
1342 1853 1446 1927 νόμοις,
1461 1858 1499 1934 τῷ
1517 1856 1690 1934 συμφέροντι,
1707 1861 1744 1934 μὴ

149 1944 259 2018 aliquid
275 1943 442 2000 desiderari.
459 1967 471 1992 ε
487 1943 632 2000 Saurrrus.
971 1937 1084 2018 πρόησθί
1098 1943 1178 2018 μετῇ
1194 1942 1244 1997 τῶν
1259 1939 1409 2018 κατηγόρων
1421 1941 1548 2018 ὠμότητι.
1591 1945 1626 2004 Εἴ
1641 1946 1667 2004 δὲ
1678 1947 1740 2004 ποίν-

269 2077 282 2136 1
317 2075 420 2136 ΥΠΕΡ
440 2077 518 2136 ΤΗΣ
538 2073 816 2134 ΔΩΔΕΚΛΕΠΑΣ·
970 2049 1020 2092 τως
1034 2025 1170 2085 ἀποθανὼν
1185 2027 1370 2104 σομύαλοῖιμαί
1384 2051 1409 2086 τι
1422 2030 1485 2108 πρὸς
1497 2031 1542 2101 τὴν
1554 2034 1640 2100 κοινὴν
1660 2057 1745 2104 σωτη-

972 2113 1040 2192 ρίαν,
1055 2116 1090 2178 tn
1104 2103 1174 2170 οὗτοι
1188 2111 1318 2187 λέγουσιν,
1336 2113 1445 2188 ἑτοίμως
1464 2114 1518 2192 ἔχω
1536 2119 1671 2196 τελευτᾷν·
1686 2119 1746 2187 κτή-

189 2209 245 2277 Τῆς
253 2205 300 2282 μὲν
310 2209 358 2264 τῶν
369 2205 564 2265 κινδυνευόντων
576 2193 742 2283 σωτηρίας,ῶ
754 2201 843 2280 ἄνδρες
851 2201 927 2272 Ἀθη-
972 2203 1067 2256 σασθαι
1081 2197 1131 2275 γίιρ
1151 2198 1207 2277 ἰδίῳ
1222 2199 1325 2276 θανοίτιρ
1336 2198 1463 2272 δημοσίαν
1475 2201 1640 2277 εὐδαιμονίαν
1654 2201 1744 2274 καλόν,

149 2299 235 2368 ναῖοι,
254 2292 299 2352 καί
318 2297 365 2362 τῆς
380 2292 506 2371 τιμωρίας
525 2297 596 2368 ὑμεῖς
616 2289 689 2368 παρὰ
711 2294 762 2349 τῶν
777 2288 861 2364 νόμων
879 2289 926 2360 τὴν
971 2285 1016 2344 tis
1034 2288 1050 2354 ἡ
1064 2283 1142 2362 χρεία
1156 2288 1203 2355 τῆς
1219 2283 1341 2362 πατρίδος
1355 2284 1423 2343 ἀλλὰ
1438 2285 1475 2362 μὴ
1490 2287 1614 2346 δτοῦτων
1628 2287 1702 2362 λόγος
1716 2289 1745 2346 τὸ

150 2377 267 2446 ἐξουσίαν
285 2377 421 2458 εἰλήφατε·
444 2377 502 2436 οὔτε
523 2377 553 2446 δὲ
571 2376 657 2455 ἰατρός
672 2374 801 2454 ἐμπείρως
820 2373 926 2433 δύναται
971 2373 1016 2450 ζῇν
1032 2372 1183 2450 ἀφαιρῆται.
1228 2369 1260 2448 (s)
1274 2369 1339 2429 Δότε
1351 2369 1382 2440 di,
1398 2394 1451 2446 μοι,
1462 2371 1524 2449 πρὸς
1536 2377 1609 2444 θεῶν,
1623 2361 1645 2430 ῶ
1657 2372 1747 2451 ἄνδρες

150 2470 310 2544 θεραπεῦσαι
328 2463 386 2530 τούς
408 2464 569 2541 κάμνοντας,
595 2461 625 2520 ἂν
646 2459 682 2536 μὴ
706 2458 752 2530 τὴν
776 2457 862 2518 αίτίαν
882 2465 926 2518 τοῦ
972 2457 1111 2532 Ἀθηναῖοι,
1126 2453 1182 2512 δότε
1196 2457 1364 2533 διαλεχθῆναι
1377 2459 1412 2522 ὡς
1423 2463 1597 2535 προαιροῦμαι
1607 2457 1670 2528 πρὸς
1680 2461 1746 2534 ὑμᾶς

150 2553 297 2627 νοσήματος
311 2550 475 2630 κατανοήσῃ,
489 2549 548 2608 οὔτε
559 2547 683 2618 δικαστὴς
696 2547 769 2606 θείαν
784 2552 865 2606 θεῖναι
878 2545 926 2617 τὴν
971 2544 1031 2622 περὶ
1053 2545 1104 2602 τῶν
1119 2541 1235 2601 δικαίων.
1253 2545 1329 2600 Δοκῶ
1348 2541 1398 2616 μὲν
1416 2543 1466 2620 γθρ
1484 2542 1592 2618 δύναμιν
1614 2535 1678 2602 ε’ίναί
1702 2569 1747 2620 μοι

149 2641 248 2720 ψῆφον,
265 2637 310 2698 tin
321 2639 358 2715 μὴ
370 2643 423 2704 τοῖς
435 2642 482 2707 τῆς
496 2638 605 2716 κρίσεως
618 2626 751 2714 δικαίοιςῇ
763 2637 927 2715 παρηκολοιι·
971 2632 1083 2696 καὶτοῖς
1097 2627 1184 2696 ἄλλοις
1207 2633 1325 2707 βοηθεῖν·
1340 2633 1366 2689 ἐν
1388 2629 1416 2688 δέ
1433 2631 1533 2697 τούτοις
1548 2633 1679 2706 ἐμποδίζει
1698 2656 1747 2705 μου

150 2725 248 2796 θηκιύς.
292 2727 325 2804 (a)
346 2723 486 2802 Ἐμπεσὼν
504 2724 531 2783 δέ
554 2723 630 2789 αὐτὸς
646 2724 683 2788 τίς
702 2722 785 2797 μέσην
805 2722 852 2794 ris
874 2725 925 2782 τῶν
973 2717 1017 2776 τὸν
1037 2716 1145 2793 λόγονθ
1167 2715 1254 2794 φόὸος.
1296 2711 1394 2783 Ἄλλως
1416 2717 1443 2774 δέ
1458 2719 1487 2776 ού
1508 2719 1551 2778 τδν
1572 2719 1678 2798 ἔλεγχον
1702 2729 1746 2780 τοῦ

151 2814 268 2892 ρητόρων
281 2813 447 2890 δοσμίναιαν,
462 2811 552 2891 ῶσπερ
563 2816 609 2882 τῆς
622 2809 695 2890 παρδι
708 2815 787 2881 θεῶν,
803 2810 870 2870 ούτω
879 2816 927 2882 τῆς
972 2804 1126 2884 προίγματος
1139 2803 1225 2874 δίδια,
1241 2803 1308 2862 ἀλλὰ
1321 2804 1365 2864 τὸν
1379 2808 1430 2862 τῶν
1446 2807 1582 2866 ἀντιδίκων
1602 2809 1701 2886 φθόνον,
1718 2808 1746 2874 ὃς

150 2904 214 2980 παρ’
230 2902 303 2974 ὑμῶν
319 2898 411 2976 δίομαι
427 2908 514 2978 τυχεῖν
530 2897 657 2978 βοηθείας.
682 2895 859 2956 Διαύοίλλουσι
872 2895 923 2973 γοίρ
972 2896 1000 2950 οὖ
1018 2892 1099 2972 κρίνει
1118 2890 1176 2957 τοὺς
1191 2892 1360 2963 ἀδικοῦντας,
1381 2891 1449 2950 ἀλλὰ
1471 2895 1563 2973 φύεται
1578 2903 1629 2960 τοῖς
1644 2897 1747 2954 δοκοῦσι

150 3010 204 3063 μου
222 2987 269 3046 τὸν
293 2985 360 3065 βίον,
376 2987 488 3063 οἰόμενοι
503 2988 547 3045 τὸν
566 2985 641 3061 λόγον
664 2983 774 3044 ἄπιστον
788 2982 925 3054 acccersi-
971 2977 1079 3058 λέγεινῆ
1093 2977 1230 3057 πράττειν.
1273 2977 1306 3059 (ο)
1321 2977 1356 3038 Ἡ
1370 2977 1432 3058 παρ’
1442 2983 1503 3058 ύμῖν
1518 2981 1590 3048 ἐλπίς
1604 2981 1630 3040 δὲ
1643 2982 1746 3040 δικαία·

150 3093 220 3133 σειν·
240 3074 292 3152 ἐγύι
307 3076 330 3132 δ’
347 3073 483 3136 ἀποθανὼν
496 3071 575 3150 pini
595 3075 646 3140 ζῶν
663 3071 734 3130 αθδέν
751 3073 818 3147 cipi·
837 3071 862 3128 τί
875 3071 926 3150 γθιρ
971 3072 1016 3130 tta
1031 3067 1128 3138 ταύτης
1140 3065 1300 3146 κατατύχω,
1316 3068 1402 3134 παίσας
1416 3067 1582 3144 ἀπολύσομαι
1597 3067 1642 3136 τός
1657 3069 1747 3128 διαύο-

151 3162 293 3234 Ἀθηναίοις
306 3157 324 3231 ἢ
337 3159 520 3238 παρανάλωμα
534 3159 679 3234 Δημάδης,
694 3155 817 3236 δακρύσει
833 3155 861 3214 δι’
876 3179 926 3234 μου
971 3159 1031 3224 λίς·
1042 3155 1141 3216 inruit
1156 3154 1254 3226 ταύτης
1265 3153 1323 3214 οὔτε
1338 3158 1352 3213 θ
1366 3155 1440 3235 λόγος
1462 3154 1515 3216 οὗθ’
1530 3160 1553 3215 cl
1567 3157 1643 3233 νόμοι
1659 3157 1713 3216 οὗθ’
1730 3163 1746 3229 ἢ

150 3248 200 3320 τὴν
212 3249 344 3308 θπῶλιιαν
357 3251 406 3328 οὐχ
420 3252 434 3306 θ
447 3246 608 3327 στρατιώτης
618 3249 723 3311 -πῶς
734 3243 803 3322 γάρ;
819 3243 846 3303 δν
857 3242 927 3312 αὔξει
971 3250 1024 3306 τῶν
1042 3241 1207 3323 πραγμάτων
1226 3242 1335 3315 dividere
1352 3245 1436 3302 σῶσαι
1452 3243 1574 3302 δύνανται
1589 3243 1633 3302 τόν
1654 3245 1748 3311 ἀδίκως

152 3335 202 3412 μίν
215 3336 342 3412 πόλεμος,
358 3335 447 3415 είρτίνη
461 3335 484 3394 δ’
503 3336 532 3392 σθ
549 3331 651 3414 τρίφει·
663 3366 700 3378 -
714 3331 772 3392 ἀλλ’
787 3331 861 3402 bris
875 3331 928 3410 χιύ·
970 3329 1131 3410 κρινόμενον.
1174 3331 1233 3389 Ούκ
1242 3332 1357 3408 ἀγνοεῖτε
1369 3327 1397 3388 δὲ
1407 3329 1446 3388 ύτι
1456 3330 1548 3390 πολλοὶ
1558 3332 1683 3400 πολλάκις
1696 3331 1746 3403 ἤδη

151 3447 201 3504 ραν
218 3427 338 3503 γεωργῶν
356 3424 402 3483 καί
422 3427 437 3481 l
454 3423 502 3495 τὴν
517 3423 648 3480 θάλατταν
667 3420 753 3480 nlius
774 3419 820 3478 καί
840 3428 891 3486 πθς
912 3422 926 3478 l
971 3421 1023 3478 τῶν
1042 3413 1218 3493 ἐγκαλούντων
1237 3417 1290 3476 int
1304 3415 1350 3492 μέν
1368 3419 1414 3486 τῆς
1428 3416 1585 3494 κατηγορίας
1605 3417 1692 3486 ἔδοξαν
1708 3419 1747 3475 δί-

149 3511 195 3570 τδν
209 3511 316 3590 ἡσύχιον
335 3511 390 3590 βίον
402 3509 562 3586 ἠγαπηκὼς,
575 3500 653 3589 ᾧτὴν
667 3507 784 3579 Ἀττικὴν
797 3505 925 3584 ἐτείχισα,
972 3526 1036 3563 καια
1049 3501 1142 3580 λίγιιν,
1156 3501 1345 3581 παρατεθείσης
1361 3502 1388 3561 δὲ
1398 3506 1445 3574 τῆς
1454 3505 1595 3580 ἀπολογίας
1607 3505 1747 3582 εύρίθησαν

150 3599 210 3666 τοὺς
222 3597 296 3680 δροος
308 3603 354 3667 τῆς
365 3595 609 3678 χώραςπιριύαλὼν
625 3600 654 3656 ού
664 3595 743 3661 λίθοις
754 3593 864 3672 sititet,
875 3597 923 3663 τῆς
974 3591 1048 3649 nicol
1062 3588 1322 3669 συκοφαντοῦντες·,θ
1336 3589 1368 3660 δὴ
1379 3589 1425 3647 καί
1437 3594 1480 3647 νῦν
1495 3588 1640 3664 πίπιιαμαι
1650 3590 1748 3656 τούτοις

366 3769 385 3816 l.
403 3769 444 3816 DE
458 3765 707 3816 ouonucuuutbt.
973 3760 1109 3809 crisantinm
1121 3761 1191 3806 caute
1201 3758 1391 3818 circumspicere.
1411 3759 1565 3805 Accusatores
1577 3757 1641 3805 enim
1653 3759 1747 3818 quatem

973 3829 1081 3890 cupiunt,
1096 3828 1166 3877 tatem
1178 3840 1207 3875 εκ
1225 3826 1310 3888 priore,
1322 3839 1378 3886 oue
1388 3827 1496 3888 ipsorum
1508 3827 1556 3886 esi,
1567 3827 1673 3875 orations
1683 3828 1748 3886 iurii-

184 3901 272 3946 ticrum
283 3897 324 3959 qni
338 3896 363 3944 lu
377 3894 520 3956 indiciorum
533 3893 644 3956 periculis
653 3899 788 3954 versantur,
800 3892 927 3942 Athenien·
972 3913 1023 3949 cem
1034 3899 1155 3958 obtinent;
1165 3897 1189 3946 bt
1199 3901 1281 3944 contra
1291 3897 1394 3946 irritatos
1402 3895 1495 3958 μεθίετε
1506 3897 1612 3944 animum
1625 3897 1748 3948 intendere

150 3965 261 4024 semite
271 3970 295 4015 et
306 3965 371 4014 necis
385 3965 525 4026 potestatem
534 3965 644 4026 perleges
654 3963 927 4023 accepistiszenimrcrc
972 3966 1155 4028 compettuntur.
1183 3963 1217 4026 (t)
1230 3963 1747 4025 igitursicrimtneteneriririear,conrtem·

151 4050 230 4100 neque
245 4035 373 4098 prudenter
387 4036 495 4085 medicus
508 4035 673 4084 laborantibus
686 4035 762 4096 potest
776 4045 926 4094 succurrere,
972 4041 1027 4085 nate
1042 4034 1206 4094 me,nemii1t
1225 4034 1327 4095 parcite;
1341 4047 1388 4083 non
1402 4035 1525 4096 deprecor.
1546 4034 1588 4084 sin
1603 4038 1683 4083 insons
1696 4047 1748 4084 cmc

150 4107 171 4156 si
183 4119 280 4154 εειιεοιιι
295 4105 371 4154 morbi
384 4105 478 4168 penitus
488 4117 536 4154 non
552 4105 686 4166 agnoverit,
699 4113 778 4164 neque
787 4103 860 4163 iudex
871 4115 927 4152 san-
972 4107 1083 4168 reperiar‚
1093 4106 1154 4166 juris
1164 4109 1188 4154 et
1202 4105 1280 4166 trgum
1296 4109 1321 4155 et
1331 4106 1441 4156 utilitatis
1453 4106 1544 4156 rationo
1554 4105 1650 4166 babita,
1664 4119 1694 4154 ne
1709 4119 1748 4154 rns

150 4179 218 4224 ctum
229 4173 345 4234 judicium
360 4173 435 4235 terre,
449 4173 493 4222 nisi
503 4174 527 4222 iu
542 4173 630 4234 iudicio
640 4185 694 4235 quae
706 4172 770 4232 iusta
781 4171 927 4220 cbsmauda
973 4176 1074 4238 prodatis
1085 4179 1253 4224 accusatorum
1263 4176 1407 4225 crudelitati.
1438 4175 1462 4226 si
1473 4179 1552 4224 autem
1564 4177 1661 4224 omnino
1671 4179 1748 4228 morte

151 4245 200 4292 sint
213 4243 284 4305 probe
293 4249 414 4293 assecutus
426 4244 504 4292 tuerit.
535 4242 568 4306 (t)
582 4245 634 4304 tpse
644 4245 724 4291 nutem
734 4241 775 4302 ιμιΙ
791 4235 927 4290 inmedicm
972 4261 1023 4295 mea
1040 4246 1142 4309 pnbiicae
1160 4247 1232 4295 satuti
1244 4248 1383 4308 consutam,
1399 4251 1427 4295 ot
1442 4247 1476 4296 itit
1492 4247 1624 4306 atirmant,
1638 4245 1748 4295 alacriter

149 4317 274 4362 oratorum
285 4313 434 4362 inimicitiam
448 4312 519 4362 incidi
527 4317 592 4373 ,uta
606 4311 651 4360 diis
662 4309 836 4361 immortalibus
847 4343 854 4370 ,
866 4311 900 4358 sic
913 4323 927 4358 a
971 4317 1111 4365 occumbam
1126 4329 1133 4364 ι
1153 4317 1260 4377 pulcrum
1282 4319 1319 4366 est
1338 4318 1401 4366 euim
1421 4317 1516 4378 propria
1534 4319 1609 4364 morte
1628 4314 1746 4376 public-tm

149 4382 220 4433 robis
235 4383 351 4432 auritium
363 4383 473 4445 implore.
488 4383 552 4431 Vite
563 4394 624 4432 mccc
636 4382 781 4441 detrabunt,
792 4381 927 4430 existiman·
971 4387 1096 4436 comittere
1108 4385 1253 4447 felicitatem,
1269 4387 1288 4436 si
1303 4387 1385 4448 patriae
1394 4386 1562 4446 commodum,
1574 4385 1614 4434 sed
1629 4397 1676 4433 non
1690 4386 1747 4434 ino.

149 4453 312 4504 iesseitdem
328 4466 478 4516 eorumque
495 4453 602 4502 dicturos
618 4452 845 4502 simiabeisctnros.
879 4455 927 4512 Ego
972 4469 1027 4504 rum
1043 4468 1123 4505 sermo
1140 4455 1214 4503 ritem
1232 4455 1330 4504 adimat.
1366 4455 1399 4516 (ο)
1414 4455 1559 4514 Permittite,
1577 4453 1687 4515 persicos
1701 4453 1747 4501 im·

151 4535 209 4570 nero
221 4535 264 4571 scu
278 4521 349 4571 risos
361 4535 404 4572 seu
420 4524 530 4571 mortuns
542 4521 600 4570 nibil
616 4535 690 4570 suin:
709 4521 766 4583 quid
784 4523 848 4571 enim
862 4521 926 4570 atiud
972 4525 1096 4584 mortatss,
1115 4523 1283 4582 Athenienses,
1296 4525 1425 4586 permittite
1443 4529 1470 4572 nt
1491 4535 1546 4585 qne
1566 4523 1631 4582 iusta
1659 4523 1682 4569 in
1704 4523 1749 4570 bac

149 4590 333 4640 Atheniensibus
352 4591 471 4641 Demades
486 4593 524 4640 esi
537 4603 610 4652 quam
626 4591 716 4640 nultius
728 4589 844 4640 momenti
856 4603 927 4654 nego·
971 4607 1040 4643 musa
1062 4595 1124 4655 sint,
1156 4595 1225 4653 prout
1248 4593 1359 4652 reinero,
1386 4593 1454 4641 robis
1474 4605 1600 4655 exponam.
1633 4593 1676 4640 sat
1698 4605 1748 4640 ιιιο-

149 4663 230 4710 tium?
244 4663 325 4711 ntem
337 4661 401 4712 euim
415 4661 537 4712 interitum
550 4661 620 4710 miles
631 4675 679 4710 nou
691 4661 826 4724 deplorabit
839 4686 869 4696 -
885 4663 927 4723 qui
971 4677 1041 4725 gnam
1053 4661 1144 4710 dicendi
1157 4662 1293 4711 iacuttatern
1306 4662 1363 4711 mibi
1378 4675 1429 4712 esse
1439 4663 1511 4724 puio,
1522 4664 1550 4711 ui
1563 4661 1598 4709 rei
1607 4661 1658 4711 aliie
1671 4662 1738 4722 opitn

150 4731 231 4779 enimi
248 4741 304 4778 nam
323 4729 388 4780 buno
410 4730 500 4781 bellurn
516 4731 612 4792 quidem
627 4733 712 4792 augei,
734 4744 780 4792 pax
802 4743 859 4780 rero
880 4745 928 4781 non
973 4733 1013 4782 tari
1028 4731 1129 4793 possim,
1148 4731 1171 4778 in
1190 4731 1225 4780 iris
1243 4735 1323 4780 autem
1338 4735 1417 4782 metus
1428 4732 1560 4780 orationem
1579 4743 1657 4779 meam
1677 4731 1749 4778 inter·

149 4798 247 4857 alit-,
260 4798 354 4861 sedqui
371 4799 490 4861 regionem
506 4800 606 4861 excolit,
619 4813 685 4850 snare
698 4801 929 4862 mrigai,etomnis
973 4801 1060 4851 turbat.
1093 4801 1205 4850 cetenrm
1223 4813 1271 4848 non
1293 4801 1367 4849 timeo
1388 4800 1494 4849 criminis
1520 4801 1682 4862 probationem
1703 4802 1745 4849 sert

149 4867 192 4928 qui
204 4868 310 4930 φοίεθεοι
324 4869 398 4917 vitam
411 4867 435 4916 in
448 4869 539 4918 deliciis
555 4869 642 4928 babet,
658 4871 696 4920 coi
711 4871 814 4919 Atticam
835 4871 928 4920 muniri
972 4869 1160 4920 adversariorum
1180 4867 1294 4917 invidiam
1312 4881 1368 4930 que
1384 4881 1431 4917 non
1449 4868 1549 4928 injurios
1570 4870 1592 4916 in
1606 4868 1646 4930 jus
1662 4877 1745 4930 vorat,

150 4951 200 4986 non
213 4937 288 4986 muris
301 4937 360 4987 tinec
380 4938 484 5000 regionis
500 4939 593 5000 sepiens
606 4938 648 4988 sed
662 4939 727 4988 urbis
738 4943 827 4986 nostrae
838 4939 927 4986 securt-
972 4939 1013 4988 sed
1025 4939 1053 4986 tis
1065 4937 1219 4999 necterent
1233 4937 1333 4986 dicendo
1350 4938 1387 4987 rei
1402 4937 1492 4998 agendo
1505 4943 1617 4999 pra-stare
1629 4938 1746 4990 ridentur.

149 5009 209 5056 tate.
243 5005 277 5070 (3)
299 5009 330 5056 tt
344 5021 417 5069 grane
427 5007 517 5069 aliquid
534 5008 617 5057 miritis
635 5019 718 5056 eorum
736 5005 777 5068 qui
787 5004 879 5064 jndices
894 5017 929 5055 se·
973 5007 1007 5069 (oi
1020 5009 1079 5066 spes
1090 5019 1147 5055 vcro
1156 5006 1219 5068 apud
1229 5019 1271 5055 ros
1277 5007 1752 5068 iustaestrbscsipotttussummmnes

149 5077 222 5133 dent.
248 5075 344 5126 accidit.
377 5078 445 5126 Sicut
467 5078 531 5126 euim
552 5078 677 5126 ocutorum
699 5075 815 5136 agritudo
834 5075 929 5124 videndi
973 5077 1072 5126 insidias
1084 5076 1248 5137 confringam
1262 5076 1352 5138 absque
1366 5077 1408 5125 itta
1424 5089 1482 5126 sero
1493 5089 1571 5138 neque
1581 5078 1657 5127 cretio
1673 5091 1749 5140 ιιειμιε

150 5145 163 5192 t
171 5143 300 5192 unctionem
320 5144 446 5193 contundit
463 5149 487 5192 et
503 5146 630 5206 quominus
647 5145 710 5192 ctare
726 5142 820 5202 objecta
835 5143 929 5204 conspi·
974 5149 1035 5210 tege
1054 5159 1132 5206 neone
1150 5147 1298 5208 οεοοίῖοηιιο
1310 5148 1431 5208 integritus
1448 5159 1543 5196 serrare
1564 5150 1651 5209 poterit
1663 5150 1749 5212 injuste

150 5213 246 5261 cientur
266 5211 529 5274 tmpett1,stcin1·usta
544 5214 622 5262 oratio
642 5213 788 5275 iniudicnrn
803 5213 931 5262 sententias
973 5216 1128 5277 injudicinm
1141 5221 1260 5265 vocatum.
1293 5217 1346 5266 tion
1367 5217 1478 5278 ignoratis
1494 5217 1582 5280 saepins
1595 5221 1706 5268 accidisse
1722 5225 1749 5266 ιιι

150 5283 258 5343 irrepens
268 5282 393 5331 veritatem
403 5287 497 5344 propter
506 5285 564 5331 iram
572 5284 675 5345 conspici
685 5298 731 5332 non
742 5285 837 5345 patitur.
850 5285 930 5339 anare
975 5289 1137 5347 reseratores,
1146 5299 1220 5348 quum
1233 5287 1297 5347 iusta
1308 5287 1332 5334 in
1342 5289 1491 5337 accusatione
1503 5288 1626 5350 protulisse
1639 5287 1748 5337 rideren-

149 5353 224 5401 etinn
244 5353 356 5402 coercuit
378 5363 420 5402 roe
438 5353 469 5404 de
487 5367 668 5408 caesareorum
689 5356 768 5416 potin
791 5367 863 5416 ηιιειιι
888 5367 927 5404 ac·
974 5360 1022 5418 ter,
1036 5359 1116 5406 tamen
1132 5359 1187 5418 post
1197 5355 1293 5407 atterius
1306 5357 1379 5418 pertis
1392 5357 1551 5410 detonsionem
1566 5357 1748 5409 cctnmoiatores
