<?xml version="1.0" encoding="UTF-8"?>
<!DOCTYPE html PUBLIC "-//W3C//DTD XHTML 1.0 Transitional//EN"
    "http://www.w3.org/TR/xhtml1/DTD/xhtml1-transitional.dtd">
<html xmlns="http://www.w3.org/1999/xhtml" xml:lang="en" lang="en">
 <head>
  <title>
</title>
<meta http-equiv="Content-Type" content="text/html;charset=utf-8" />
  <meta name='ocr-system' content='tesseract 3.04.00' />
  <meta name='ocr-capabilities' content='ocr_page ocr_carea ocr_par ocr_line ocrx_word'/>
</head>
<body>
  <div class='ocr_page' id='page_1' title='image "./oratoresatticia00unkngoog/oratoresatticia00unkngoog_0379.png"; bbox 0 0 4158 6114; ppageno 0'>
   <div class='ocr_carea' id='block_1_1' title="bbox 863 341 1785 411">
    <p class='ocr_par' dir='ltr' id='par_1_1' title="bbox 863 341 1785 411">
     <span class='ocr_line' id='line_1_1' title="bbox 863 341 1785 411; baseline 0.009 -9"><span class='ocrx_word' id='word_1_1' title='bbox 863 341 1114 404; x_wconf 77' lang='lat' dir='ltr'><strong>FRAGMENTA.</strong></span> <span class='ocrx_word' id='word_1_2' title='bbox 1730 359 1785 411; x_wconf 74' lang='lat' dir='ltr'><strong>tta</strong></span> 
     </span>
    </p>
   </div>
   <div class='ocr_carea' id='block_1_2' title="bbox 177 471 1797 5187">
    <p class='ocr_par' dir='ltr' id='par_1_2' title="bbox 177 471 1787 643">
     <span class='ocr_line' id='line_1_2' title="bbox 177 471 1787 554; baseline 0.002 -20"><span class='ocrx_word' id='word_1_3' title='bbox 177 475 287 536; x_wconf 88' lang='grc' dir='ltr'>σποίνιον</span> <span class='ocrx_word' id='word_1_4' title='bbox 300 478 386 536; x_wconf 75' lang='grc' dir='ltr'>τοῦτο.</span> <span class='ocrx_word' id='word_1_5' title='bbox 430 473 547 536; x_wconf 70' lang='lat' dir='ltr'><strong>&#39;liniti</strong></span> <span class='ocrx_word' id='word_1_6' title='bbox 567 473 722 554; x_wconf 76' lang='grc' dir='ltr'>Ὑπερείδου</span> <span class='ocrx_word' id='word_1_7' title='bbox 738 474 768 538; x_wconf 78' lang='grc' dir='ltr'>τὸ</span> <span class='ocrx_word' id='word_1_8' title='bbox 781 474 825 534; x_wconf 83' lang='grc' dir='ltr'><strong>καί</strong></span> <span class='ocrx_word' id='word_1_9' title='bbox 844 483 899 541; x_wconf 84' lang='grc' dir='ltr'>ταῖς</span> <span class='ocrx_word' id='word_1_10' title='bbox 912 471 961 531; x_wconf 89' lang='grc' dir='ltr'><strong>λέ-</strong></span> <span class='ocrx_word' id='word_1_11' title='bbox 1009 486 1105 532; x_wconf 88' lang='lat' dir='ltr'><strong>ortum</strong></span> <span class='ocrx_word' id='word_1_12' title='bbox 1126 479 1161 532; x_wconf 86' lang='lat' dir='ltr'><strong>sit</strong></span> <span class='ocrx_word' id='word_1_13' title='bbox 1182 495 1216 532; x_wconf 86' lang='lat' dir='ltr'><strong>ex</strong></span> <span class='ocrx_word' id='word_1_14' title='bbox 1238 479 1357 534; x_wconf 85' lang='lat' dir='ltr'><strong>Himerii</strong></span> <span class='ocrx_word' id='word_1_15' title='bbox 1378 480 1438 535; x_wconf 83' lang='lat' dir='ltr'><strong>sire</strong></span> <span class='ocrx_word' id='word_1_16' title='bbox 1452 479 1565 537; x_wconf 88' lang='lat' dir='ltr'><strong>Libanii</strong></span> <span class='ocrx_word' id='word_1_17' title='bbox 1580 478 1787 538; x_wconf 80' lang='lat' dir='ltr'><strong>declamatione</strong></span> 
     </span>
     <span class='ocr_line' id='line_1_3' title="bbox 178 561 1787 643; baseline 0.001 -21"><span class='ocrx_word' id='word_1_18' title='bbox 178 563 247 632; x_wconf 80' lang='grc' dir='ltr'>Εεσιν</span> <span class='ocrx_word' id='word_1_19' title='bbox 258 561 440 643; x_wconf 74' lang='grc' dir='ltr'>ἀφειδέστιρόν</span> <span class='ocrx_word' id='word_1_20' title='bbox 457 585 512 628; x_wconf 81' lang='grc' dir='ltr'>ποις</span> <span class='ocrx_word' id='word_1_21' title='bbox 528 562 573 621; x_wconf 83' lang='grc' dir='ltr'><strong>καί</strong></span> <span class='ocrx_word' id='word_1_22' title='bbox 585 561 755 642; x_wconf 74' lang='grc' dir='ltr'>ἀμελέστερον</span> <span class='ocrx_word' id='word_1_23' title='bbox 769 565 894 642; x_wconf 75' lang='grc' dir='ltr'>χρῆσθαι.</span> <span class='ocrx_word' id='word_1_24' title='bbox 1009 564 1182 638; x_wconf 76' lang='lat' dir='ltr'><strong>Hyperidis,</strong></span> <span class='ocrx_word' id='word_1_25' title='bbox 1194 564 1230 620; x_wconf 89' lang='lat' dir='ltr'><strong>de</strong></span> <span class='ocrx_word' id='word_1_26' title='bbox 1242 583 1298 639; x_wconf 88' lang='lat' dir='ltr'><strong>qua</strong></span> <span class='ocrx_word' id='word_1_27' title='bbox 1307 583 1392 640; x_wconf 86' lang='lat' dir='ltr'><strong>supra</strong></span> <span class='ocrx_word' id='word_1_28' title='bbox 1402 567 1541 623; x_wconf 81' lang='lat' dir='ltr'>diximus?</span> <span class='ocrx_word' id='word_1_29' title='bbox 1550 570 1787 636; x_wconf 80' lang='lat' dir='ltr'><strong>Voemeliusvero,</strong></span> 
     </span>
    </p>

    <p class='ocr_par' dir='ltr' id='par_1_3' title="bbox 178 647 1790 2198">
     <span class='ocr_line' id='line_1_4' title="bbox 220 647 1788 732; baseline 0.001 -24"><span class='ocrx_word' id='word_1_30' title='bbox 220 654 364 726; x_wconf 80' lang='lat' dir='ltr'><strong>Longinus</strong></span> <span class='ocrx_word' id='word_1_31' title='bbox 379 674 409 711; x_wconf 89' lang='grc' dir='ltr'><strong>π.</strong></span> <span class='ocrx_word' id='word_1_32' title='bbox 424 648 504 730; x_wconf 78' lang='grc' dir='ltr'>ὕψους</span> <span class='ocrx_word' id='word_1_33' title='bbox 518 671 543 710; x_wconf 85' lang='lat' dir='ltr'><strong>c.</strong></span> <span class='ocrx_word' id='word_1_34' title='bbox 557 651 593 716; x_wconf 73' lang='lat'><strong>34</strong></span> <span class='ocrx_word' id='word_1_35' title='bbox 609 670 616 706; x_wconf 81' lang='grc' dir='ltr'>τ</span> <span class='ocrx_word' id='word_1_36' title='bbox 633 648 667 708; x_wconf 90' lang='lat'><strong>‘0</strong></span> <span class='ocrx_word' id='word_1_37' title='bbox 678 647 725 726; x_wconf 83' lang='grc' dir='ltr'><strong>μέν</strong></span> <span class='ocrx_word' id='word_1_38' title='bbox 739 650 791 729; x_wconf 77' lang='grc' dir='ltr'><strong>γὰρ</strong></span> <span class='ocrx_word' id='word_1_39' title='bbox 808 647 961 726; x_wconf 78' lang='grc' dir='ltr'>Ὑπερείδης</span> <span class='ocrx_word' id='word_1_40' title='bbox 1010 649 1128 726; x_wconf 84' lang='lat' dir='ltr'><strong>diligens</strong></span> <span class='ocrx_word' id='word_1_41' title='bbox 1142 651 1274 708; x_wconf 89' lang='lat' dir='ltr'><strong>codicum</strong></span> <span class='ocrx_word' id='word_1_42' title='bbox 1290 656 1576 732; x_wconf 87' lang='lat' dir='ltr'><strong>Demosthenicorum</strong></span> <span class='ocrx_word' id='word_1_43' title='bbox 1592 675 1704 725; x_wconf 88' lang='lat' dir='ltr'><strong>censor,</strong></span> <span class='ocrx_word' id='word_1_44' title='bbox 1716 658 1788 711; x_wconf 84' lang='lat' dir='ltr'><strong>nihil</strong></span> 
     </span>
     <span class='ocr_line' id='line_1_5' title="bbox 179 733 1786 816; baseline 0.002 -20"><span class='ocrx_word' id='word_1_45' title='bbox 179 738 245 816; x_wconf 80' lang='grc' dir='ltr'>πρὸς</span> <span class='ocrx_word' id='word_1_46' title='bbox 257 740 296 816; x_wconf 80' lang='grc' dir='ltr'>τῷ</span> <span class='ocrx_word' id='word_1_47' title='bbox 315 736 421 814; x_wconf 79' lang='grc' dir='ltr'>πάντα,</span> <span class='ocrx_word' id='word_1_48' title='bbox 437 736 486 804; x_wconf 78' lang='grc' dir='ltr'><strong>ἔξω</strong></span> <span class='ocrx_word' id='word_1_49' title='bbox 499 733 759 814; x_wconf 58' lang='lat' dir='ltr'><strong>perhendinare,</strong></span> <span class='ocrx_word' id='word_1_50' title='bbox 776 739 913 812; x_wconf 81' lang='grc' dir='ltr'>μιμεῖσθαι</span> <span class='ocrx_word' id='word_1_51' title='bbox 926 736 960 792; x_wconf 90' lang='grc' dir='ltr'><strong>τδι</strong></span> <span class='ocrx_word' id='word_1_52' title='bbox 1008 737 1087 812; x_wconf 93' lang='lat' dir='ltr'><strong>quod</strong></span> <span class='ocrx_word' id='word_1_53' title='bbox 1101 751 1181 794; x_wconf 89' lang='lat' dir='ltr'><strong>antea</strong></span> <span class='ocrx_word' id='word_1_54' title='bbox 1192 758 1251 794; x_wconf 92' lang='lat' dir='ltr'><strong>non</strong></span> <span class='ocrx_word' id='word_1_55' title='bbox 1260 738 1321 810; x_wconf 89' lang='lat' dir='ltr'><strong>jam</strong></span> <span class='ocrx_word' id='word_1_56' title='bbox 1331 743 1477 816; x_wconf 89' lang='lat' dir='ltr'><strong>cognitum</strong></span> <span class='ocrx_word' id='word_1_57' title='bbox 1493 742 1602 812; x_wconf 89' lang='lat' dir='ltr'><strong>fuisset,</strong></span> <span class='ocrx_word' id='word_1_58' title='bbox 1614 743 1650 799; x_wconf 92' lang='lat' dir='ltr'><strong>de</strong></span> <span class='ocrx_word' id='word_1_59' title='bbox 1666 745 1722 799; x_wconf 89' lang='lat' dir='ltr'><strong>hoc</strong></span> <span class='ocrx_word' id='word_1_60' title='bbox 1733 762 1786 799; x_wconf 90' lang='lat' dir='ltr'><strong>co·</strong></span> 
     </span>
     <span class='ocr_line' id='line_1_6' title="bbox 180 821 1325 904; baseline -0.004 -18"><span class='ocrx_word' id='word_1_61' title='bbox 180 823 361 902; x_wconf 83' lang='grc' dir='ltr'>Δημοσθένεια</span> <span class='ocrx_word' id='word_1_62' title='bbox 375 825 569 904; x_wconf 74' lang='grc' dir='ltr'>κατορθώματα</span> <span class='ocrx_word' id='word_1_63' title='bbox 581 822 627 882; x_wconf 83' lang='grc' dir='ltr'><strong>καί</strong></span> <span class='ocrx_word' id='word_1_64' title='bbox 651 822 698 890; x_wconf 76' lang='grc' dir='ltr'>τὰς</span> <span class='ocrx_word' id='word_1_65' title='bbox 710 821 848 890; x_wconf 85' lang='grc' dir='ltr'>Λυσιακδις</span> <span class='ocrx_word' id='word_1_66' title='bbox 866 825 896 881; x_wconf 76' lang='grc' dir='ltr'><strong>ἐκ</strong></span> <span class='ocrx_word' id='word_1_67' title='bbox 910 846 960 882; x_wconf 89' lang='grc' dir='ltr'><strong>πε·</strong></span> <span class='ocrx_word' id='word_1_68' title='bbox 1008 825 1074 881; x_wconf 89' lang='lat' dir='ltr'><strong>dice</strong></span> <span class='ocrx_word' id='word_1_69' title='bbox 1083 844 1181 882; x_wconf 78' lang='lat' dir='ltr'><strong>cratere</strong></span> <span class='ocrx_word' id='word_1_70' title='bbox 1193 829 1299 900; x_wconf 87' lang='lat' dir='ltr'><strong>potuit.</strong></span> <span class='ocrx_word' id='word_1_71' title='bbox 1313 853 1325 876; x_wconf 77' lang='grc' dir='ltr'>ν</span> 
     </span>
     <span class='ocr_line' id='line_1_7' title="bbox 180 910 1788 994; baseline 0.001 -22"><span class='ocrx_word' id='word_1_72' title='bbox 180 920 266 994; x_wconf 76' lang='lat' dir='ltr'><strong>prescii</strong></span> <span class='ocrx_word' id='word_1_73' title='bbox 275 912 440 994; x_wconf 67' lang='grc' dir='ltr'>περιείληφεν</span> <span class='ocrx_word' id='word_1_74' title='bbox 450 912 544 994; x_wconf 85' lang='grc' dir='ltr'>οίρττοίς</span> <span class='ocrx_word' id='word_1_75' title='bbox 557 936 586 971; x_wconf 86' lang='grc' dir='ltr'>τε</span> <span class='ocrx_word' id='word_1_76' title='bbox 598 911 644 970; x_wconf 86' lang='grc' dir='ltr'><strong>καί</strong></span> <span class='ocrx_word' id='word_1_77' title='bbox 655 910 777 991; x_wconf 82' lang='grc' dir='ltr'>χοίριτας·</span> <span class='ocrx_word' id='word_1_78' title='bbox 789 910 833 972; x_wconf 83' lang='grc' dir='ltr'><strong>καί</strong></span> <span class='ocrx_word' id='word_1_79' title='bbox 847 911 899 991; x_wconf 77' lang='grc' dir='ltr'><strong>γὰρ</strong></span> <span class='ocrx_word' id='word_1_80' title='bbox 912 911 962 968; x_wconf 89' lang='grc' dir='ltr'>λοι-</span> <span class='ocrx_word' id='word_1_81' title='bbox 1048 937 1060 964; x_wconf 83' lang='grc' dir='ltr'>ι</span> <span class='ocrx_word' id='word_1_82' title='bbox 1076 911 1142 969; x_wconf 89' lang='lat' dir='ltr'><strong>Pari</strong></span> <span class='ocrx_word' id='word_1_83' title='bbox 1155 915 1244 970; x_wconf 92' lang='lat' dir='ltr'><strong>modo</strong></span> <span class='ocrx_word' id='word_1_84' title='bbox 1259 933 1322 988; x_wconf 88' lang='lat' dir='ltr'><strong>spes</strong></span> <span class='ocrx_word' id='word_1_85' title='bbox 1336 925 1433 971; x_wconf 84' lang='lat' dir='ltr'><strong>nostra</strong></span> <span class='ocrx_word' id='word_1_86' title='bbox 1454 917 1579 973; x_wconf 88' lang='lat' dir='ltr'><strong>eluditur</strong></span> <span class='ocrx_word' id='word_1_87' title='bbox 1596 919 1649 974; x_wconf 86' lang='lat' dir='ltr'><strong>alia</strong></span> <span class='ocrx_word' id='word_1_88' title='bbox 1664 918 1788 992; x_wconf 89' lang='lat' dir='ltr'><strong>quadam</strong></span> 
     </span>
     <span class='ocr_line' id='line_1_8' title="bbox 178 998 1788 1082; baseline -0.001 -21"><span class='ocrx_word' id='word_1_89' title='bbox 178 1007 220 1062; x_wconf 86' lang='grc' dir='ltr'><strong>λεῑ</strong></span> <span class='ocrx_word' id='word_1_90' title='bbox 239 1001 306 1078; x_wconf 72' lang='lat' dir='ltr'><strong>perh</strong></span> <span class='ocrx_word' id='word_1_91' title='bbox 321 999 529 1082; x_wconf 77' lang='grc' dir='ltr'>ἀρελείοις,ἔνθα</span> <span class='ocrx_word' id='word_1_92' title='bbox 539 998 611 1080; x_wconf 76' lang='grc' dir='ltr'>χρή,</span> <span class='ocrx_word' id='word_1_93' title='bbox 622 1001 667 1058; x_wconf 81' lang='grc' dir='ltr'><strong>καί</strong></span> <span class='ocrx_word' id='word_1_94' title='bbox 678 1001 707 1058; x_wconf 84' lang='grc' dir='ltr'>οὖ</span> <span class='ocrx_word' id='word_1_95' title='bbox 717 1000 804 1060; x_wconf 78' lang='grc' dir='ltr'>πάντα</span> <span class='ocrx_word' id='word_1_96' title='bbox 816 999 874 1068; x_wconf 77' lang='grc' dir='ltr'><strong>ἑξῆς</strong></span> <span class='ocrx_word' id='word_1_97' title='bbox 884 1019 962 1076; x_wconf 89' lang='grc' dir='ltr'>μονο-</span> <span class='ocrx_word' id='word_1_98' title='bbox 1007 1004 1142 1057; x_wconf 84' lang='lat' dir='ltr'><strong>memoria</strong></span> <span class='ocrx_word' id='word_1_99' title='bbox 1160 1003 1207 1058; x_wconf 86' lang='lat' dir='ltr'><strong>Jo.</strong></span> <span class='ocrx_word' id='word_1_100' title='bbox 1228 1003 1309 1058; x_wconf 83' lang='lat' dir='ltr'><strong>Alex.</strong></span> <span class='ocrx_word' id='word_1_101' title='bbox 1332 1002 1501 1072; x_wconf 82' lang='lat' dir='ltr'><strong>Brassicani,</strong></span> <span class='ocrx_word' id='word_1_102' title='bbox 1525 1006 1554 1058; x_wconf 92' lang='lat' dir='ltr'><strong>in</strong></span> <span class='ocrx_word' id='word_1_103' title='bbox 1569 1005 1733 1078; x_wconf 71' lang='lat' dir='ltr'>praefatione</span> <span class='ocrx_word' id='word_1_104' title='bbox 1752 1006 1788 1060; x_wconf 89' lang='lat' dir='ltr'><strong>ad</strong></span> 
     </span>
     <span class='ocr_line' id='line_1_9' title="bbox 178 1075 1790 1157; baseline 0.004 -19"><span class='ocrx_word' id='word_1_105' title='bbox 178 1082 276 1152; x_wconf 73' lang='lat' dir='ltr'><strong>adime,</strong></span> <span class='ocrx_word' id='word_1_106' title='bbox 297 1084 332 1147; x_wconf 83' lang='grc' dir='ltr'>ιίις</span> <span class='ocrx_word' id='word_1_107' title='bbox 356 1083 370 1138; x_wconf 85' lang='grc' dir='ltr'>θ</span> <span class='ocrx_word' id='word_1_108' title='bbox 391 1078 573 1155; x_wconf 76' lang='grc' dir='ltr'>Δημοσθένης,</span> <span class='ocrx_word' id='word_1_109' title='bbox 587 1078 675 1157; x_wconf 73' lang='grc' dir='ltr'>λέγοι,</span> <span class='ocrx_word' id='word_1_110' title='bbox 696 1078 726 1136; x_wconf 73' lang='grc' dir='ltr'>τό</span> <span class='ocrx_word' id='word_1_111' title='bbox 749 1101 778 1136; x_wconf 76' lang='grc' dir='ltr'>τι</span> <span class='ocrx_word' id='word_1_112' title='bbox 793 1077 883 1148; x_wconf 68' lang='grc' dir='ltr'>ἠθικὸν</span> <span class='ocrx_word' id='word_1_113' title='bbox 907 1075 963 1156; x_wconf 64' lang='grc' dir='ltr'>ἔχει</span> <span class='ocrx_word' id='word_1_114' title='bbox 1008 1087 1167 1142; x_wconf 74' lang='lat' dir='ltr'><strong>Saluianum</strong></span> <span class='ocrx_word' id='word_1_115' title='bbox 1180 1087 1386 1145; x_wconf 83' lang='lat' dir='ltr'><strong>baecnarrantis</strong></span> <span class='ocrx_word' id='word_1_116' title='bbox 1397 1107 1404 1146; x_wconf 76' lang='grc' dir='ltr'>τ</span> <span class='ocrx_word' id='word_1_117' title='bbox 1417 1114 1429 1138; x_wconf 83' lang='grc' dir='ltr'>ι</span> <span class='ocrx_word' id='word_1_118' title='bbox 1440 1091 1474 1148; x_wconf 89' lang='lat' dir='ltr'><strong>ln</strong></span> <span class='ocrx_word' id='word_1_119' title='bbox 1482 1090 1655 1146; x_wconf 80' lang='lat' dir='ltr'>bibliotheca</span> <span class='ocrx_word' id='word_1_120' title='bbox 1668 1090 1790 1146; x_wconf 89' lang='lat' dir='ltr'><strong>Budensi</strong></span> 
     </span>
     <span class='ocr_line' id='line_1_10' title="bbox 179 1163 1788 1251; baseline -0.002 -18"><span class='ocrx_word' id='word_1_121' title='bbox 179 1167 248 1245; x_wconf 62' lang='lat' dir='ltr'><strong>titt&amp;</strong></span> <span class='ocrx_word' id='word_1_122' title='bbox 262 1165 738 1246; x_wconf 72' lang='grc' dir='ltr'>γδυκῦτητοτ,λιτῶςέφηδυνόμενον·</span> <span class='ocrx_word' id='word_1_123' title='bbox 751 1164 847 1244; x_wconf 75' lang='grc' dir='ltr'>ἄφατοί</span> <span class='ocrx_word' id='word_1_124' title='bbox 859 1188 888 1223; x_wconf 90' lang='grc' dir='ltr'>τε</span> <span class='ocrx_word' id='word_1_125' title='bbox 902 1163 963 1242; x_wconf 75' lang='grc' dir='ltr'>περὶ</span> <span class='ocrx_word' id='word_1_126' title='bbox 1008 1175 1132 1230; x_wconf 73' lang='lat' dir='ltr'><strong>Matthiae</strong></span> <span class='ocrx_word' id='word_1_127' title='bbox 1145 1176 1260 1232; x_wconf 84' lang='lat' dir='ltr'><strong>Corvini</strong></span> <span class='ocrx_word' id='word_1_128' title='bbox 1273 1177 1346 1250; x_wconf 80' lang='lat' dir='ltr'><strong>regis</strong></span> <span class='ocrx_word' id='word_1_129' title='bbox 1365 1177 1488 1232; x_wconf 86' lang='lat' dir='ltr'><strong>vidimus</strong></span> <span class='ocrx_word' id='word_1_130' title='bbox 1503 1179 1644 1251; x_wconf 82' lang='lat' dir='ltr'><strong>integrum</strong></span> <span class='ocrx_word' id='word_1_131' title='bbox 1663 1181 1788 1251; x_wconf 89' lang='lat' dir='ltr'><strong>Hyperi-</strong></span> 
     </span>
     <span class='ocr_line' id='line_1_11' title="bbox 180 1252 1790 1335; baseline 0.003 -20"><span class='ocrx_word' id='word_1_132' title='bbox 180 1257 259 1316; x_wconf 78' lang='grc' dir='ltr'>αὐτόν</span> <span class='ocrx_word' id='word_1_133' title='bbox 277 1259 342 1316; x_wconf 79' lang='grc' dir='ltr'>εἰσιν</span> <span class='ocrx_word' id='word_1_134' title='bbox 355 1255 508 1332; x_wconf 78' lang='grc' dir='ltr'>ἀστιῑσμοί,</span> <span class='ocrx_word' id='word_1_135' title='bbox 528 1253 632 1334; x_wconf 75' lang='grc' dir='ltr'>μυκτὴρ</span> <span class='ocrx_word' id='word_1_136' title='bbox 646 1253 868 1324; x_wconf 75' lang='grc' dir='ltr'>πολιτικώτατος,</span> <span class='ocrx_word' id='word_1_137' title='bbox 889 1252 963 1330; x_wconf 76' lang='grc' dir='ltr'>εὖγὲ·</span> <span class='ocrx_word' id='word_1_138' title='bbox 1009 1261 1153 1318; x_wconf 87' lang='lat' dir='ltr'><strong>demeum</strong></span> <span class='ocrx_word' id='word_1_139' title='bbox 1175 1264 1400 1335; x_wconf 81' lang='lat' dir='ltr'><strong>locupletissimis</strong></span> <span class='ocrx_word' id='word_1_140' title='bbox 1415 1265 1543 1333; x_wconf 84' lang='lat' dir='ltr'><strong>scholiis,</strong></span> <span class='ocrx_word' id='word_1_141' title='bbox 1567 1265 1670 1320; x_wconf 90' lang='lat' dir='ltr'><strong>librum</strong></span> <span class='ocrx_word' id='word_1_142' title='bbox 1695 1267 1790 1320; x_wconf 90' lang='lat' dir='ltr'><strong>multis</strong></span> 
     </span>
     <span class='ocr_line' id='line_1_12' title="bbox 180 1339 1788 1422; baseline -0.001 -16"><span class='ocrx_word' id='word_1_143' title='bbox 180 1369 257 1420; x_wconf 79' lang='grc' dir='ltr'>νιισ,</span> <span class='ocrx_word' id='word_1_144' title='bbox 272 1345 303 1404; x_wconf 80' lang='grc' dir='ltr'>τὸ</span> <span class='ocrx_word' id='word_1_145' title='bbox 314 1345 382 1402; x_wconf 73' lang='grc' dir='ltr'>κατὰ</span> <span class='ocrx_word' id='word_1_146' title='bbox 397 1342 444 1410; x_wconf 75' lang='grc' dir='ltr'>τίς</span> <span class='ocrx_word' id='word_1_147' title='bbox 464 1342 596 1422; x_wconf 70' lang='grc' dir='ltr'>εἰρωνείας</span> <span class='ocrx_word' id='word_1_148' title='bbox 611 1341 801 1414; x_wconf 68' lang='lat' dir='ltr'><strong>stetinum,</strong></span> <span class='ocrx_word' id='word_1_149' title='bbox 811 1339 963 1418; x_wconf 81' lang='grc' dir='ltr'>σκώμματι</span> <span class='ocrx_word' id='word_1_150' title='bbox 1009 1352 1093 1406; x_wconf 83' lang='lat' dir='ltr'><strong>etiam</strong></span> <span class='ocrx_word' id='word_1_151' title='bbox 1117 1351 1246 1405; x_wconf 83' lang='lat' dir='ltr'><strong>censibus</strong></span> <span class='ocrx_word' id='word_1_152' title='bbox 1262 1349 1471 1408; x_wconf 84' lang='lat' dir='ltr'><strong>redimendum.</strong></span> <span class='ocrx_word' id='word_1_153' title='bbox 1488 1376 1499 1400; x_wconf 69' lang='grc' dir='ltr'>ι</span> <span class='ocrx_word' id='word_1_154' title='bbox 1516 1353 1622 1406; x_wconf 85' lang='lat' dir='ltr'><strong>Notum</strong></span> <span class='ocrx_word' id='word_1_155' title='bbox 1637 1363 1678 1406; x_wconf 82' lang='lat' dir='ltr'><strong>est</strong></span> <span class='ocrx_word' id='word_1_156' title='bbox 1696 1362 1788 1406; x_wconf 85' lang='lat' dir='ltr'><strong>aurem</strong></span> 
     </span>
     <span class='ocr_line' id='line_1_13' title="bbox 179 1427 1787 1510; baseline -0.001 -17"><span class='ocrx_word' id='word_1_157' title='bbox 179 1434 229 1493; x_wconf 80' lang='grc' dir='ltr'>οὐκ</span> <span class='ocrx_word' id='word_1_158' title='bbox 243 1433 346 1509; x_wconf 79' lang='grc' dir='ltr'>ἄμουσα</span> <span class='ocrx_word' id='word_1_159' title='bbox 359 1433 412 1490; x_wconf 77' lang='grc' dir='ltr'>οὔδ’</span> <span class='ocrx_word' id='word_1_160' title='bbox 431 1431 557 1510; x_wconf 74' lang='lat' dir='ltr'><strong>didym-yn</strong></span> <span class='ocrx_word' id='word_1_161' title='bbox 571 1431 639 1491; x_wconf 73' lang='grc' dir='ltr'>κατὰ</span> <span class='ocrx_word' id='word_1_162' title='bbox 662 1429 723 1497; x_wconf 71' lang='lat' dir='ltr'><strong>tob&lt;</strong></span> <span class='ocrx_word' id='word_1_163' title='bbox 746 1428 878 1496; x_wconf 66' lang='grc' dir='ltr'>Ἀττικοὺς</span> <span class='ocrx_word' id='word_1_164' title='bbox 892 1427 962 1488; x_wconf 67' lang='grc' dir='ltr'>ἐκεί·</span> <span class='ocrx_word' id='word_1_165' title='bbox 1008 1437 1211 1492; x_wconf 84' lang='lat' dir='ltr'><strong>bibliothecam</strong></span> <span class='ocrx_word' id='word_1_166' title='bbox 1221 1438 1378 1494; x_wconf 88' lang='lat' dir='ltr'><strong>Bndensem</strong></span> <span class='ocrx_word' id='word_1_167' title='bbox 1391 1439 1514 1492; x_wconf 84' lang='lat' dir='ltr'><strong>iliatthiae</strong></span> <span class='ocrx_word' id='word_1_168' title='bbox 1527 1439 1667 1494; x_wconf 80' lang='lat' dir='ltr'><strong>Corvinia</strong></span> <span class='ocrx_word' id='word_1_169' title='bbox 1684 1439 1787 1496; x_wconf 86' lang='lat' dir='ltr'><strong>Turris</strong></span> 
     </span>
     <span class='ocr_line' id='line_1_14' title="bbox 179 1516 1789 1598; baseline -0.004 -12"><span class='ocrx_word' id='word_1_170' title='bbox 179 1543 255 1590; x_wconf 69' lang='grc' dir='ltr'>νοῦς,</span> <span class='ocrx_word' id='word_1_171' title='bbox 270 1518 329 1578; x_wconf 67' lang='grc' dir='ltr'><strong>ἄλλ’</strong></span> <span class='ocrx_word' id='word_1_172' title='bbox 340 1517 506 1596; x_wconf 64' lang='grc' dir='ltr'>ἐπικείμῑνα·</span> <span class='ocrx_word' id='word_1_173' title='bbox 520 1516 697 1598; x_wconf 60' lang='lat' dir='ltr'><strong>&amp;mpudens</strong></span> <span class='ocrx_word' id='word_1_174' title='bbox 708 1517 832 1585; x_wconf 72' lang='grc' dir='ltr'>ἐπιδέξιος</span> <span class='ocrx_word' id='word_1_175' title='bbox 841 1518 886 1578; x_wconf 88' lang='grc' dir='ltr'><strong>καί</strong></span> <span class='ocrx_word' id='word_1_176' title='bbox 897 1516 963 1576; x_wconf 77' lang='grc' dir='ltr'>πολὺ</span> <span class='ocrx_word' id='word_1_177' title='bbox 1009 1542 1068 1580; x_wconf 88' lang='lat' dir='ltr'><strong>esse</strong></span> <span class='ocrx_word' id='word_1_178' title='bbox 1083 1526 1259 1580; x_wconf 81' lang='lat' dir='ltr'><strong>combustam</strong></span> <span class='ocrx_word' id='word_1_179' title='bbox 1275 1543 1435 1598; x_wconf 89' lang='lat' dir='ltr'><strong>paucasque</strong></span> <span class='ocrx_word' id='word_1_180' title='bbox 1445 1527 1579 1598; x_wconf 83' lang='lat' dir='ltr'><strong>reliquias</strong></span> <span class='ocrx_word' id='word_1_181' title='bbox 1590 1526 1789 1588; x_wconf 63' lang='lat' dir='ltr'><strong>vindobonam</strong></span> 
     </span>
     <span class='ocr_line' id='line_1_15' title="bbox 179 1605 1788 1687; baseline 0.002 -22"><span class='ocrx_word' id='word_1_182' title='bbox 179 1606 210 1665; x_wconf 83' lang='grc' dir='ltr'>τὸ</span> <span class='ocrx_word' id='word_1_183' title='bbox 224 1605 341 1683; x_wconf 78' lang='grc' dir='ltr'>κωμικὸν</span> <span class='ocrx_word' id='word_1_184' title='bbox 355 1605 400 1664; x_wconf 80' lang='grc' dir='ltr'><strong>καί</strong></span> <span class='ocrx_word' id='word_1_185' title='bbox 415 1606 482 1682; x_wconf 82' lang='grc' dir='ltr'>μετδ</span> <span class='ocrx_word' id='word_1_186' title='bbox 496 1607 602 1674; x_wconf 76' lang='grc' dir='ltr'>παιδιᾶς</span> <span class='ocrx_word' id='word_1_187' title='bbox 621 1605 746 1686; x_wconf 81' lang='grc' dir='ltr'>εθστέχου</span> <span class='ocrx_word' id='word_1_188' title='bbox 761 1605 881 1681; x_wconf 79' lang='grc' dir='ltr'>κέντρον,</span> <span class='ocrx_word' id='word_1_189' title='bbox 896 1605 963 1680; x_wconf 79' lang='grc' dir='ltr'>ἇμί-</span> <span class='ocrx_word' id='word_1_190' title='bbox 1009 1630 1066 1668; x_wconf 87' lang='lat' dir='ltr'><strong>esse</strong></span> <span class='ocrx_word' id='word_1_191' title='bbox 1084 1623 1304 1687; x_wconf 74' lang='lat' dir='ltr'><strong>transportatus,</strong></span> <span class='ocrx_word' id='word_1_192' title='bbox 1319 1615 1349 1666; x_wconf 91' lang='lat' dir='ltr'><strong>in</strong></span> <span class='ocrx_word' id='word_1_193' title='bbox 1367 1613 1469 1685; x_wconf 90' lang='lat' dir='ltr'><strong>quibus</strong></span> <span class='ocrx_word' id='word_1_194' title='bbox 1493 1615 1667 1686; x_wconf 85' lang='lat' dir='ltr'><strong>Hyperidem</strong></span> <span class='ocrx_word' id='word_1_195' title='bbox 1684 1614 1788 1668; x_wconf 80' lang='lat' dir='ltr'><strong>frustra</strong></span> 
     </span>
     <span class='ocr_line' id='line_1_16' title="bbox 181 1691 1788 1774; baseline 0.003 -22"><span class='ocrx_word' id='word_1_196' title='bbox 181 1716 265 1770; x_wconf 88' lang='grc' dir='ltr'>μητον</span> <span class='ocrx_word' id='word_1_197' title='bbox 280 1691 307 1750; x_wconf 78' lang='grc' dir='ltr'><strong>δέ</strong></span> <span class='ocrx_word' id='word_1_198' title='bbox 322 1694 403 1750; x_wconf 81' lang='grc' dir='ltr'>εἰπεῖν</span> <span class='ocrx_word' id='word_1_199' title='bbox 416 1691 445 1750; x_wconf 80' lang='lat' dir='ltr'><strong>rb</strong></span> <span class='ocrx_word' id='word_1_200' title='bbox 457 1695 484 1751; x_wconf 82' lang='grc' dir='ltr'><strong>έν</strong></span> <span class='ocrx_word' id='word_1_201' title='bbox 495 1702 562 1751; x_wconf 66' lang='grc' dir='ltr'>πᾶσι</span> <span class='ocrx_word' id='word_1_202' title='bbox 572 1692 672 1760; x_wconf 85' lang='grc' dir='ltr'>τούτοις</span> <span class='ocrx_word' id='word_1_203' title='bbox 686 1691 964 1771; x_wconf 79' lang='grc' dir='ltr'>ἐπαρρέθιτον,οἰκτί-</span> <span class='ocrx_word' id='word_1_204' title='bbox 1009 1701 1179 1772; x_wconf 75' lang='lat' dir='ltr'><strong>quaesiveris.</strong></span> <span class='ocrx_word' id='word_1_205' title='bbox 1202 1701 1315 1755; x_wconf 76' lang='lat' dir='ltr'><strong>belinus</strong></span> <span class='ocrx_word' id='word_1_206' title='bbox 1340 1701 1434 1754; x_wconf 89' lang='lat' dir='ltr'><strong>Ballus</strong></span> <span class='ocrx_word' id='word_1_207' title='bbox 1457 1701 1529 1758; x_wconf 74' lang='lat' dir='ltr'><strong>trist.</strong></span> <span class='ocrx_word' id='word_1_208' title='bbox 1553 1701 1634 1773; x_wconf 83' lang='lat' dir='ltr'><strong>Eloq.</strong></span> <span class='ocrx_word' id='word_1_209' title='bbox 1651 1719 1693 1773; x_wconf 81' lang='lat' dir='ltr'><strong>gr.</strong></span> <span class='ocrx_word' id='word_1_210' title='bbox 1710 1703 1733 1769; x_wconf 94' lang='lat' dir='ltr'><strong>l,</strong></span> <span class='ocrx_word' id='word_1_211' title='bbox 1759 1720 1788 1774; x_wconf 88' lang='lat' dir='ltr'><strong>p.</strong></span> 
     </span>
     <span class='ocr_line' id='line_1_17' title="bbox 181 1778 1787 1862; baseline 0.002 -25"><span class='ocrx_word' id='word_1_212' title='bbox 181 1778 280 1838; x_wconf 88' lang='grc' dir='ltr'>σασθοί</span> <span class='ocrx_word' id='word_1_213' title='bbox 290 1801 319 1836; x_wconf 89' lang='grc' dir='ltr'>τε</span> <span class='ocrx_word' id='word_1_214' title='bbox 333 1778 557 1859; x_wconf 80' lang='grc' dir='ltr'>προσρυέστατος,</span> <span class='ocrx_word' id='word_1_215' title='bbox 568 1781 607 1839; x_wconf 80' lang='grc' dir='ltr'><strong>ἔτι</strong></span> <span class='ocrx_word' id='word_1_216' title='bbox 622 1779 648 1838; x_wconf 86' lang='grc' dir='ltr'><strong>δὲ</strong></span> <span class='ocrx_word' id='word_1_217' title='bbox 659 1782 836 1857; x_wconf 72' lang='grc' dir='ltr'>μυθολογῆσαι</span> <span class='ocrx_word' id='word_1_218' title='bbox 852 1779 964 1858; x_wconf 85' lang='grc' dir='ltr'>κεχυμέ-</span> <span class='ocrx_word' id='word_1_219' title='bbox 1010 1785 1065 1843; x_wconf 84' lang='grc' dir='ltr'>3ι3</span> <span class='ocrx_word' id='word_1_220' title='bbox 1081 1789 1239 1862; x_wconf 85' lang='lat' dir='ltr'><strong>suspicatus</strong></span> <span class='ocrx_word' id='word_1_221' title='bbox 1255 1797 1298 1843; x_wconf 90' lang='lat' dir='ltr'><strong>est</strong></span> <span class='ocrx_word' id='word_1_222' title='bbox 1315 1785 1482 1860; x_wconf 86' lang='lat' dir='ltr'><strong>Euripidem</strong></span> <span class='ocrx_word' id='word_1_223' title='bbox 1496 1787 1606 1841; x_wconf 78' lang='lat' dir='ltr'><strong>fuisses</strong></span> <span class='ocrx_word' id='word_1_224' title='bbox 1624 1788 1787 1842; x_wconf 88' lang='lat' dir='ltr'><strong>Brassicano</strong></span> 
     </span>
     <span class='ocr_line' id='line_1_18' title="bbox 182 1865 1790 1948; baseline -0.001 -16"><span class='ocrx_word' id='word_1_225' title='bbox 182 1891 234 1940; x_wconf 70' lang='lat' dir='ltr'><strong>aas&lt;</strong></span> <span class='ocrx_word' id='word_1_226' title='bbox 248 1867 332 1924; x_wconf 61' lang='lat' dir='ltr'><strong>’‘lili&#39;&#39;</strong></span> <span class='ocrx_word' id='word_1_227' title='bbox 347 1869 416 1946; x_wconf 65' lang='grc' dir='ltr'>ὑγρῷ</span> <span class='ocrx_word' id='word_1_228' title='bbox 432 1866 729 1943; x_wconf 61' lang='grc' dir='ltr'><strong>Μύματῑὸῑῑίῡδεῧσαί</strong></span> <span class='ocrx_word' id='word_1_229' title='bbox 743 1865 964 1944; x_wconf 54' lang='lat' dir='ltr'><strong>&amp;instituistis</strong></span> <span class='ocrx_word' id='word_1_230' title='bbox 1009 1875 1157 1931; x_wconf 77' lang='lat' dir='ltr'><strong>connisum</strong></span> <span class='ocrx_word' id='word_1_231' title='bbox 1182 1893 1247 1930; x_wconf 89' lang='lat' dir='ltr'><strong>cum</strong></span> <span class='ocrx_word' id='word_1_232' title='bbox 1268 1875 1439 1947; x_wconf 82' lang='lat' dir='ltr'><strong>Hyperide:</strong></span> <span class='ocrx_word' id='word_1_233' title='bbox 1465 1874 1545 1946; x_wconf 92' lang='lat' dir='ltr'><strong>quod</strong></span> <span class='ocrx_word' id='word_1_234' title='bbox 1568 1876 1618 1930; x_wconf 85' lang='lat' dir='ltr'><strong>etsi</strong></span> <span class='ocrx_word' id='word_1_235' title='bbox 1640 1876 1790 1948; x_wconf 79' lang='lat' dir='ltr'><strong>aliquoties</strong></span> 
     </span>
     <span class='ocr_line' id='line_1_19' title="bbox 183 1950 1787 2037; baseline 0.004 -26"><span class='ocrx_word' id='word_1_236' title='bbox 183 1953 287 2030; x_wconf 80' lang='grc' dir='ltr'>ἄκρους,</span> <span class='ocrx_word' id='word_1_237' title='bbox 298 1950 387 2028; x_wconf 79' lang='grc' dir='ltr'>ὥσπερ</span> <span class='ocrx_word' id='word_1_238' title='bbox 410 1953 501 2031; x_wconf 76' lang='grc' dir='ltr'>δμελτι</span> <span class='ocrx_word' id='word_1_239' title='bbox 514 1953 546 2014; x_wconf 76' lang='grc' dir='ltr'>τί</span> <span class='ocrx_word' id='word_1_240' title='bbox 562 1953 609 2030; x_wconf 74' lang='grc' dir='ltr'><strong>μίν</strong></span> <span class='ocrx_word' id='word_1_241' title='bbox 631 1953 691 2033; x_wconf 87' lang='grc' dir='ltr'>περί</span> <span class='ocrx_word' id='word_1_242' title='bbox 705 1954 752 2026; x_wconf 74' lang='grc' dir='ltr'>την</span> <span class='ocrx_word' id='word_1_243' title='bbox 766 1952 847 2026; x_wconf 81' lang='grc' dir='ltr'>Λητὼ</span> <span class='ocrx_word' id='word_1_244' title='bbox 861 1975 964 2024; x_wconf 81' lang='grc' dir='ltr'>ποιητι·</span> <span class='ocrx_word' id='word_1_245' title='bbox 1009 1963 1114 2018; x_wconf 78' lang='lat' dir='ltr'><strong>iachim</strong></span> <span class='ocrx_word' id='word_1_246' title='bbox 1129 1973 1184 2033; x_wconf 89' lang='lat' dir='ltr'><strong>est,</strong></span> <span class='ocrx_word' id='word_1_247' title='bbox 1200 1980 1253 2018; x_wconf 88' lang='lat' dir='ltr'><strong>nec</strong></span> <span class='ocrx_word' id='word_1_248' title='bbox 1267 1962 1313 2016; x_wconf 91' lang='lat' dir='ltr'><strong>hic</strong></span> <span class='ocrx_word' id='word_1_249' title='bbox 1335 1960 1439 2016; x_wconf 89' lang='lat' dir='ltr'><strong>factum</strong></span> <span class='ocrx_word' id='word_1_250' title='bbox 1457 1979 1515 2017; x_wconf 90' lang='lat' dir='ltr'><strong>esse</strong></span> <span class='ocrx_word' id='word_1_251' title='bbox 1536 1962 1653 2035; x_wconf 87' lang='lat' dir='ltr'><strong>probari</strong></span> <span class='ocrx_word' id='word_1_252' title='bbox 1675 1973 1787 2037; x_wconf 88' lang='lat' dir='ltr'><strong>potest,</strong></span> 
     </span>
     <span class='ocr_line' id='line_1_20' title="bbox 181 2031 1789 2124; baseline 0.004 -26"><span class='ocrx_word' id='word_1_253' title='bbox 181 2041 300 2119; x_wconf 77' lang='grc' dir='ltr'>νεώτερα,</span> <span class='ocrx_word' id='word_1_254' title='bbox 311 2039 356 2099; x_wconf 74' lang='grc' dir='ltr'>τὸν</span> <span class='ocrx_word' id='word_1_255' title='bbox 368 2040 394 2101; x_wconf 79' lang='grc' dir='ltr'><strong>δέ</strong></span> <span class='ocrx_word' id='word_1_256' title='bbox 408 2041 546 2118; x_wconf 83' lang='grc' dir='ltr'>ίπιτοίφιον</span> <span class='ocrx_word' id='word_1_257' title='bbox 559 2043 755 2116; x_wconf 80' lang='grc' dir='ltr'>ἐπιδεικτικῶς,</span> <span class='ocrx_word' id='word_1_258' title='bbox 765 2044 801 2108; x_wconf 77' lang='grc' dir='ltr'><strong>ὡς</strong></span> <span class='ocrx_word' id='word_1_259' title='bbox 814 2043 860 2100; x_wconf 83' lang='grc' dir='ltr'>οὐκ</span> <span class='ocrx_word' id='word_1_260' title='bbox 872 2031 920 2100; x_wconf 76' lang='grc' dir='ltr'>οἶδ’</span> <span class='ocrx_word' id='word_1_261' title='bbox 941 2039 965 2099; x_wconf 76' lang='lat' dir='ltr'><strong>el</strong></span> <span class='ocrx_word' id='word_1_262' title='bbox 1008 2067 1076 2118; x_wconf 87' lang='lat' dir='ltr'><strong>nec,</strong></span> <span class='ocrx_word' id='word_1_263' title='bbox 1091 2051 1113 2104; x_wconf 89' lang='lat' dir='ltr'><strong>si</strong></span> <span class='ocrx_word' id='word_1_264' title='bbox 1127 2067 1226 2105; x_wconf 82' lang='lat' dir='ltr'><strong>verum</strong></span> <span class='ocrx_word' id='word_1_265' title='bbox 1238 2059 1325 2116; x_wconf 84' lang='lat' dir='ltr'><strong>essct,</strong></span> <span class='ocrx_word' id='word_1_266' title='bbox 1339 2045 1455 2119; x_wconf 82' lang='lat' dir='ltr'><strong>J‘acturae</strong></span> <span class='ocrx_word' id='word_1_267' title='bbox 1471 2047 1600 2104; x_wconf 87' lang='lat' dir='ltr'><strong>dolorem</strong></span> <span class='ocrx_word' id='word_1_268' title='bbox 1617 2068 1789 2124; x_wconf 80' lang='lat' dir='ltr'><strong>magnopere</strong></span> 
     </span>
     <span class='ocr_line' id='line_1_21' title="bbox 182 2127 1149 2198; baseline -0.001 -12"><span class='ocrx_word' id='word_1_269' title='bbox 182 2152 224 2194; x_wconf 88' lang='grc' dir='ltr'><strong>τις</strong></span> <span class='ocrx_word' id='word_1_270' title='bbox 238 2129 329 2198; x_wconf 76' lang='grc' dir='ltr'>ἄλλος,</span> <span class='ocrx_word' id='word_1_271' title='bbox 340 2127 447 2188; x_wconf 87' lang='grc' dir='ltr'>διέθετο.</span> <span class='ocrx_word' id='word_1_272' title='bbox 1008 2137 1119 2192; x_wconf 79' lang='lat' dir='ltr'><strong>leniret,</strong></span> <span class='ocrx_word' id='word_1_273' title='bbox 1137 2161 1149 2188; x_wconf 70' lang='grc' dir='ltr'>ι</span> 
     </span>
    </p>

    <p class='ocr_par' dir='ltr' id='par_1_4' title="bbox 179 2222 1797 5187">
     <span class='ocr_line' id='line_1_22' title="bbox 225 2222 1789 2301; baseline -0.001 -21"><span class='ocrx_word' id='word_1_274' title='bbox 225 2225 354 2280; x_wconf 64' lang='lat' dir='ltr'><strong>&amp;terum</strong></span> <span class='ocrx_word' id='word_1_275' title='bbox 375 2227 592 2301; x_wconf 79' lang='lat' dir='ltr'><strong>Kiesslingiusl.</strong></span> <span class='ocrx_word' id='word_1_276' title='bbox 619 2227 639 2283; x_wconf 93' lang='lat' dir='ltr'><strong>l.</strong></span> <span class='ocrx_word' id='word_1_277' title='bbox 655 2245 686 2300; x_wconf 87' lang='lat' dir='ltr'><strong>p.</strong></span> <span class='ocrx_word' id='word_1_278' title='bbox 710 2233 763 2292; x_wconf 71' lang='lat' dir='ltr'><strong>ito</strong></span> <span class='ocrx_word' id='word_1_279' title='bbox 787 2227 827 2282; x_wconf 88' lang='lat' dir='ltr'><strong>ita</strong></span> <span class='ocrx_word' id='word_1_280' title='bbox 850 2227 961 2282; x_wconf 85' lang='lat' dir='ltr'><strong>habet:</strong></span> <span class='ocrx_word' id='word_1_281' title='bbox 1048 2225 1159 2280; x_wconf 77' lang='lat' dir='ltr'><strong>«Porro</strong></span> <span class='ocrx_word' id='word_1_282' title='bbox 1174 2225 1298 2300; x_wconf 85' lang='lat' dir='ltr'><strong>Angelus</strong></span> <span class='ocrx_word' id='word_1_283' title='bbox 1307 2222 1503 2297; x_wconf 88' lang='lat' dir='ltr'><strong>Majus,quod</strong></span> <span class='ocrx_word' id='word_1_284' title='bbox 1514 2225 1789 2282; x_wconf 87' lang='lat' dir='ltr'><strong>narratA.Wester·</strong></span> 
     </span>
     <span class='ocr_line' id='line_1_23' title="bbox 186 2309 1791 2386; baseline -0.003 -18"><span class='ocrx_word' id='word_1_285' title='bbox 186 2337 199 2362; x_wconf 71' lang='lat' dir='ltr'><strong>a</strong></span> <span class='ocrx_word' id='word_1_286' title='bbox 217 2313 363 2368; x_wconf 87' lang='lat' dir='ltr'><strong>Laetabere</strong></span> <span class='ocrx_word' id='word_1_287' title='bbox 373 2331 452 2382; x_wconf 86' lang='lat' dir='ltr'><strong>sane,</strong></span> <span class='ocrx_word' id='word_1_288' title='bbox 466 2313 547 2386; x_wconf 92' lang='lat' dir='ltr'><strong>quod</strong></span> <span class='ocrx_word' id='word_1_289' title='bbox 561 2323 619 2368; x_wconf 87' lang='lat' dir='ltr'><strong>tam</strong></span> <span class='ocrx_word' id='word_1_290' title='bbox 632 2313 720 2368; x_wconf 90' lang='lat' dir='ltr'><strong>multa</strong></span> <span class='ocrx_word' id='word_1_291' title='bbox 732 2323 761 2368; x_wconf 91' lang='lat' dir='ltr'><strong>et</strong></span> <span class='ocrx_word' id='word_1_292' title='bbox 770 2313 826 2368; x_wconf 88' lang='lat' dir='ltr'><strong>late</strong></span> <span class='ocrx_word' id='word_1_293' title='bbox 840 2311 900 2367; x_wconf 78' lang='lat' dir='ltr'><strong>lusa</strong></span> <span class='ocrx_word' id='word_1_294' title='bbox 911 2311 965 2385; x_wconf 85' lang='lat' dir='ltr'><strong>lly-</strong></span> <span class='ocrx_word' id='word_1_295' title='bbox 1007 2329 1127 2366; x_wconf 85' lang='lat' dir='ltr'><strong>mannus</strong></span> <span class='ocrx_word' id='word_1_296' title='bbox 1147 2313 1218 2369; x_wconf 83' lang='lat' dir='ltr'><strong>illst.</strong></span> <span class='ocrx_word' id='word_1_297' title='bbox 1236 2312 1321 2383; x_wconf 82' lang='lat' dir='ltr'><strong>Eloq.</strong></span> <span class='ocrx_word' id='word_1_298' title='bbox 1336 2328 1380 2384; x_wconf 85' lang='lat' dir='ltr'><strong>gr.</strong></span> <span class='ocrx_word' id='word_1_299' title='bbox 1402 2329 1434 2384; x_wconf 90' lang='lat' dir='ltr'><strong>p.</strong></span> <span class='ocrx_word' id='word_1_300' title='bbox 1454 2309 1522 2380; x_wconf 82' lang='lat'><strong>311,</strong></span> <span class='ocrx_word' id='word_1_301' title='bbox 1540 2310 1695 2384; x_wconf 84' lang='lat' dir='ltr'><strong>Hyperidia</strong></span> <span class='ocrx_word' id='word_1_302' title='bbox 1716 2329 1791 2383; x_wconf 86' lang='lat' dir='ltr'><strong>quae-</strong></span> 
     </span>
     <span class='ocr_line' id='line_1_24' title="bbox 181 2396 1790 2475; baseline -0.001 -20"><span class='ocrx_word' id='word_1_303' title='bbox 181 2399 290 2475; x_wconf 88' lang='lat' dir='ltr'><strong>peridis</strong></span> <span class='ocrx_word' id='word_1_304' title='bbox 305 2401 464 2455; x_wconf 90' lang='lat' dir='ltr'><strong>orationum</strong></span> <span class='ocrx_word' id='word_1_305' title='bbox 478 2400 633 2474; x_wconf 79' lang='lat' dir='ltr'><strong>fragmenta</strong></span> <span class='ocrx_word' id='word_1_306' title='bbox 650 2399 688 2454; x_wconf 84' lang='lat' dir='ltr'><strong>ad</strong></span> <span class='ocrx_word' id='word_1_307' title='bbox 697 2417 751 2454; x_wconf 91' lang='lat' dir='ltr'><strong>nos</strong></span> <span class='ocrx_word' id='word_1_308' title='bbox 763 2400 961 2473; x_wconf 79' lang='lat' dir='ltr'><strong>pervenerint,</strong></span> <span class='ocrx_word' id='word_1_309' title='bbox 1009 2396 1075 2451; x_wconf 87' lang='lat' dir='ltr'><strong>dam</strong></span> <span class='ocrx_word' id='word_1_310' title='bbox 1090 2398 1121 2452; x_wconf 92' lang='lat' dir='ltr'><strong>iu</strong></span> <span class='ocrx_word' id='word_1_311' title='bbox 1132 2397 1232 2452; x_wconf 86' lang='lat' dir='ltr'><strong>codice</strong></span> <span class='ocrx_word' id='word_1_312' title='bbox 1243 2399 1426 2472; x_wconf 85' lang='lat' dir='ltr'><strong>palimpsesto</strong></span> <span class='ocrx_word' id='word_1_313' title='bbox 1438 2397 1585 2466; x_wconf 79' lang='lat' dir='ltr'><strong>Aristidis,</strong></span> <span class='ocrx_word' id='word_1_314' title='bbox 1605 2399 1635 2452; x_wconf 93' lang='lat' dir='ltr'><strong>in</strong></span> <span class='ocrx_word' id='word_1_315' title='bbox 1655 2399 1790 2454; x_wconf 85' lang='lat' dir='ltr'><strong>Vaticana</strong></span> 
     </span>
     <span class='ocr_line' id='line_1_25' title="bbox 180 2483 1791 2562; baseline -0.001 -20"><span class='ocrx_word' id='word_1_316' title='bbox 180 2487 234 2542; x_wconf 88' lang='lat' dir='ltr'><strong>sed</strong></span> <span class='ocrx_word' id='word_1_317' title='bbox 246 2488 408 2562; x_wconf 75' lang='lat' dir='ltr'><strong>deplacabis</strong></span> <span class='ocrx_word' id='word_1_318' title='bbox 422 2505 553 2561; x_wconf 89' lang='lat' dir='ltr'><strong>quoque,</strong></span> <span class='ocrx_word' id='word_1_319' title='bbox 566 2487 646 2560; x_wconf 90' lang='lat' dir='ltr'><strong>quod</strong></span> <span class='ocrx_word' id='word_1_320' title='bbox 655 2505 692 2541; x_wconf 90' lang='lat' dir='ltr'><strong>ne</strong></span> <span class='ocrx_word' id='word_1_321' title='bbox 701 2503 759 2541; x_wconf 84' lang='lat' dir='ltr'><strong>una</strong></span> <span class='ocrx_word' id='word_1_322' title='bbox 773 2487 887 2559; x_wconf 87' lang='lat' dir='ltr'><strong>quidem</strong></span> <span class='ocrx_word' id='word_1_323' title='bbox 898 2488 966 2540; x_wconf 88' lang='lat' dir='ltr'><strong>inte-</strong></span> <span class='ocrx_word' id='word_1_324' title='bbox 1008 2483 1183 2541; x_wconf 87' lang='lat' dir='ltr'><strong>bibliotheca</strong></span> <span class='ocrx_word' id='word_1_325' title='bbox 1197 2497 1355 2555; x_wconf 83' lang='lat' dir='ltr'><strong>asservato,</strong></span> <span class='ocrx_word' id='word_1_326' title='bbox 1370 2485 1424 2540; x_wconf 89' lang='lat' dir='ltr'><strong>sibi</strong></span> <span class='ocrx_word' id='word_1_327' title='bbox 1440 2485 1576 2541; x_wconf 83' lang='lat' dir='ltr'><strong>detexisse</strong></span> <span class='ocrx_word' id='word_1_328' title='bbox 1597 2486 1671 2540; x_wconf 80' lang='lat' dir='ltr'><strong>visus</strong></span> <span class='ocrx_word' id='word_1_329' title='bbox 1682 2497 1740 2554; x_wconf 89' lang='lat' dir='ltr'><strong>est,</strong></span> <span class='ocrx_word' id='word_1_330' title='bbox 1755 2486 1791 2540; x_wconf 89' lang='lat' dir='ltr'><strong>do</strong></span> 
     </span>
     <span class='ocr_line' id='line_1_26' title="bbox 180 2571 1791 2648; baseline -0.001 -20"><span class='ocrx_word' id='word_1_331' title='bbox 180 2593 235 2648; x_wconf 84' lang='lat' dir='ltr'><strong>gra</strong></span> <span class='ocrx_word' id='word_1_332' title='bbox 248 2587 358 2630; x_wconf 86' lang='lat' dir='ltr'><strong>servata</strong></span> <span class='ocrx_word' id='word_1_333' title='bbox 367 2585 407 2629; x_wconf 86' lang='lat' dir='ltr'><strong>est</strong></span> <span class='ocrx_word' id='word_1_334' title='bbox 417 2577 524 2643; x_wconf 86' lang='lat' dir='ltr'><strong>oratio,</strong></span> <span class='ocrx_word' id='word_1_335' title='bbox 535 2593 569 2630; x_wconf 83' lang='lat' dir='ltr'><strong>ex</strong></span> <span class='ocrx_word' id='word_1_336' title='bbox 586 2593 641 2647; x_wconf 89' lang='lat' dir='ltr'><strong>qua</strong></span> <span class='ocrx_word' id='word_1_337' title='bbox 657 2593 725 2628; x_wconf 82' lang='lat' dir='ltr'><strong>nuru</strong></span> <span class='ocrx_word' id='word_1_338' title='bbox 738 2591 805 2629; x_wconf 84' lang='lat' dir='ltr'><strong>vere</strong></span> <span class='ocrx_word' id='word_1_339' title='bbox 822 2574 858 2628; x_wconf 90' lang='lat' dir='ltr'><strong>de</strong></span> <span class='ocrx_word' id='word_1_340' title='bbox 871 2574 964 2647; x_wconf 85' lang='lat' dir='ltr'><strong>Hype·</strong></span> <span class='ocrx_word' id='word_1_341' title='bbox 1012 2571 1115 2644; x_wconf 88' lang='lat' dir='ltr'><strong>quihus</strong></span> <span class='ocrx_word' id='word_1_342' title='bbox 1127 2574 1158 2626; x_wconf 91' lang='lat' dir='ltr'><strong>in</strong></span> <span class='ocrx_word' id='word_1_343' title='bbox 1171 2573 1397 2646; x_wconf 86' lang='lat' dir='ltr'><strong>ephemeridibus</strong></span> <span class='ocrx_word' id='word_1_344' title='bbox 1417 2591 1480 2646; x_wconf 84' lang='lat' dir='ltr'><strong>quae</strong></span> <span class='ocrx_word' id='word_1_345' title='bbox 1503 2572 1637 2628; x_wconf 87' lang='lat' dir='ltr'><strong>dicuntur</strong></span> <span class='ocrx_word' id='word_1_346' title='bbox 1660 2574 1791 2627; x_wconf 80' lang='lat' dir='ltr'><strong>Glornnle</strong></span> 
     </span>
     <span class='ocr_line' id='line_1_27' title="bbox 181 2659 1790 2736; baseline -0.002 -18"><span class='ocrx_word' id='word_1_347' title='bbox 181 2661 248 2718; x_wconf 89' lang='lat' dir='ltr'><strong>ride</strong></span> <span class='ocrx_word' id='word_1_348' title='bbox 272 2661 461 2733; x_wconf 84' lang='lat' dir='ltr'><strong>judicaverint</strong></span> <span class='ocrx_word' id='word_1_349' title='bbox 482 2663 608 2718; x_wconf 88' lang='lat' dir='ltr'><strong>rhetores</strong></span> <span class='ocrx_word' id='word_1_350' title='bbox 633 2663 754 2734; x_wconf 85' lang='lat' dir='ltr'><strong>perspici</strong></span> <span class='ocrx_word' id='word_1_351' title='bbox 775 2663 873 2736; x_wconf 89' lang='lat' dir='ltr'><strong>possit.</strong></span> <span class='ocrx_word' id='word_1_352' title='bbox 900 2663 965 2716; x_wconf 84' lang='lat' dir='ltr'><strong>Non</strong></span> <span class='ocrx_word' id='word_1_353' title='bbox 1009 2662 1155 2727; x_wconf 78' lang='lat' dir='ltr'><strong>Arcadico,</strong></span> <span class='ocrx_word' id='word_1_354' title='bbox 1172 2679 1270 2715; x_wconf 89' lang='lat' dir='ltr'><strong>meuse</strong></span> <span class='ocrx_word' id='word_1_355' title='bbox 1281 2660 1436 2734; x_wconf 90' lang='lat' dir='ltr'><strong>septembr.</strong></span> <span class='ocrx_word' id='word_1_356' title='bbox 1454 2679 1501 2719; x_wconf 85' lang='lat' dir='ltr'><strong>an.</strong></span> <span class='ocrx_word' id='word_1_357' title='bbox 1517 2659 1592 2715; x_wconf 74' lang='lat'>1820</span> <span class='ocrx_word' id='word_1_358' title='bbox 1604 2679 1635 2734; x_wconf 89' lang='lat' dir='ltr'><strong>p.</strong></span> <span class='ocrx_word' id='word_1_359' title='bbox 1652 2659 1719 2734; x_wconf 82' lang='lat'><strong>339,</strong></span> <span class='ocrx_word' id='word_1_360' title='bbox 1737 2679 1790 2735; x_wconf 87' lang='lat' dir='ltr'><strong>pu-</strong></span> 
     </span>
     <span class='ocr_line' id='line_1_28' title="bbox 179 2746 1383 2825; baseline -0.003 -21"><span class='ocrx_word' id='word_1_361' title='bbox 179 2767 302 2825; x_wconf 89' lang='lat' dir='ltr'><strong>prorsus</strong></span> <span class='ocrx_word' id='word_1_362' title='bbox 314 2750 528 2805; x_wconf 78' lang='lat' dir='ltr'><strong>autemvidetur</strong></span> <span class='ocrx_word' id='word_1_363' title='bbox 539 2768 603 2824; x_wconf 88' lang='lat' dir='ltr'><strong>spes</strong></span> <span class='ocrx_word' id='word_1_364' title='bbox 617 2749 774 2820; x_wconf 86' lang='lat' dir='ltr'><strong>abjicienda</strong></span> <span class='ocrx_word' id='word_1_365' title='bbox 786 2767 843 2805; x_wconf 88' lang='lat' dir='ltr'><strong>esse</strong></span> <span class='ocrx_word' id='word_1_366' title='bbox 858 2749 918 2806; x_wconf 83' lang='lat' dir='ltr'><strong>iore</strong></span> <span class='ocrx_word' id='word_1_367' title='bbox 933 2763 966 2806; x_wconf 91' lang='lat' dir='ltr'><strong>ut</strong></span> <span class='ocrx_word' id='word_1_368' title='bbox 1009 2746 1082 2802; x_wconf 86' lang='lat' dir='ltr'><strong>blice</strong></span> <span class='ocrx_word' id='word_1_369' title='bbox 1096 2748 1225 2822; x_wconf 87' lang='lat' dir='ltr'><strong>quaedam</strong></span> <span class='ocrx_word' id='word_1_370' title='bbox 1236 2751 1383 2806; x_wconf 75' lang='lat' dir='ltr'><strong>monuit.»</strong></span> 
     </span>
     <span class='ocr_line' id='line_1_29' title="bbox 181 2833 1790 2911; baseline -0.002 -18"><span class='ocrx_word' id='word_1_371' title='bbox 181 2840 216 2893; x_wconf 92' lang='lat' dir='ltr'><strong>in</strong></span> <span class='ocrx_word' id='word_1_372' title='bbox 229 2839 409 2893; x_wconf 89' lang='lat' dir='ltr'><strong>bibliothecae</strong></span> <span class='ocrx_word' id='word_1_373' title='bbox 419 2836 537 2907; x_wconf 88' lang='lat' dir='ltr'><strong>alicujus</strong></span> <span class='ocrx_word' id='word_1_374' title='bbox 551 2837 723 2892; x_wconf 88' lang='lat' dir='ltr'><strong>obscuritate</strong></span> <span class='ocrx_word' id='word_1_375' title='bbox 744 2835 896 2911; x_wconf 86' lang='lat' dir='ltr'><strong>Hyperidis</strong></span> <span class='ocrx_word' id='word_1_376' title='bbox 907 2857 966 2892; x_wconf 88' lang='lat' dir='ltr'><strong>ora·</strong></span> <span class='ocrx_word' id='word_1_377' title='bbox 1049 2833 1118 2890; x_wconf 89' lang='lat' dir='ltr'><strong>Post</strong></span> <span class='ocrx_word' id='word_1_378' title='bbox 1129 2837 1188 2892; x_wconf 86' lang='lat' dir='ltr'><strong>haec</strong></span> <span class='ocrx_word' id='word_1_379' title='bbox 1203 2839 1323 2910; x_wconf 87' lang='lat' dir='ltr'><strong>contigit</strong></span> <span class='ocrx_word' id='word_1_380' title='bbox 1336 2846 1368 2890; x_wconf 92' lang='lat' dir='ltr'><strong>ut</strong></span> <span class='ocrx_word' id='word_1_381' title='bbox 1380 2851 1436 2890; x_wconf 85' lang='lat' dir='ltr'><strong>uua</strong></span> <span class='ocrx_word' id='word_1_382' title='bbox 1450 2835 1545 2890; x_wconf 86' lang='lat' dir='ltr'><strong>saitem</strong></span> <span class='ocrx_word' id='word_1_383' title='bbox 1562 2834 1715 2908; x_wconf 88' lang='lat' dir='ltr'><strong>Hyperidis</strong></span> <span class='ocrx_word' id='word_1_384' title='bbox 1727 2853 1790 2890; x_wconf 86' lang='lat' dir='ltr'><strong>ora·</strong></span> 
     </span>
     <span class='ocr_line' id='line_1_30' title="bbox 182 2921 1790 3000; baseline -0.004 -20"><span class='ocrx_word' id='word_1_385' title='bbox 182 2927 278 2980; x_wconf 88' lang='lat' dir='ltr'><strong>tiones</strong></span> <span class='ocrx_word' id='word_1_386' title='bbox 295 2926 412 2980; x_wconf 84' lang='lat' dir='ltr'><strong>latentes</strong></span> <span class='ocrx_word' id='word_1_387' title='bbox 426 2923 582 2996; x_wconf 89' lang='lat' dir='ltr'><strong>aliquando</strong></span> <span class='ocrx_word' id='word_1_388' title='bbox 595 2941 630 2979; x_wconf 83' lang='lat' dir='ltr'><strong>ex</strong></span> <span class='ocrx_word' id='word_1_389' title='bbox 649 2925 704 2978; x_wconf 86' lang='lat' dir='ltr'><strong>situ</strong></span> <span class='ocrx_word' id='word_1_390' title='bbox 718 2933 745 2978; x_wconf 89' lang='lat' dir='ltr'><strong>et</strong></span> <span class='ocrx_word' id='word_1_391' title='bbox 760 2924 881 2978; x_wconf 88' lang='lat' dir='ltr'><strong>tenebris</strong></span> <span class='ocrx_word' id='word_1_392' title='bbox 893 2941 966 2997; x_wconf 87' lang='lat' dir='ltr'><strong>pro·</strong></span> <span class='ocrx_word' id='word_1_393' title='bbox 1010 2924 1050 2978; x_wconf 92' lang='lat' dir='ltr'><strong>tio</strong></span> <span class='ocrx_word' id='word_1_394' title='bbox 1064 2927 1171 3000; x_wconf 81' lang='lat' dir='ltr'><strong>integra</strong></span> <span class='ocrx_word' id='word_1_395' title='bbox 1181 2927 1355 2998; x_wconf 89' lang='lat' dir='ltr'><strong>aliarumque</strong></span> <span class='ocrx_word' id='word_1_396' title='bbox 1367 2923 1486 2980; x_wconf 86' lang='lat' dir='ltr'><strong>duarum</strong></span> <span class='ocrx_word' id='word_1_397' title='bbox 1499 2922 1645 2996; x_wconf 78' lang='lat' dir='ltr'><strong>particulae</strong></span> <span class='ocrx_word' id='word_1_398' title='bbox 1655 2921 1683 2974; x_wconf 91' lang='lat' dir='ltr'><strong>in</strong></span> <span class='ocrx_word' id='word_1_399' title='bbox 1699 2922 1790 2975; x_wconf 90' lang='lat' dir='ltr'><strong>lucem</strong></span> 
     </span>
     <span class='ocr_line' id='line_1_31' title="bbox 181 3009 1791 3085; baseline -0.002 -19"><span class='ocrx_word' id='word_1_400' title='bbox 181 3011 342 3070; x_wconf 87' lang='lat' dir='ltr'><strong>trahantur.</strong></span> <span class='ocrx_word' id='word_1_401' title='bbox 367 3012 504 3084; x_wconf 87' lang='lat' dir='ltr'><strong>Taylorus</strong></span> <span class='ocrx_word' id='word_1_402' title='bbox 527 3012 602 3066; x_wconf 91' lang='lat' dir='ltr'><strong>enirn</strong></span> <span class='ocrx_word' id='word_1_403' title='bbox 626 3011 735 3085; x_wconf 81' lang='lat' dir='ltr'><strong>praelat.</strong></span> <span class='ocrx_word' id='word_1_404' title='bbox 758 3010 796 3066; x_wconf 85' lang='lat' dir='ltr'><strong>ad</strong></span> <span class='ocrx_word' id='word_1_405' title='bbox 819 3013 965 3070; x_wconf 86' lang='lat' dir='ltr'><strong>Demosth.</strong></span> <span class='ocrx_word' id='word_1_406' title='bbox 1009 3012 1243 3084; x_wconf 89' lang='lat' dir='ltr'><strong>protraherentur</strong></span> <span class='ocrx_word' id='word_1_407' title='bbox 1252 3019 1325 3068; x_wconf 89' lang='lat' dir='ltr'><strong>unde</strong></span> <span class='ocrx_word' id='word_1_408' title='bbox 1333 3029 1416 3068; x_wconf 86' lang='lat' dir='ltr'><strong>nemo</strong></span> <span class='ocrx_word' id='word_1_409' title='bbox 1429 3009 1706 3084; x_wconf 83' lang='lat' dir='ltr'><strong>exspectaret3haud</strong></span> <span class='ocrx_word' id='word_1_410' title='bbox 1716 3009 1791 3062; x_wconf 90' lang='lat' dir='ltr'><strong>enim</strong></span> 
     </span>
     <span class='ocr_line' id='line_1_32' title="bbox 181 3096 1792 3173; baseline -0.002 -21"><span class='ocrx_word' id='word_1_411' title='bbox 181 3098 246 3154; x_wconf 77' lang='lat' dir='ltr'><strong>vol.</strong></span> <span class='ocrx_word' id='word_1_412' title='bbox 263 3100 307 3153; x_wconf 90' lang='lat'><strong>111</strong></span> <span class='ocrx_word' id='word_1_413' title='bbox 328 3098 458 3154; x_wconf 88' lang='lat' dir='ltr'><strong>meminit</strong></span> <span class='ocrx_word' id='word_1_414' title='bbox 478 3099 599 3166; x_wconf 89' lang='lat' dir='ltr'><strong>codicis,</strong></span> <span class='ocrx_word' id='word_1_415' title='bbox 614 3116 699 3171; x_wconf 90' lang='lat' dir='ltr'><strong>quem</strong></span> <span class='ocrx_word' id='word_1_416' title='bbox 718 3097 884 3171; x_wconf 89' lang='lat' dir='ltr'><strong>possederat</strong></span> <span class='ocrx_word' id='word_1_417' title='bbox 897 3099 966 3153; x_wconf 89' lang='lat' dir='ltr'><strong>olim</strong></span> <span class='ocrx_word' id='word_1_418' title='bbox 1011 3099 1221 3156; x_wconf 89' lang='lat' dir='ltr'><strong>ebibliothecis</strong></span> <span class='ocrx_word' id='word_1_419' title='bbox 1241 3103 1344 3156; x_wconf 89' lang='lat' dir='ltr'><strong>nostris</strong></span> <span class='ocrx_word' id='word_1_420' title='bbox 1358 3101 1407 3157; x_wconf 90' lang='lat' dir='ltr'><strong>sed</strong></span> <span class='ocrx_word' id='word_1_421' title='bbox 1430 3097 1564 3173; x_wconf 79' lang='lat' dir='ltr'><strong>AEgyptiis</strong></span> <span class='ocrx_word' id='word_1_422' title='bbox 1581 3117 1614 3153; x_wconf 89' lang='lat' dir='ltr'><strong>ex</strong></span> <span class='ocrx_word' id='word_1_423' title='bbox 1637 3096 1792 3171; x_wconf 74' lang='grc' dir='ltr'>σωματοθῆ-</span> 
     </span>
     <span class='ocr_line' id='line_1_33' title="bbox 180 3184 1793 3261; baseline -0.001 -19"><span class='ocrx_word' id='word_1_424' title='bbox 180 3186 308 3242; x_wconf 85' lang='lat' dir='ltr'><strong>Jacobus</strong></span> <span class='ocrx_word' id='word_1_425' title='bbox 327 3187 426 3242; x_wconf 74' lang='lat' dir='ltr'><strong>Hatris</strong></span> <span class='ocrx_word' id='word_1_426' title='bbox 451 3186 661 3242; x_wconf 81' lang='lat' dir='ltr'><strong>sarisberiensis</strong></span> <span class='ocrx_word' id='word_1_427' title='bbox 683 3195 711 3239; x_wconf 92' lang='lat' dir='ltr'><strong>et</strong></span> <span class='ocrx_word' id='word_1_428' title='bbox 736 3187 785 3258; x_wconf 90' lang='lat' dir='ltr'><strong>qui</strong></span> <span class='ocrx_word' id='word_1_429' title='bbox 811 3185 913 3240; x_wconf 90' lang='lat' dir='ltr'><strong>deinde</strong></span> <span class='ocrx_word' id='word_1_430' title='bbox 937 3189 965 3240; x_wconf 91' lang='lat' dir='ltr'><strong>iu</strong></span> <span class='ocrx_word' id='word_1_431' title='bbox 1010 3206 1067 3250; x_wconf 87' lang='grc' dir='ltr'>καις</span> <span class='ocrx_word' id='word_1_432' title='bbox 1081 3199 1282 3261; x_wconf 88' lang='lat' dir='ltr'><strong>provenerunt.</strong></span> <span class='ocrx_word' id='word_1_433' title='bbox 1293 3189 1405 3243; x_wconf 89' lang='lat' dir='ltr'><strong>Scilicet</strong></span> <span class='ocrx_word' id='word_1_434' title='bbox 1420 3205 1495 3241; x_wconf 87' lang='lat' dir='ltr'><strong>anuo</strong></span> <span class='ocrx_word' id='word_1_435' title='bbox 1512 3185 1633 3255; x_wconf 72' lang='lat' dir='ltr'><strong>1847A.</strong></span> <span class='ocrx_word' id='word_1_436' title='bbox 1649 3184 1679 3240; x_wconf 89' lang='lat' dir='ltr'><strong>C.</strong></span> <span class='ocrx_word' id='word_1_437' title='bbox 1695 3185 1793 3240; x_wconf 83' lang='lat' dir='ltr'><strong>Harris</strong></span> 
     </span>
     <span class='ocr_line' id='line_1_34' title="bbox 181 3272 1792 3350; baseline -0.002 -21"><span class='ocrx_word' id='word_1_438' title='bbox 181 3293 230 3329; x_wconf 83' lang='lat' dir='ltr'><strong>ma</strong></span> <span class='ocrx_word' id='word_1_439' title='bbox 236 3293 285 3328; x_wconf 90' lang='lat' dir='ltr'><strong>nus</strong></span> <span class='ocrx_word' id='word_1_440' title='bbox 302 3273 453 3330; x_wconf 80' lang='lat' dir='ltr'><strong>devenerat</strong></span> <span class='ocrx_word' id='word_1_441' title='bbox 466 3273 625 3329; x_wconf 81' lang='lat' dir='ltr'><strong>limanuelis</strong></span> <span class='ocrx_word' id='word_1_442' title='bbox 636 3272 766 3340; x_wconf 86' lang='lat' dir='ltr'><strong>Martini,</strong></span> <span class='ocrx_word' id='word_1_443' title='bbox 780 3273 887 3326; x_wconf 90' lang='lat' dir='ltr'><strong>Decani</strong></span> <span class='ocrx_word' id='word_1_444' title='bbox 900 3273 965 3326; x_wconf 92' lang='lat' dir='ltr'><strong>Alo·</strong></span> <span class='ocrx_word' id='word_1_445' title='bbox 1011 3275 1162 3330; x_wconf 85' lang='lat' dir='ltr'><strong>voluminis</strong></span> <span class='ocrx_word' id='word_1_446' title='bbox 1173 3275 1327 3350; x_wconf 84' lang='lat' dir='ltr'><strong>papyracei</strong></span> <span class='ocrx_word' id='word_1_447' title='bbox 1339 3274 1376 3330; x_wconf 86' lang='lat' dir='ltr'><strong>ad</strong></span> <span class='ocrx_word' id='word_1_448' title='bbox 1386 3274 1496 3330; x_wconf 88' lang='lat' dir='ltr'><strong>Thebas</strong></span> <span class='ocrx_word' id='word_1_449' title='bbox 1504 3275 1610 3346; x_wconf 89' lang='lat' dir='ltr'><strong>reperti</strong></span> <span class='ocrx_word' id='word_1_450' title='bbox 1622 3273 1792 3345; x_wconf 85' lang='lat' dir='ltr'><strong>particulam</strong></span> 
     </span>
     <span class='ocr_line' id='line_1_35' title="bbox 180 3358 1791 3440; baseline 0.002 -23"><span class='ocrx_word' id='word_1_451' title='bbox 180 3363 291 3432; x_wconf 85' lang='lat' dir='ltr'><strong>nensis,</strong></span> <span class='ocrx_word' id='word_1_452' title='bbox 308 3379 392 3433; x_wconf 84' lang='lat' dir='ltr'><strong>aquo</strong></span> <span class='ocrx_word' id='word_1_453' title='bbox 409 3361 527 3435; x_wconf 88' lang='lat' dir='ltr'><strong>Epistol.</strong></span> <span class='ocrx_word' id='word_1_454' title='bbox 542 3360 591 3414; x_wconf 89' lang='lat' dir='ltr'><strong>lib.</strong></span> <span class='ocrx_word' id='word_1_455' title='bbox 604 3361 652 3428; x_wconf 89' lang='lat' dir='ltr'><strong>Vl,</strong></span> <span class='ocrx_word' id='word_1_456' title='bbox 675 3359 761 3413; x_wconf 78' lang='lat' dir='ltr'><strong>inita</strong></span> <span class='ocrx_word' id='word_1_457' title='bbox 772 3358 964 3414; x_wconf 86' lang='lat' dir='ltr'><strong>describitur:</strong></span> <span class='ocrx_word' id='word_1_458' title='bbox 1010 3365 1046 3420; x_wconf 91' lang='lat' dir='ltr'><strong>ab</strong></span> <span class='ocrx_word' id='word_1_459' title='bbox 1074 3367 1166 3422; x_wconf 83' lang='lat' dir='ltr'><strong>Arabe</strong></span> <span class='ocrx_word' id='word_1_460' title='bbox 1191 3367 1315 3440; x_wconf 73' lang='lat' dir='ltr'><strong>quodam</strong></span> <span class='ocrx_word' id='word_1_461' title='bbox 1332 3368 1416 3434; x_wconf 88' lang='lat' dir='ltr'><strong>emit,</strong></span> <span class='ocrx_word' id='word_1_462' title='bbox 1444 3377 1473 3421; x_wconf 91' lang='lat' dir='ltr'><strong>et</strong></span> <span class='ocrx_word' id='word_1_463' title='bbox 1494 3365 1658 3421; x_wconf 89' lang='lat' dir='ltr'><strong>Londinum</strong></span> <span class='ocrx_word' id='word_1_464' title='bbox 1680 3364 1791 3419; x_wconf 81' lang='lat' dir='ltr'><strong>allatam</strong></span> 
     </span>
     <span class='ocr_line' id='line_1_36' title="bbox 186 3449 1792 3529; baseline -0.001 -24"><span class='ocrx_word' id='word_1_465' title='bbox 186 3475 200 3501; x_wconf 74' lang='grc' dir='ltr'>ι</span> <span class='ocrx_word' id='word_1_466' title='bbox 221 3449 339 3505; x_wconf 79' lang='lat' dir='ltr'><strong>Codices</strong></span> <span class='ocrx_word' id='word_1_467' title='bbox 360 3467 450 3523; x_wconf 86' lang='lat' dir='ltr'><strong>porro</strong></span> <span class='ocrx_word' id='word_1_468' title='bbox 475 3467 560 3504; x_wconf 85' lang='lat' dir='ltr'><strong>manu</strong></span> <span class='ocrx_word' id='word_1_469' title='bbox 583 3458 712 3503; x_wconf 84' lang='lat' dir='ltr'><strong>exaratos</strong></span> <span class='ocrx_word' id='word_1_470' title='bbox 725 3458 822 3502; x_wconf 88' lang='lat' dir='ltr'><strong>nactus</strong></span> <span class='ocrx_word' id='word_1_471' title='bbox 843 3466 904 3501; x_wconf 88' lang='lat' dir='ltr'><strong>sum</strong></span> <span class='ocrx_word' id='word_1_472' title='bbox 917 3449 966 3502; x_wconf 78' lang='lat' dir='ltr'><strong>ali·</strong></span> <span class='ocrx_word' id='word_1_473' title='bbox 1011 3463 1070 3508; x_wconf 90' lang='lat' dir='ltr'><strong>arte</strong></span> <span class='ocrx_word' id='word_1_474' title='bbox 1088 3455 1296 3529; x_wconf 86' lang='lat' dir='ltr'><strong>lithographica</strong></span> <span class='ocrx_word' id='word_1_475' title='bbox 1311 3455 1341 3508; x_wconf 91' lang='lat' dir='ltr'><strong>in</strong></span> <span class='ocrx_word' id='word_1_476' title='bbox 1361 3454 1493 3509; x_wconf 82' lang='lat' dir='ltr'><strong>undecim</strong></span> <span class='ocrx_word' id='word_1_477' title='bbox 1518 3451 1792 3525; x_wconf 82' lang='lat' dir='ltr'><strong>tabulisexprimen-</strong></span> 
     </span>
     <span class='ocr_line' id='line_1_37' title="bbox 182 3535 1794 3615; baseline -0.001 -25"><span class='ocrx_word' id='word_1_478' title='bbox 182 3547 313 3610; x_wconf 82' lang='lat' dir='ltr'><strong>quot3...</strong></span> <span class='ocrx_word' id='word_1_479' title='bbox 329 3536 401 3590; x_wconf 81' lang='lat' dir='ltr'><strong>alter</strong></span> <span class='ocrx_word' id='word_1_480' title='bbox 416 3537 600 3608; x_wconf 86' lang='lat' dir='ltr'><strong>antiquorum</strong></span> <span class='ocrx_word' id='word_1_481' title='bbox 614 3535 761 3590; x_wconf 88' lang='lat' dir='ltr'><strong>rhetorum</strong></span> <span class='ocrx_word' id='word_1_482' title='bbox 776 3535 891 3588; x_wconf 88' lang='lat' dir='ltr'><strong>selectas</strong></span> <span class='ocrx_word' id='word_1_483' title='bbox 906 3552 967 3588; x_wconf 90' lang='lat' dir='ltr'><strong>ora·</strong></span> <span class='ocrx_word' id='word_1_484' title='bbox 1011 3539 1077 3594; x_wconf 88' lang='lat' dir='ltr'><strong>dam</strong></span> <span class='ocrx_word' id='word_1_485' title='bbox 1103 3543 1213 3596; x_wconf 85' lang='lat' dir='ltr'><strong>curavit</strong></span> <span class='ocrx_word' id='word_1_486' title='bbox 1238 3541 1420 3615; x_wconf 81' lang='lat' dir='ltr'><strong>(Fragments</strong></span> <span class='ocrx_word' id='word_1_487' title='bbox 1439 3537 1477 3610; x_wconf 91' lang='lat' dir='ltr'><strong>os</strong></span> <span class='ocrx_word' id='word_1_488' title='bbox 1490 3557 1528 3592; x_wconf 84' lang='lat' dir='ltr'><strong>an</strong></span> <span class='ocrx_word' id='word_1_489' title='bbox 1548 3544 1657 3594; x_wconf 81' lang='lat' dir='ltr'><strong>oration</strong></span> <span class='ocrx_word' id='word_1_490' title='bbox 1680 3544 1794 3609; x_wconf 73' lang='lat' dir='ltr'><strong>against</strong></span> 
     </span>
     <span class='ocr_line' id='line_1_38' title="bbox 183 3621 1790 3700; baseline -0.002 -20"><span class='ocrx_word' id='word_1_491' title='bbox 183 3627 278 3680; x_wconf 86' lang='lat' dir='ltr'><strong>tiones</strong></span> <span class='ocrx_word' id='word_1_492' title='bbox 289 3625 426 3692; x_wconf 84' lang='lat' dir='ltr'><strong>continet,</strong></span> <span class='ocrx_word' id='word_1_493' title='bbox 438 3635 471 3678; x_wconf 87' lang='lat' dir='ltr'><strong>ut</strong></span> <span class='ocrx_word' id='word_1_494' title='bbox 483 3621 853 3694; x_wconf 85' lang='lat' dir='ltr'><strong>Demosthenis,Aristidis,</strong></span> <span class='ocrx_word' id='word_1_495' title='bbox 871 3623 967 3676; x_wconf 78' lang='lat' dir='ltr'><strong>Hisne·</strong></span> <span class='ocrx_word' id='word_1_496' title='bbox 1011 3627 1210 3682; x_wconf 77' lang='lat' dir='ltr'><strong>Demosthenes</strong></span> <span class='ocrx_word' id='word_1_497' title='bbox 1222 3632 1380 3700; x_wconf 77' lang='lat' dir='ltr'><strong>respecting</strong></span> <span class='ocrx_word' id='word_1_498' title='bbox 1395 3626 1442 3681; x_wconf 81' lang='lat' dir='ltr'><strong>tle</strong></span> <span class='ocrx_word' id='word_1_499' title='bbox 1467 3643 1565 3696; x_wconf 80' lang='lat' dir='ltr'><strong>money</strong></span> <span class='ocrx_word' id='word_1_500' title='bbox 1585 3621 1623 3694; x_wconf 79' lang='lat' dir='ltr'><strong>qf</strong></span> <span class='ocrx_word' id='word_1_501' title='bbox 1635 3626 1790 3696; x_wconf 70' lang='lat' dir='ltr'><strong>Harpalus.</strong></span> 
     </span>
     <span class='ocr_line' id='line_1_39' title="bbox 183 3707 1790 3786; baseline 0 -18"><span class='ocrx_word' id='word_1_502' title='bbox 183 3713 240 3783; x_wconf 88' lang='lat' dir='ltr'><strong>rii,</strong></span> <span class='ocrx_word' id='word_1_503' title='bbox 255 3713 423 3785; x_wconf 82' lang='lat' dir='ltr'><strong>Hyperidis,</strong></span> <span class='ocrx_word' id='word_1_504' title='bbox 439 3712 551 3767; x_wconf 89' lang='lat' dir='ltr'><strong>Libanii</strong></span> <span class='ocrx_word' id='word_1_505' title='bbox 572 3730 578 3765; x_wconf 94' lang='lat'><strong>:</strong></span> <span class='ocrx_word' id='word_1_506' title='bbox 596 3711 642 3764; x_wconf 91' lang='lat' dir='ltr'><strong>cui</strong></span> <span class='ocrx_word' id='word_1_507' title='bbox 656 3709 771 3780; x_wconf 80' lang='lat' dir='ltr'><strong>adjectae</strong></span> <span class='ocrx_word' id='word_1_508' title='bbox 787 3719 852 3763; x_wconf 88' lang='lat' dir='ltr'><strong>sunt</strong></span> <span class='ocrx_word' id='word_1_509' title='bbox 868 3707 966 3763; x_wconf 86' lang='lat' dir='ltr'><strong>Philo·</strong></span> <span class='ocrx_word' id='word_1_510' title='bbox 1011 3713 1212 3786; x_wconf 73' lang='lat' dir='ltr'><strong>Publishedby</strong></span> <span class='ocrx_word' id='word_1_511' title='bbox 1221 3717 1257 3772; x_wconf 81' lang='lat' dir='ltr'><strong>A.</strong></span> <span class='ocrx_word' id='word_1_512' title='bbox 1272 3715 1304 3770; x_wconf 88' lang='lat' dir='ltr'><strong>C.</strong></span> <span class='ocrx_word' id='word_1_513' title='bbox 1315 3713 1412 3768; x_wconf 73' lang='lat' dir='ltr'><strong>Hatris·</strong></span> <span class='ocrx_word' id='word_1_514' title='bbox 1422 3711 1641 3782; x_wconf 75' lang='lat' dir='ltr'><strong>osAleuandria</strong></span> <span class='ocrx_word' id='word_1_515' title='bbox 1653 3713 1695 3765; x_wconf 82' lang='lat' dir='ltr'><strong>M.</strong></span> <span class='ocrx_word' id='word_1_516' title='bbox 1709 3713 1743 3767; x_wconf 82' lang='lat' dir='ltr'><strong>It.</strong></span> <span class='ocrx_word' id='word_1_517' title='bbox 1758 3712 1790 3770; x_wconf 83' lang='lat' dir='ltr'><strong>S.</strong></span> 
     </span>
     <span class='ocr_line' id='line_1_40' title="bbox 183 3795 1788 3874; baseline 0 -20"><span class='ocrx_word' id='word_1_518' title='bbox 183 3799 268 3854; x_wconf 86' lang='lat' dir='ltr'><strong>strati</strong></span> <span class='ocrx_word' id='word_1_519' title='bbox 294 3800 358 3852; x_wconf 83' lang='lat' dir='ltr'><strong>vitae</strong></span> <span class='ocrx_word' id='word_1_520' title='bbox 391 3797 588 3871; x_wconf 79' lang='lat' dir='ltr'><strong>sophistarum</strong></span> <span class='ocrx_word' id='word_1_521' title='bbox 619 3807 648 3852; x_wconf 89' lang='lat' dir='ltr'><strong>et</strong></span> <span class='ocrx_word' id='word_1_522' title='bbox 684 3797 809 3850; x_wconf 90' lang='lat' dir='ltr'><strong>Platonis</strong></span> <span class='ocrx_word' id='word_1_523' title='bbox 837 3795 968 3868; x_wconf 85' lang='lat' dir='ltr'><strong>Gorgias.</strong></span> <span class='ocrx_word' id='word_1_524' title='bbox 1011 3803 1046 3858; x_wconf 89' lang='lat' dir='ltr'><strong>L.</strong></span> <span class='ocrx_word' id='word_1_525' title='bbox 1062 3803 1177 3856; x_wconf 79' lang='lat' dir='ltr'><strong>london</strong></span> <span class='ocrx_word' id='word_1_526' title='bbox 1193 3800 1266 3865; x_wconf 74' lang='lat'><strong>1848</strong></span> <span class='ocrx_word' id='word_1_527' title='bbox 1282 3797 1406 3874; x_wconf 57' lang='lat' dir='ltr'><strong>insol).</strong></span> <span class='ocrx_word' id='word_1_528' title='bbox 1425 3801 1557 3856; x_wconf 90' lang='lat' dir='ltr'><strong>Continet</strong></span> <span class='ocrx_word' id='word_1_529' title='bbox 1569 3816 1704 3872; x_wconf 83' lang='lat' dir='ltr'><strong>papyrus,</strong></span> <span class='ocrx_word' id='word_1_530' title='bbox 1725 3815 1788 3870; x_wconf 84' lang='lat' dir='ltr'><strong>pes·</strong></span> 
     </span>
     <span class='ocr_line' id='line_1_41' title="bbox 184 3883 1792 3960; baseline -0.004 -16"><span class='ocrx_word' id='word_1_531' title='bbox 184 3887 307 3944; x_wconf 90' lang='lat' dir='ltr'><strong>Videtur</strong></span> <span class='ocrx_word' id='word_1_532' title='bbox 329 3897 423 3942; x_wconf 89' lang='lat' dir='ltr'><strong>autem</strong></span> <span class='ocrx_word' id='word_1_533' title='bbox 436 3887 483 3941; x_wconf 92' lang='lat' dir='ltr'><strong>hic</strong></span> <span class='ocrx_word' id='word_1_534' title='bbox 505 3885 597 3941; x_wconf 87' lang='lat' dir='ltr'><strong>codex</strong></span> <span class='ocrx_word' id='word_1_535' title='bbox 618 3885 702 3940; x_wconf 82' lang='lat' dir='ltr'><strong>fuisse</strong></span> <span class='ocrx_word' id='word_1_536' title='bbox 727 3885 794 3938; x_wconf 90' lang='lat' dir='ltr'><strong>olim</strong></span> <span class='ocrx_word' id='word_1_537' title='bbox 815 3883 968 3956; x_wconf 83' lang='lat' dir='ltr'><strong>Nicephori</strong></span> <span class='ocrx_word' id='word_1_538' title='bbox 1012 3889 1080 3942; x_wconf 88' lang='lat' dir='ltr'><strong>sime</strong></span> <span class='ocrx_word' id='word_1_539' title='bbox 1092 3889 1139 3942; x_wconf 89' lang='lat' dir='ltr'><strong>ille</strong></span> <span class='ocrx_word' id='word_1_540' title='bbox 1151 3898 1311 3960; x_wconf 87' lang='lat' dir='ltr'><strong>temporum</strong></span> <span class='ocrx_word' id='word_1_541' title='bbox 1328 3885 1432 3957; x_wconf 86' lang='lat' dir='ltr'><strong>injuria</strong></span> <span class='ocrx_word' id='word_1_542' title='bbox 1445 3887 1575 3952; x_wconf 86' lang='lat' dir='ltr'><strong>affectus,</strong></span> <span class='ocrx_word' id='word_1_543' title='bbox 1592 3885 1705 3939; x_wconf 87' lang='lat' dir='ltr'><strong>lacinias</strong></span> <span class='ocrx_word' id='word_1_544' title='bbox 1724 3902 1792 3938; x_wconf 88' lang='lat' dir='ltr'><strong>ora-</strong></span> 
     </span>
     <span class='ocr_line' id='line_1_42' title="bbox 183 3971 1792 4048; baseline -0.002 -17"><span class='ocrx_word' id='word_1_545' title='bbox 183 3977 336 4048; x_wconf 82' lang='lat' dir='ltr'><strong>Gregorae,</strong></span> <span class='ocrx_word' id='word_1_546' title='bbox 348 3985 382 4028; x_wconf 92' lang='lat' dir='ltr'><strong>ut</strong></span> <span class='ocrx_word' id='word_1_547' title='bbox 395 3973 518 4029; x_wconf 89' lang='lat' dir='ltr'><strong>ostendit</strong></span> <span class='ocrx_word' id='word_1_548' title='bbox 532 3973 591 4045; x_wconf 86' lang='lat' dir='ltr'><strong>ejus</strong></span> <span class='ocrx_word' id='word_1_549' title='bbox 611 3971 831 4045; x_wconf 80' lang='lat' dir='ltr'><strong>chirographum</strong></span> <span class='ocrx_word' id='word_1_550' title='bbox 845 3971 874 4024; x_wconf 93' lang='lat' dir='ltr'><strong>in</strong></span> <span class='ocrx_word' id='word_1_551' title='bbox 895 3973 969 4026; x_wconf 85' lang='lat' dir='ltr'><strong>inte·</strong></span> <span class='ocrx_word' id='word_1_552' title='bbox 1013 3975 1097 4029; x_wconf 87' lang='lat' dir='ltr'><strong>tionis</strong></span> <span class='ocrx_word' id='word_1_553' title='bbox 1122 3983 1222 4029; x_wconf 86' lang='lat' dir='ltr'><strong>contra</strong></span> <span class='ocrx_word' id='word_1_554' title='bbox 1245 3974 1464 4029; x_wconf 89' lang='lat' dir='ltr'><strong>Demosthenem</strong></span> <span class='ocrx_word' id='word_1_555' title='bbox 1486 3975 1514 4028; x_wconf 88' lang='lat' dir='ltr'><strong>in</strong></span> <span class='ocrx_word' id='word_1_556' title='bbox 1535 3991 1619 4028; x_wconf 82' lang='lat' dir='ltr'><strong>rausa</strong></span> <span class='ocrx_word' id='word_1_557' title='bbox 1639 3973 1792 4044; x_wconf 83' lang='lat' dir='ltr'><strong>Harpaliea</strong></span> 
     </span>
     <span class='ocr_line' id='line_1_43' title="bbox 184 4058 1791 4135; baseline -0.004 -15"><span class='ocrx_word' id='word_1_558' title='bbox 184 4065 266 4120; x_wconf 88' lang='lat' dir='ltr'><strong>riore</strong></span> <span class='ocrx_word' id='word_1_559' title='bbox 281 4062 377 4117; x_wconf 86' lang='lat' dir='ltr'><strong>tabula</strong></span> <span class='ocrx_word' id='word_1_560' title='bbox 395 4062 462 4116; x_wconf 89' lang='lat' dir='ltr'><strong>hinc</strong></span> <span class='ocrx_word' id='word_1_561' title='bbox 477 4061 543 4116; x_wconf 86' lang='lat' dir='ltr'><strong>inde</strong></span> <span class='ocrx_word' id='word_1_562' title='bbox 554 4061 702 4133; x_wconf 90' lang='lat' dir='ltr'><strong>scriptum.</strong></span> <span class='ocrx_word' id='word_1_563' title='bbox 717 4083 729 4108; x_wconf 81' lang='grc' dir='ltr'>ι</span> <span class='ocrx_word' id='word_1_564' title='bbox 744 4061 783 4113; x_wconf 85' lang='lat' dir='ltr'><strong>Ex</strong></span> <span class='ocrx_word' id='word_1_565' title='bbox 791 4059 846 4113; x_wconf 91' lang='lat' dir='ltr'><strong>hoc</strong></span> <span class='ocrx_word' id='word_1_566' title='bbox 857 4058 968 4130; x_wconf 88' lang='lat' dir='ltr'><strong>codice,</strong></span> <span class='ocrx_word' id='word_1_567' title='bbox 1013 4061 1130 4132; x_wconf 69' lang='lat' dir='ltr'><strong>habitae,</strong></span> <span class='ocrx_word' id='word_1_568' title='bbox 1149 4072 1234 4133; x_wconf 86' lang='lat' dir='ltr'><strong>atque</strong></span> <span class='ocrx_word' id='word_1_569' title='bbox 1257 4061 1413 4135; x_wconf 87' lang='lat' dir='ltr'><strong>fragmenta</strong></span> <span class='ocrx_word' id='word_1_570' title='bbox 1428 4061 1563 4116; x_wconf 87' lang='lat' dir='ltr'><strong>orationis</strong></span> <span class='ocrx_word' id='word_1_571' title='bbox 1579 4070 1679 4114; x_wconf 86' lang='lat' dir='ltr'><strong>contra</strong></span> <span class='ocrx_word' id='word_1_572' title='bbox 1696 4062 1791 4131; x_wconf 88' lang='lat' dir='ltr'><strong>Lyco-</strong></span> 
     </span>
     <span class='ocr_line' id='line_1_44' title="bbox 186 4143 1792 4225; baseline -0.002 -20"><span class='ocrx_word' id='word_1_573' title='bbox 186 4151 241 4225; x_wconf 85' lang='lat' dir='ltr'><strong>qui</strong></span> <span class='ocrx_word' id='word_1_574' title='bbox 259 4167 444 4224; x_wconf 87' lang='lat' dir='ltr'><strong>pergamenus</strong></span> <span class='ocrx_word' id='word_1_575' title='bbox 461 4147 516 4204; x_wconf 85' lang='lat' dir='ltr'><strong>tuit</strong></span> <span class='ocrx_word' id='word_1_576' title='bbox 530 4159 559 4204; x_wconf 88' lang='lat' dir='ltr'><strong>et</strong></span> <span class='ocrx_word' id='word_1_577' title='bbox 581 4149 708 4204; x_wconf 89' lang='lat' dir='ltr'><strong>melioris</strong></span> <span class='ocrx_word' id='word_1_578' title='bbox 723 4157 813 4218; x_wconf 82' lang='lat' dir='ltr'><strong>notae,</strong></span> <span class='ocrx_word' id='word_1_579' title='bbox 832 4147 969 4218; x_wconf 88' lang='lat' dir='ltr'><strong>Taylorus</strong></span> <span class='ocrx_word' id='word_1_580' title='bbox 1012 4149 1161 4222; x_wconf 88' lang='lat' dir='ltr'><strong>phronem.</strong></span> <span class='ocrx_word' id='word_1_581' title='bbox 1182 4148 1292 4205; x_wconf 88' lang='lat' dir='ltr'><strong>Deinde</strong></span> <span class='ocrx_word' id='word_1_582' title='bbox 1314 4150 1372 4205; x_wconf 87' lang='lat' dir='ltr'><strong>Jos.</strong></span> <span class='ocrx_word' id='word_1_583' title='bbox 1393 4148 1534 4204; x_wconf 89' lang='lat' dir='ltr'><strong>Ardenius</strong></span> <span class='ocrx_word' id='word_1_584' title='bbox 1556 4165 1631 4201; x_wconf 90' lang='lat' dir='ltr'><strong>anno</strong></span> <span class='ocrx_word' id='word_1_585' title='bbox 1650 4143 1723 4200; x_wconf 79' lang='lat'><strong>1852</strong></span> <span class='ocrx_word' id='word_1_586' title='bbox 1739 4165 1792 4220; x_wconf 85' lang='lat' dir='ltr'><strong>pen</strong></span> 
     </span>
     <span class='ocr_line' id='line_1_45' title="bbox 186 4233 1796 4308; baseline -0.003 -15"><span class='ocrx_word' id='word_1_587' title='bbox 186 4248 290 4294; x_wconf 76' lang='lat' dir='ltr'><strong>reactus</strong></span> <span class='ocrx_word' id='word_1_588' title='bbox 318 4247 379 4292; x_wconf 84' lang='lat' dir='ltr'><strong>erat</strong></span> <span class='ocrx_word' id='word_1_589' title='bbox 406 4260 418 4286; x_wconf 77' lang='grc' dir='ltr'>ι</span> <span class='ocrx_word' id='word_1_590' title='bbox 444 4237 592 4291; x_wconf 85' lang='lat' dir='ltr'><strong>Variantes</strong></span> <span class='ocrx_word' id='word_1_591' title='bbox 623 4233 847 4308; x_wconf 81' lang='lat' dir='ltr'><strong>Philippicarum</strong></span> <span class='ocrx_word' id='word_1_592' title='bbox 871 4233 908 4290; x_wconf 89' lang='lat' dir='ltr'><strong>lV</strong></span> <span class='ocrx_word' id='word_1_593' title='bbox 933 4253 968 4306; x_wconf 73' lang='lat'><strong>»3</strong></span> <span class='ocrx_word' id='word_1_594' title='bbox 1014 4235 1293 4290; x_wconf 83' lang='lat' dir='ltr'><strong>Orientisterrasiter</strong></span> <span class='ocrx_word' id='word_1_595' title='bbox 1305 4234 1494 4290; x_wconf 84' lang='lat' dir='ltr'><strong>faciensaliam</strong></span> <span class='ocrx_word' id='word_1_596' title='bbox 1504 4233 1630 4305; x_wconf 89' lang='lat' dir='ltr'><strong>ejusdem</strong></span> <span class='ocrx_word' id='word_1_597' title='bbox 1640 4233 1796 4288; x_wconf 80' lang='lat' dir='ltr'><strong>voluminis</strong></span> 
     </span>
     <span class='ocr_line' id='line_1_46' title="bbox 187 4320 1794 4400; baseline -0.002 -20"><span class='ocrx_word' id='word_1_598' title='bbox 187 4345 280 4400; x_wconf 89' lang='lat' dir='ltr'><strong>quum</strong></span> <span class='ocrx_word' id='word_1_599' title='bbox 290 4341 358 4380; x_wconf 85' lang='lat' dir='ltr'><strong>vero</strong></span> <span class='ocrx_word' id='word_1_600' title='bbox 370 4323 510 4379; x_wconf 89' lang='lat' dir='ltr'><strong>beneiicio</strong></span> <span class='ocrx_word' id='word_1_601' title='bbox 522 4325 638 4378; x_wconf 88' lang='lat' dir='ltr'><strong>Martini</strong></span> <span class='ocrx_word' id='word_1_602' title='bbox 650 4323 687 4377; x_wconf 91' lang='lat' dir='ltr'><strong>ad</strong></span> <span class='ocrx_word' id='word_1_603' title='bbox 701 4323 852 4396; x_wconf 88' lang='lat' dir='ltr'><strong>Taylorum</strong></span> <span class='ocrx_word' id='word_1_604' title='bbox 866 4320 968 4379; x_wconf 88' lang='lat' dir='ltr'><strong>Canta·</strong></span> <span class='ocrx_word' id='word_1_605' title='bbox 1013 4324 1167 4396; x_wconf 83' lang='lat' dir='ltr'><strong>papyracei</strong></span> <span class='ocrx_word' id='word_1_606' title='bbox 1181 4331 1293 4396; x_wconf 89' lang='lat' dir='ltr'><strong>partem</strong></span> <span class='ocrx_word' id='word_1_607' title='bbox 1309 4323 1377 4377; x_wconf 89' lang='lat' dir='ltr'><strong>emit</strong></span> <span class='ocrx_word' id='word_1_608' title='bbox 1402 4340 1418 4376; x_wconf 88' lang='lat' dir='ltr'><strong>a</strong></span> <span class='ocrx_word' id='word_1_609' title='bbox 1442 4322 1555 4377; x_wconf 91' lang='lat' dir='ltr'><strong>duobus</strong></span> <span class='ocrx_word' id='word_1_610' title='bbox 1569 4321 1726 4390; x_wconf 83' lang='lat' dir='ltr'><strong>Arahibus,</strong></span> <span class='ocrx_word' id='word_1_611' title='bbox 1743 4323 1794 4393; x_wconf 92' lang='lat' dir='ltr'><strong>qui</strong></span> 
     </span>
     <span class='ocr_line' id='line_1_47' title="bbox 186 4407 1795 4486; baseline -0.003 -19"><span class='ocrx_word' id='word_1_612' title='bbox 186 4413 311 4486; x_wconf 80' lang='lat' dir='ltr'><strong>brigiam</strong></span> <span class='ocrx_word' id='word_1_613' title='bbox 320 4413 487 4478; x_wconf 90' lang='lat' dir='ltr'><strong>mitteretur,</strong></span> <span class='ocrx_word' id='word_1_614' title='bbox 497 4421 529 4465; x_wconf 92' lang='lat' dir='ltr'><strong>ut</strong></span> <span class='ocrx_word' id='word_1_615' title='bbox 538 4421 694 4466; x_wconf 84' lang='lat' dir='ltr'><strong>ceterarum</strong></span> <span class='ocrx_word' id='word_1_616' title='bbox 705 4411 865 4465; x_wconf 86' lang='lat' dir='ltr'><strong>orationum</strong></span> <span class='ocrx_word' id='word_1_617' title='bbox 878 4411 970 4464; x_wconf 82' lang='lat' dir='ltr'><strong>varias</strong></span> <span class='ocrx_word' id='word_1_618' title='bbox 1014 4419 1157 4483; x_wconf 87' lang='lat' dir='ltr'><strong>repertum</strong></span> <span class='ocrx_word' id='word_1_619' title='bbox 1171 4409 1307 4466; x_wconf 80' lang='lat' dir='ltr'><strong>volumen</strong></span> <span class='ocrx_word' id='word_1_620' title='bbox 1330 4427 1388 4464; x_wconf 84' lang='lat' dir='ltr'><strong>esse</strong></span> <span class='ocrx_word' id='word_1_621' title='bbox 1411 4407 1545 4464; x_wconf 84' lang='lat' dir='ltr'><strong>dicebant</strong></span> <span class='ocrx_word' id='word_1_622' title='bbox 1568 4410 1596 4462; x_wconf 94' lang='lat' dir='ltr'><strong>in</strong></span> <span class='ocrx_word' id='word_1_623' title='bbox 1617 4408 1795 4482; x_wconf 88' lang='lat' dir='ltr'><strong>sarcophago</strong></span> 
     </span>
     <span class='ocr_line' id='line_1_48' title="bbox 185 4493 1794 4574; baseline -0.002 -20"><span class='ocrx_word' id='word_1_624' title='bbox 185 4501 251 4574; x_wconf 89' lang='lat' dir='ltr'><strong>ipse</strong></span> <span class='ocrx_word' id='word_1_625' title='bbox 266 4493 408 4567; x_wconf 79' lang='grc' dir='ltr'>αθτολιξεί,</span> <span class='ocrx_word' id='word_1_626' title='bbox 422 4508 455 4552; x_wconf 88' lang='lat' dir='ltr'><strong>ut</strong></span> <span class='ocrx_word' id='word_1_627' title='bbox 468 4499 523 4567; x_wconf 90' lang='lat' dir='ltr'><strong>ait,</strong></span> <span class='ocrx_word' id='word_1_628' title='bbox 539 4507 718 4570; x_wconf 86' lang='lat' dir='ltr'><strong>excerperet,</strong></span> <span class='ocrx_word' id='word_1_629' title='bbox 737 4499 766 4551; x_wconf 93' lang='lat' dir='ltr'><strong>in</strong></span> <span class='ocrx_word' id='word_1_630' title='bbox 785 4498 884 4551; x_wconf 89' lang='lat' dir='ltr'><strong>itinere</strong></span> <span class='ocrx_word' id='word_1_631' title='bbox 897 4499 969 4553; x_wconf 87' lang='lat' dir='ltr'><strong>mala</strong></span> <span class='ocrx_word' id='word_1_632' title='bbox 1015 4495 1139 4568; x_wconf 87' lang='lat' dir='ltr'><strong>quodam</strong></span> <span class='ocrx_word' id='word_1_633' title='bbox 1150 4497 1272 4570; x_wconf 86' lang='lat' dir='ltr'><strong>sepulcri</strong></span> <span class='ocrx_word' id='word_1_634' title='bbox 1288 4513 1380 4570; x_wconf 91' lang='lat' dir='ltr'><strong>prope</strong></span> <span class='ocrx_word' id='word_1_635' title='bbox 1392 4495 1505 4550; x_wconf 86' lang='lat' dir='ltr'><strong>Thebas</strong></span> <span class='ocrx_word' id='word_1_636' title='bbox 1512 4497 1566 4552; x_wconf 89' lang='lat' dir='ltr'><strong>siti.</strong></span> <span class='ocrx_word' id='word_1_637' title='bbox 1579 4497 1703 4550; x_wconf 85' lang='lat' dir='ltr'><strong>Alteram</strong></span> <span class='ocrx_word' id='word_1_638' title='bbox 1719 4493 1794 4550; x_wconf 92' lang='lat' dir='ltr'><strong>hanc</strong></span> 
     </span>
     <span class='ocr_line' id='line_1_49' title="bbox 186 4581 1793 4660; baseline -0.003 -19"><span class='ocrx_word' id='word_1_639' title='bbox 186 4585 372 4660; x_wconf 88' lang='lat' dir='ltr'><strong>quorundam</strong></span> <span class='ocrx_word' id='word_1_640' title='bbox 382 4583 439 4641; x_wconf 90' lang='lat' dir='ltr'><strong>fide</strong></span> <span class='ocrx_word' id='word_1_641' title='bbox 455 4587 629 4658; x_wconf 88' lang='lat' dir='ltr'><strong>interceptus</strong></span> <span class='ocrx_word' id='word_1_642' title='bbox 641 4595 698 4652; x_wconf 90' lang='lat' dir='ltr'><strong>est,</strong></span> <span class='ocrx_word' id='word_1_643' title='bbox 714 4597 742 4640; x_wconf 85' lang='lat' dir='ltr'><strong>et</strong></span> <span class='ocrx_word' id='word_1_644' title='bbox 752 4603 785 4640; x_wconf 88' lang='lat' dir='ltr'><strong>ex</strong></span> <span class='ocrx_word' id='word_1_645' title='bbox 798 4601 832 4638; x_wconf 92' lang='lat' dir='ltr'><strong>eo</strong></span> <span class='ocrx_word' id='word_1_646' title='bbox 847 4594 971 4656; x_wconf 88' lang='lat' dir='ltr'><strong>tempore</strong></span> <span class='ocrx_word' id='word_1_647' title='bbox 1013 4593 1123 4655; x_wconf 88' lang='lat' dir='ltr'><strong>partem</strong></span> <span class='ocrx_word' id='word_1_648' title='bbox 1149 4582 1247 4637; x_wconf 90' lang='lat' dir='ltr'><strong>libello</strong></span> <span class='ocrx_word' id='word_1_649' title='bbox 1272 4581 1501 4655; x_wconf 88' lang='lat' dir='ltr'><strong>splendidissimo</strong></span> <span class='ocrx_word' id='word_1_650' title='bbox 1526 4581 1617 4637; x_wconf 88' lang='lat' dir='ltr'><strong>edidit</strong></span> <span class='ocrx_word' id='word_1_651' title='bbox 1635 4581 1793 4655; x_wconf 80' lang='lat' dir='ltr'><strong>Rabington</strong></span> 
     </span>
     <span class='ocr_line' id='line_1_50' title="bbox 187 4667 1797 4745; baseline -0.002 -17"><span class='ocrx_word' id='word_1_652' title='bbox 187 4675 243 4728; x_wconf 88' lang='lat' dir='ltr'><strong>din</strong></span> <span class='ocrx_word' id='word_1_653' title='bbox 255 4673 412 4745; x_wconf 84' lang='lat' dir='ltr'><strong>frustraque</strong></span> <span class='ocrx_word' id='word_1_654' title='bbox 424 4689 441 4726; x_wconf 85' lang='lat' dir='ltr'><strong>a</strong></span> <span class='ocrx_word' id='word_1_655' title='bbox 452 4672 575 4744; x_wconf 87' lang='lat' dir='ltr'><strong>Tayloro</strong></span> <span class='ocrx_word' id='word_1_656' title='bbox 591 4672 730 4744; x_wconf 85' lang='lat' dir='ltr'><strong>quaesitus.</strong></span> <span class='ocrx_word' id='word_1_657' title='bbox 747 4670 832 4743; x_wconf 89' lang='lat' dir='ltr'><strong>Quis,</strong></span> <span class='ocrx_word' id='word_1_658' title='bbox 853 4671 876 4724; x_wconf 89' lang='lat' dir='ltr'><strong>si</strong></span> <span class='ocrx_word' id='word_1_659' title='bbox 896 4672 971 4725; x_wconf 90' lang='lat' dir='ltr'><strong>oculi</strong></span> <span class='ocrx_word' id='word_1_660' title='bbox 1016 4667 1149 4744; x_wconf 74' lang='lat' dir='ltr'><strong>(Loudon</strong></span> <span class='ocrx_word' id='word_1_661' title='bbox 1166 4669 1250 4742; x_wconf 75' lang='lat'>1853)</span> <span class='ocrx_word' id='word_1_662' title='bbox 1263 4680 1290 4725; x_wconf 87' lang='lat' dir='ltr'><strong>et</strong></span> <span class='ocrx_word' id='word_1_663' title='bbox 1302 4679 1367 4743; x_wconf 88' lang='lat' dir='ltr'><strong>post</strong></span> <span class='ocrx_word' id='word_1_664' title='bbox 1377 4670 1455 4725; x_wconf 86' lang='lat' dir='ltr'><strong>hunc</strong></span> <span class='ocrx_word' id='word_1_665' title='bbox 1465 4669 1706 4726; x_wconf 86' lang='lat' dir='ltr'><strong>Schneidewinus.</strong></span> <span class='ocrx_word' id='word_1_666' title='bbox 1719 4671 1797 4725; x_wconf 88' lang='lat' dir='ltr'><strong>inest</strong></span> 
     </span>
     <span class='ocr_line' id='line_1_51' title="bbox 186 4757 1793 4834; baseline -0.004 -15"><span class='ocrx_word' id='word_1_667' title='bbox 186 4765 338 4819; x_wconf 88' lang='lat' dir='ltr'><strong>Decanum</strong></span> <span class='ocrx_word' id='word_1_668' title='bbox 351 4763 435 4816; x_wconf 89' lang='lat' dir='ltr'><strong>istum</strong></span> <span class='ocrx_word' id='word_1_669' title='bbox 448 4779 507 4815; x_wconf 90' lang='lat' dir='ltr'><strong>non</strong></span> <span class='ocrx_word' id='word_1_670' title='bbox 519 4759 694 4834; x_wconf 84' lang='lat' dir='ltr'><strong>fefellerant,</strong></span> <span class='ocrx_word' id='word_1_671' title='bbox 707 4777 840 4814; x_wconf 89' lang='lat' dir='ltr'><strong>noncum</strong></span> <span class='ocrx_word' id='word_1_672' title='bbox 850 4761 971 4833; x_wconf 89' lang='lat' dir='ltr'><strong>Tayloro</strong></span> <span class='ocrx_word' id='word_1_673' title='bbox 1015 4759 1107 4813; x_wconf 88' lang='lat' dir='ltr'><strong>oratio</strong></span> <span class='ocrx_word' id='word_1_674' title='bbox 1124 4775 1178 4830; x_wconf 91' lang='lat' dir='ltr'><strong>pro</strong></span> <span class='ocrx_word' id='word_1_675' title='bbox 1196 4759 1363 4831; x_wconf 79' lang='lat' dir='ltr'><strong>Euxenippo</strong></span> <span class='ocrx_word' id='word_1_676' title='bbox 1382 4757 1513 4832; x_wconf 88' lang='lat' dir='ltr'><strong>integra,</strong></span> <span class='ocrx_word' id='word_1_677' title='bbox 1529 4767 1557 4812; x_wconf 89' lang='lat' dir='ltr'><strong>et</strong></span> <span class='ocrx_word' id='word_1_678' title='bbox 1582 4757 1719 4812; x_wconf 88' lang='lat' dir='ltr'><strong>orationis</strong></span> <span class='ocrx_word' id='word_1_679' title='bbox 1737 4777 1793 4832; x_wconf 88' lang='lat' dir='ltr'><strong>pro</strong></span> 
     </span>
     <span class='ocr_line' id='line_1_52' title="bbox 187 4843 1794 4922; baseline -0.003 -16"><span class='ocrx_word' id='word_1_680' title='bbox 187 4849 410 4918; x_wconf 81' lang='lat' dir='ltr'><strong>exclamaverit:</strong></span> <span class='ocrx_word' id='word_1_681' title='bbox 429 4875 440 4896; x_wconf 76' lang='grc' dir='ltr'>ι</span> <span class='ocrx_word' id='word_1_682' title='bbox 455 4849 537 4904; x_wconf 86' lang='lat' dir='ltr'><strong>Hunc</strong></span> <span class='ocrx_word' id='word_1_683' title='bbox 552 4849 576 4901; x_wconf 92' lang='lat' dir='ltr'><strong>si</strong></span> <span class='ocrx_word' id='word_1_684' title='bbox 590 4850 653 4920; x_wconf 89' lang='lat' dir='ltr'><strong>quis</strong></span> <span class='ocrx_word' id='word_1_685' title='bbox 666 4847 759 4903; x_wconf 89' lang='lat' dir='ltr'><strong>adhuc</strong></span> <span class='ocrx_word' id='word_1_686' title='bbox 774 4847 850 4902; x_wconf 91' lang='lat' dir='ltr'><strong>domi</strong></span> <span class='ocrx_word' id='word_1_687' title='bbox 865 4847 894 4901; x_wconf 90' lang='lat' dir='ltr'><strong>in</strong></span> <span class='ocrx_word' id='word_1_688' title='bbox 910 4849 972 4922; x_wconf 90' lang='lat' dir='ltr'><strong>plu·</strong></span> <span class='ocrx_word' id='word_1_689' title='bbox 1015 4845 1203 4919; x_wconf 89' lang='lat' dir='ltr'><strong>Lycophrone</strong></span> <span class='ocrx_word' id='word_1_690' title='bbox 1213 4845 1294 4900; x_wconf 84' lang='lat' dir='ltr'><strong>dictae</strong></span> <span class='ocrx_word' id='word_1_691' title='bbox 1303 4863 1369 4919; x_wconf 91' lang='lat' dir='ltr'><strong>pars</strong></span> <span class='ocrx_word' id='word_1_692' title='bbox 1381 4846 1532 4918; x_wconf 86' lang='lat' dir='ltr'><strong>posterior.</strong></span> <span class='ocrx_word' id='word_1_693' title='bbox 1546 4843 1679 4900; x_wconf 82' lang='lat' dir='ltr'><strong>Auctoris</strong></span> <span class='ocrx_word' id='word_1_694' title='bbox 1688 4863 1794 4901; x_wconf 85' lang='lat' dir='ltr'><strong>nomen</strong></span> 
     </span>
     <span class='ocr_line' id='line_1_53' title="bbox 187 4930 1791 5008; baseline -0.004 -15"><span class='ocrx_word' id='word_1_695' title='bbox 187 4949 240 4993; x_wconf 89' lang='lat' dir='ltr'><strong>teo</strong></span> <span class='ocrx_word' id='word_1_696' title='bbox 252 4937 436 5004; x_wconf 88' lang='lat' dir='ltr'><strong>concluserit,</strong></span> <span class='ocrx_word' id='word_1_697' title='bbox 448 4937 492 4991; x_wconf 86' lang='grc' dir='ltr'><strong>νεΙ</strong></span> <span class='ocrx_word' id='word_1_698' title='bbox 513 4937 613 5008; x_wconf 86' lang='lat' dir='ltr'><strong>quovis</strong></span> <span class='ocrx_word' id='word_1_699' title='bbox 624 4935 712 4990; x_wconf 91' lang='lat' dir='ltr'><strong>modo</strong></span> <span class='ocrx_word' id='word_1_700' title='bbox 731 4933 860 4989; x_wconf 87' lang='lat' dir='ltr'><strong>fraudem</strong></span> <span class='ocrx_word' id='word_1_701' title='bbox 883 4934 969 5002; x_wconf 83' lang='lat' dir='ltr'><strong>laxit,</strong></span> <span class='ocrx_word' id='word_1_702' title='bbox 1016 4935 1064 4989; x_wconf 86' lang='lat' dir='ltr'><strong>etsi</strong></span> <span class='ocrx_word' id='word_1_703' title='bbox 1074 4935 1104 4988; x_wconf 92' lang='lat' dir='ltr'><strong>in</strong></span> <span class='ocrx_word' id='word_1_704' title='bbox 1119 4951 1231 5007; x_wconf 89' lang='lat' dir='ltr'><strong>papyro</strong></span> <span class='ocrx_word' id='word_1_705' title='bbox 1241 4951 1301 4988; x_wconf 89' lang='lat' dir='ltr'><strong>non</strong></span> <span class='ocrx_word' id='word_1_706' title='bbox 1314 4943 1448 5008; x_wconf 87' lang='lat' dir='ltr'><strong>apparet,</strong></span> <span class='ocrx_word' id='word_1_707' title='bbox 1466 4942 1558 4988; x_wconf 74' lang='lat' dir='ltr'><strong>unren</strong></span> <span class='ocrx_word' id='word_1_708' title='bbox 1574 4930 1726 5006; x_wconf 83' lang='lat' dir='ltr'><strong>liyperidis</strong></span> <span class='ocrx_word' id='word_1_709' title='bbox 1738 4949 1791 4986; x_wconf 87' lang='lat' dir='ltr'><strong>nos</strong></span> 
     </span>
     <span class='ocr_line' id='line_1_54' title="bbox 186 5020 1791 5095; baseline -0.003 -16"><span class='ocrx_word' id='word_1_710' title='bbox 186 5029 259 5084; x_wconf 86' lang='lat' dir='ltr'><strong>Deae</strong></span> <span class='ocrx_word' id='word_1_711' title='bbox 283 5023 365 5080; x_wconf 86' lang='lat' dir='ltr'><strong>Fidei</strong></span> <span class='ocrx_word' id='word_1_712' title='bbox 378 5041 456 5078; x_wconf 87' lang='lat' dir='ltr'><strong>sacer</strong></span> <span class='ocrx_word' id='word_1_713' title='bbox 475 5032 572 5077; x_wconf 73' lang='lat' dir='ltr'><strong>eston</strong></span> <span class='ocrx_word' id='word_1_714' title='bbox 592 5023 634 5078; x_wconf 84' lang='lat' dir='ltr'><strong>ile</strong></span> <span class='ocrx_word' id='word_1_715' title='bbox 655 5023 752 5076; x_wconf 89' lang='lat' dir='ltr'><strong>bacin</strong></span> <span class='ocrx_word' id='word_1_716' title='bbox 771 5039 802 5076; x_wconf 87' lang='lat' dir='ltr'><strong>re</strong></span> <span class='ocrx_word' id='word_1_717' title='bbox 824 5021 970 5077; x_wconf 91' lang='lat' dir='ltr'><strong>nominum</strong></span> <span class='ocrx_word' id='word_1_718' title='bbox 1016 5024 1159 5077; x_wconf 89' lang='lat' dir='ltr'><strong>orationes</strong></span> <span class='ocrx_word' id='word_1_719' title='bbox 1175 5034 1272 5078; x_wconf 85' lang='lat' dir='ltr'><strong>tenere</strong></span> <span class='ocrx_word' id='word_1_720' title='bbox 1293 5021 1489 5095; x_wconf 88' lang='lat' dir='ltr'><strong>compluribus</strong></span> <span class='ocrx_word' id='word_1_721' title='bbox 1510 5021 1579 5076; x_wconf 91' lang='lat' dir='ltr'><strong>locis</strong></span> <span class='ocrx_word' id='word_1_722' title='bbox 1597 5037 1670 5094; x_wconf 88' lang='lat' dir='ltr'><strong>quos</strong></span> <span class='ocrx_word' id='word_1_723' title='bbox 1690 5037 1726 5075; x_wconf 84' lang='lat' dir='ltr'><strong>ex</strong></span> <span class='ocrx_word' id='word_1_724' title='bbox 1748 5020 1791 5086; x_wconf 81' lang='lat' dir='ltr'><strong>iis,</strong></span> 
     </span>
     <span class='ocr_line' id='line_1_55' title="bbox 188 5107 1792 5187; baseline -0.006 -16"><span class='ocrx_word' id='word_1_725' title='bbox 188 5112 347 5171; x_wconf 90' lang='lat' dir='ltr'><strong>collocatio</strong></span> <span class='ocrx_word' id='word_1_726' title='bbox 374 5109 503 5169; x_wconf 58' lang='lat' dir='ltr'><strong>offendit:</strong></span> <span class='ocrx_word' id='word_1_727' title='bbox 528 5109 620 5184; x_wconf 87' lang='lat' dir='ltr'><strong>Quid,</strong></span> <span class='ocrx_word' id='word_1_728' title='bbox 645 5111 667 5164; x_wconf 94' lang='lat' dir='ltr'><strong>si</strong></span> <span class='ocrx_word' id='word_1_729' title='bbox 695 5109 845 5184; x_wconf 86' lang='lat' dir='ltr'><strong>Hyperidis</strong></span> <span class='ocrx_word' id='word_1_730' title='bbox 866 5127 969 5167; x_wconf 90' lang='lat' dir='ltr'><strong>nomen</strong></span> <span class='ocrx_word' id='word_1_731' title='bbox 1016 5111 1115 5168; x_wconf 90' lang='lat' dir='ltr'><strong>addito</strong></span> <span class='ocrx_word' id='word_1_732' title='bbox 1130 5107 1578 5187; x_wconf 80' lang='lat' dir='ltr'><strong>arictorisnomine,grammatici</strong></span> <span class='ocrx_word' id='word_1_733' title='bbox 1592 5107 1792 5181; x_wconf 87' lang='lat' dir='ltr'><strong>laudant,do·</strong></span> 
     </span>
    </p>
   </div>
   <div class='ocr_carea' id='block_1_3' title="bbox 0 0 2096 6114">
    <p class='ocr_par' dir='ltr' id='par_1_5' title="bbox 0 0 2096 6114">
     <span class='ocr_line' id='line_1_56' title="bbox 0 0 2096 6114; baseline 0 0"><span class='ocrx_word' id='word_1_734' title='bbox 0 0 2096 6114; x_wconf 95' lang='lat' dir='ltr'><strong> </strong></span> 
     </span>
    </p>
   </div>
  </div>
 </body>
</html>
