4114 6088
705 407 744 466 ιι.
770 404 870 465 xm
894 381 1170 464 ιιτιιυσυιιτου.
1694 419 1749 468 ιιι

182 537 428 610 Ἐξσρμεῖς]έξέρχη.
439 540 469 590 B.
489 533 687 606 Ὧσαυείέλεγε,
704 536 794 606 σχεδδν
810 533 886 588 εἰπεῖν
899 533 924 587 έν
969 538 1016 596 κῶς
1029 533 1056 586 δὲ
1071 531 1140 588 εἶπεν
1161 534 1264 588 ένταῦθα
1280 533 1363 606 κριτὴν
1376 535 1419 589 τδν
1434 535 1562 602 δικαστήν.
1600 533 1688 606 ίίριτὴς
1707 535 1755 606 γίιρ

142 620 211 690 αὗτῷ
224 624 260 690 τῷ
277 617 379 688 πελάγει
398 615 457 670 είοω
471 615 560 678 οἰκεῖς,
573 616 616 668 ίνα
628 614 741 687 Ιεθχερίιίς
760 615 850 687 ρίιγης,
866 615 925 668 όταν
969 611 1084 682 όκρίνων
1096 614 1237 684 τραγῳδοὺς
1254 614 1295 667 καί
1308 615 1364 676 τοῦς
1383 613 1475 676 ἄλλους
1487 615 1543 676 τοῦς
1555 614 1594 668 έπί
1605 618 1704 682 σκηνῆς.
1723 615 1753 666 F.

142 698 215 769 χρεία
228 715 267 749 σοι
279 697 389 767 γένηται.
400 696 430 749 F.
1012 691 1136 763 Ἰδιώτης]
1149 693 1227 745 οἱονεί
1240 693 1254 746 ό
1272 692 1399 760 δικαστὴς,
1413 695 1476 747 καθδ
1490 693 1584 748 ἰδιῶται
1602 695 1643 748 καί
1656 697 1756 762 πένητες

179 793 242 829 σιτ.
262 774 404 846 Ἐκείρατο]
428 773 459 826 Οί
477 773 600 842 Ἕλληνες
619 771 644 826 έν
661 774 715 834 ταῖς
729 771 867 843 εὐπραγίαις
881 769 926 838 τίγν
971 765 1047 837 ἦσαν,
1063 773 1314 844 γενόμενοιδικασταί
1327 773 1367 825 διὰ
1379 773 1407 828 εδ
1419 773 1564 844 τριώδολου.
1581 775 1612 826 F.

144 857 225 927 κόμην
236 853 352 925 ἔτρεφον,
369 851 433 907 ένδί
446 855 500 915 ταῖς
514 852 654 923 δυστυχίαις
663 852 754 923 καὶτῷ
770 852 851 905 πένθει
868 851 928 906 έκεί-
1011 846 1046 902 Ἡ
1068 849 1095 904 δέ
1119 851 1207 922 χάρις]
1231 851 1330 922 έκείνῳ,
1354 847 1377 923 ᾧ
1400 851 1542 923 ἐχαρίζετο,
1571 852 1662 919 άδηλος
1682 853 1756 922 γέγο·

144 953 227 1004 ρουτο.
265 931 376 1004 Ὅμηρος
387 931 473 993 αθτοίυς
484 935 611 1002 πανταχοῦ
623 933 829 1003 καρηκομόωντας
843 931 925 988 καλεῖ.
973 929 1063 980 viv-B-

147 1011 276 1068 Ἀνάπαλιυ
289 1011 315 1065 δέ
333 1010 532 1084 ’Ἐπαμινώνδας
547 1015 591 1079 (ν.
605 1014 717 1066 Ροιιεοιι.
731 1031 758 1082 9,
774 1010 816 1074 τό,
834 1011 890 1083 6)·
1008 1007 1071 1070 οθό.
1082 1005 1140 1060 Ὀτι
1153 1007 1196 1076 δὲ]
1210 1006 1264 1061 ἄντί
1276 1011 1319 1062 τοῦ
1329 1007 1390 1062 καθδ
1401 1009 1436 1063 δέ.
1449 1010 1478 1064 F.

207 1143 328 1207 'mm
340 1142 434 1206 βουλαῖς
448 1141 544 1204 Σπάρτα
555 1141 597 1204 μίν
609 1140 715 1205 ΜΡΝ
727 1140 803 1198 δόξαν·
1008 1085 1316 1239 θθγῗόθίσέδίόόείτόίίίέόκ
1325 1089 1430 1238 Ιέγιθροί,
1447 1168 1487 1230 οθς
1506 1167 1618 1238 έρυόεῗτο
1633 1167 1647 1220 ό
1665 1169 1755 1240 δῆμος,

147 1254 234 1316 Λυσίας
246 1252 271 1307 έν
284 1251 401 1324 ἐπιταφίῳ
414 1251 506 1324 (560)
520 1254 572 1314 τοῖς
584 1251 717 1324 ίίορινθίωυ
731 1253 831 1323 βοηθοῖς
846 1253 937 1307 «ώστε,
974 1243 1032 1296 ἀλλ’
1051 1244 1075 1298 οί
1093 1246 1258 1318 δημαγωγοί,
1281 1241 1318 1308 οές
1337 1245 1422 1300 ἓαυτδν
1446 1245 1593 1318 ἐνεχείριζε,
1617 1247 1659 1300 τδν
1677 1249 1757 1318 δῆμον

146 1329 256 1400 άξιονῆν
271 1331 310 1386 ἐπὶ
323 1333 384 1404 τῷδε
404 1356 416 1378 ι
431 1337 467 1403 τῷ
481 1333 550 1405 τάφῳ
562 1331 618 1385 τότε
635 1333 804 1403 κεέρασθαιτῇ
824 1329 930 1384 Ἑλλάδι
974 1323 1119 1378 κατέλυσαν.
1133 1327 1164 1378 Β.
1206 1359 1209 1366 »

146 1411 188 1465 καί
202 1412 320 1478 πενθῆσαι
333 1411 389 1472 τοθς
401 1410 487 1464 έυθάδε
500 1411 632 1482 κειμένους.
647 1433 658 1460 ι
672 1414 702 1467 Β,
853 1437 861 1452 ·
1010 1403 1072 1457 235.
1084 1403 1139 1475 (λδχ
1152 1403 1191 1474 ὑφ’
1205 1403 1281 1477 ὑμῖν]
1295 1405 1348 1458 κατ’
1363 1403 1491 1476 ἐρώτησιν.
1502 1407 1531 1458 B.

182 1489 358 1563 Ζηλοτυποῦν]
371 1488 416 1556 τὴν
431 1487 519 1561 ἀρετὴν
533 1489 604 1557 δόξης
617 1491 688 1544 ἕνεκα
702 1490 812 1558 ζηλοῦν,
826 1489 930 1546 είδωλον
1011 1485 1073 1539 236·
1086 1483 1117 1537 Εί
1131 1483 1173 1556 μὲν
1186 1484 1252 1555 γὰρ]
1264 1483 1393 1556 περιτροπὴ
1408 1485 1437 1538 τδ
1451 1488 1548 1556 σχῆμα.
1565 1487 1595 1538 F.

147 1569 234 1640 ἀρετῆς
256 1571 362 1635 διῶκον,
378 1567 456 1641 ἤγουν
471 1567 516 1636 τὴν
534 1567 622 1641 άρετὴυ
646 1573 747 1641 μισοῦν,
764 1569 781 1636 ἢ
802 1573 835 1642 τῇ
857 1569 931 1642 ἀρειῇ
1011 1565 1073 1634 σ39.
1094 1563 1131 1616 Τά
1144 1565 1167 1616 δ’
1188 1563 1375 1634 έθδομήκοντα]
1395 1565 1410 1616 θ
1429 1563 1542 1635 θρείλετσ
1556 1563 1711 1634 Λημοσθένης
1732 1565 1758 1618 έκ

146 1651 264 1720 φθονοῦν.
276 1651 309 1702 Β.
975 1648 1024 1697 τῶν
1038 1643 1184 1714 τριακοσίων
1195 1642 1339 1706 ταλάντων,
1354 1642 1435 1714 λέγων
1449 1644 1503 1704 τοῖς
1517 1641 1647 1708 ᾀπαιτοῦσι
1663 1643 1760 1704 δούλοις

184 1748 247 1800 217.
263 1729 299 1782 Τδ
313 1728 356 1802 μὲν
371 1729 517 1800 κεφάλαιον]
530 1727 586 1782 όντλ
596 1732 641 1782 τοῦ
652 1729 797 1790 καθολικῶς,
811 1731 841 1785 F.
975 1727 1019 1778 τοῦ
1033 1723 1134 1793 Δαρείου
1145 1725 1184 1776 θτι
1198 1725 1274 1776 ταῦτα
1287 1721 1343 1793 έμοί
1352 1721 1457 1794 ἔπεμψεν
1473 1721 1531 1790 δπέρ
1545 1726 1588 1774 τοῦ
1607 1723 1758 1792 συμόουλεῦ-

183 1827 247 1880 οιρ.
263 1807 412 1880 Ἁπηυίχθη]
423 1806 476 1861 έστι
489 1807 672 1878 παραγραρικδν
687 1807 735 1862 ἀπὸ
745 1811 846 1880 χρόνου,
863 1811 893 1862 F.
976 1821 1029 1856 σαι·
1044 1801 1065 1855 εἰ
1077 1802 1103 1856 δέ
1112 1802 1156 1855 οθκ
1170 1801 1315 1868 ἐπείσθησαν
1325 1801 1349 1854 οί
1362 1799 1496 1867 Ἀθηναῖοι,
1509 1799 1578 1853 σῦδέυ
1590 1800 1708 1872 πρδςιέμέ.
1725 1803 1756 1854 F.

184 1887 260 1942 Οὔπω
273 1890 336 1956 σοῦ]
350 1888 531 1958 χαριεντισμός.
546 1887 577 1941 F.
1011 1881 1163 1952 Προλαόώυ]
1177 1879 1296 1952 ἁρπάξας,
1313 1879 1360 1933 άπδ
1372 1883 1507 1951 μεταφορᾶς
1515 1885 1563 1932 τῶν
1574 1880 1760 1950 προλαμόανόυ-

185 1983 246 2022 220.
268 1965 319 2031 Τὴν
338 1963 455 2036 έξίωσιυ]
470 1963 500 2018 τδ
523 1965 632 2035 νομίζειν
655 1963 722 2026 άξιον
737 1963 816 2032 εἶναι,
839 1968 891 2020 δεῖν
908 1965 932 2028 ἐξ
976 1979 1025 2014 των
1037 1961 1145 2034 λῃστῶν.

149 2047 259 2117 άνάγκης
270 2047 372 2117 λέγειν,
388 2043 430 2098 καί
446 2043 512 2096 οὕτω
524 2042 710 2108 πολιτεύεσθαι,
729 2037 782 2096 οίον
807 2044 840 2106 ώς
858 2045 888 2098 ἂν
906 2045 931 2098 έν
1013 2040 1075 2102 τόδ.
1088 2040 1186 2112 Πυθσῦ]
1200 2039 1352 2110 Περισιαῖνσιν
1370 2037 1471 2092 Ἀττικοί
1483 2042 1571 2103 τοῦτο,
1583 2039 1624 2092 καί
1637 2040 1666 2092 τδ
1680 2039 1759 2092 λαδοῦ

149 2127 274 2198 τυραννίδι
283 2126 325 2178 καί
336 2123 364 2178 οίι
378 2123 539 2194 δημοκρατίᾳ.
553 2124 584 2178 F.
976 2118 1018 2171 καί
1034 2117 1094 2190 έμοῦ
1107 2120 1148 2172 καί
1165 2119 1195 2173 τέι
1218 2120 1303 2190 δμοια.
1342 2116 1414 2170 Ἐστι
1433 2117 1459 2170 δέ
1473 2118 1582 2189 δεύτερος
1600 2120 1671 2190 μέσος
1692 2118 1758 2188 άόρι-

189 2203 674 2277 ’,ΕργαζορένουῙπσλυπραγμονσῦντος.
688 2203 718 2256 F.
813 2249 817 2252 .
977 2215 1041 2259 στος.
1060 2199 1090 2250 F.

186 2302 249 2341 σου.
269 2283 444 2355 Ἇρπάγματα]
460 2282 599 2353 κλέμματα.
611 2283 642 2336 F.
1012 2279 1074 2339 υόέη,
1093 2274 1236 2348 Ἆγνώμονα
1246 2278 1256 2348 ]
1268 2277 1345 2331 οίονεί
1360 2275 1393 2350 μὴ
1404 2276 1497 2347 έχοντα
1511 2276 1651 2346 λογισμὸν,
1667 2277 1700 2338 ώς
1718 2279 1759 2329 καί

191 2362 235 2415 Ἐν
244 2361 334 2435 Νάξῳ]
347 2364 543 2432 στρατηγοῦντος
559 2359 674 2430 Χαόρίου.
688 2361 718 2412 B.
977 2351 1002 2406 ἐν
1016 2355 1069 2415 τοῖς
1085 2353 1245 2416 Φιλιππικοῖς
1261 2353 1305 2426 (p.
1328 2353 1373 2420 τό,
1390 2358 1451 2425 18)·
1466 2377 1477 2404 ι
1494 2353 1542 2409 εἷθ’
1556 2355 1631 2417 οῦτως
1643 2353 1759 2427 άγυωμό·

186 2441 299 2510 Πόλλιν]
311 2439 448 2511 στρατηγόν
463 2439 660 2509 Λακεδαιμονίων
671 2477 678 2503 ,
689 2439 744 2509 περὶ
752 2431 782 2491 οδ
792 2437 859 2492 καλό
873 2439 932 2511 Ἆρι·
978 2449 1024 2492 θοις
1034 2431 1114 2502 ἔχετε.
1132 2454 1142 2482 ι
1159 2435 1190 2490 F.

149 2519 247 2586 ατείδης
258 2517 330 2587 (vol.
343 2534 370 2581 π,
387 2535 414 2589 ρ.
432 2517 484 2569 232
500 2515 615 2588 Dindr.)
631 2515 698 2587 λέγει
717 2515 742 2569 έν
756 2521 792 2588 τῷ
806 2517 864 2588 ίιπέρ
884 2525 932 2572 τῶν
1016 2508 1076 2564 Ἐάν
1089 2513 1160 2583 τινα]
1175 2511 1216 2566 ίθιν
1231 2513 1313 2566 έκεῗνα
1329 2512 1360 2566 τίι
1381 2513 1466 2584 άρωυα
1480 2513 1522 2567 καί
1534 2512 1669 2582 ἀγνώμονα
1683 2514 1757 2584 ἐμπε-

149 2599 276 2668 τεσσάρων
293 2597 332 2650 ότι
341 2593 411 2657 οὗτος
422 2594 534 2661 έιτώλησε
550 2594 594 2647 τδν
608 2593 741 2649 Πλάτωνα.
760 2595 789 2647 F.
978 2592 1052 2644 σόντα
1064 2590 1195 2664 ἀποκτείνῃ
1210 2592 1338 2662 ἄνθρωπόν
1348 2609 1412 2645 τινα.
1427 2593 1459 2644 Β.

187 2677 250 2730 223.
268 2674 303 2729 (λδ
315 2675 343 2729 τδ
355 2674 514 2745 τελευταῖον]
527 2673 580 2726 κατ’
593 2673 720 2744 έρώτησιυ.
737 2675 766 2726 F.
1013 2674 1074 2732 μηδ.
1086 2671 1197 2741 Δημόσιοι
1206 2671 1365 2743 κηρέγματα]
1376 2673 1467 2724 δίκαια.
1479 2673 1509 2726 F.

188 2755 225 2806 Τθι
240 2753 418 2825 ἀγοράσματα]
440 2747 494 2806 οίον
514 2751 578 2822 μόρα
592 2751 633 2804 καί
653 2751 684 2805 τά
698 2756 816 2818 τοιαῦτα,
838 2756 932 2810 λυσιτε-
1013 2753 1074 2818 247·
1086 2747 1321 2820 Εἶςᾶπῡλθγῑσμδι]
1338 2747 1527 2820 &1010ssle-

149 2831 245 2883 λοῦντα
257 2829 316 2899 πρδς
329 2831 468 2900 γυναικεῖον
480 2830 584 2900 κόσμον.
599 2830 629 2884 F.
1014 2831 1075 2891 οίςθ.
1092 2827 1129 2880 T&
1140 2828 1227 2900 κοινθ]
1243 2823 1297 2881 οέον
1318 2828 1347 2882 τδ
1364 2828 1445 2900 λέγειν
1461 2831 1500 2882 ότι
1513 2830 1642 2899 φιλόπολίς
1655 2831 1705 2904 εἰμι
1720 2834 1761 2886 καί

189 2916 252 2972 σοί..
265 2909 327 2969 Τοὶυς
338 2911 381 2975 τῆς
394 2907 490 2970 πόλεως
500 2907 578 2979 ἅλας]
594 2905 623 2960 Ὁ
638 2906 708 2970 αῦτδς
719 2907 835 2980 Αἰσχίνης
852 2911 934 2966 ἐπάνω
977 2907 1130 2960 τὰτοιαῦτα.

150 2989 179 3042 ἐν
193 2993 229 3060 τῷ
239 2986 295 3056 περί
306 2986 497 3058 παραπρεσδείας
512 3007 522 3036 ι
537 2987 592 3048 τοῦς
603 2985 651 3058 γάρ
662 2989 705 3054 τῆς
716 2987 810 3051 πόλεως
820 2990 880 3054 ἅλας
893 2994 935 3044 καὶ
1017 2983 1154 3056 Ἆπίστους]
1167 2987 1290 3038 τουτέστιν
1303 2984 1433 3048 ἀπιθάνους
1439 2986 1510 3048 ὄντας
1519 2989 1571 3049 τοῖς
1580 2987 1672 3054 ἤθεσιν,
1684 2987 1760 3059 ἤγουν

150 3065 198 3132 τὴν
213 3065 335 3138 δημοσίαν
347 3066 468 3137 τράπεζαν
481 3065 536 3136 περί
549 3065 664 3120 πλείστου
682 3066 713 3132 δι]
727 3087 785 3138 ρησι
796 3072 932 3136 ποιεῖσθαι,
978 3062 1007 3116 οὗ
1027 3065 1174 3136 δυναμένους
1187 3065 1250 3136 ὓμᾶς
1270 3067 1353 3120 πεῖσαι
1367 3067 1419 3128 τοῖς
1440 3065 1541 3132 ἤθεσιν,
1556 3069 1594 3120 δτι
1617 3066 1676 3120 είσίν
1696 3062 1761 3122 εῦνσι

149 3145 243 3198 οίικῶν
258 3143 931 3220 έπιχώριος-είρήσεταιγάρ-οθδ’έγγενηςὴμι”ν,ι
978 3143 1019 3196 καί
1033 3143 1201 3214 φιλάνθρωποι
1215 3144 1356 3197 καὶκοινοί.
1396 3143 1430 3196 Ἢ
1445 3145 1530 3208 οθτως.
1568 3147 1630 3208 Τοδς
1640 3149 1761 3218 πονηρους

151 3221 368 3292 Παίόημοσθένης
385 3223 440 3293 περί
453 3223 644 3293 παραπρεσόείας
659 3245 670 3272 ι
686 3227 733 3276 ποῦ
751 3225 777 3278 δέ
797 3227 869 3292 θλεςς
888 3233 934 3282 ποῦ
978 3221 1049 3283 ὄντας
1062 3221 1092 3274 τὰ
1107 3221 1169 3288 ἤθη,
1185 3221 1226 3275 καί
1236 3222 1276 3274 διὰ
1290 3225 1363 3276 τοῦτο
1377 3221 1422 3276 σίικ
1437 3221 1516 3286 ἀξίους
1527 3225 1598 3286 ὄντας
1609 3226 1762 3280 πιστεύεσθαι

150 3302 285 3371 τράπεζαις
300 3323 311 3350 ιι
325 3303 355 3354 Β.
978 3297 1017 3370 ὕφ’
1031 3299 1114 3372 θμών,
1128 3302 1166 3354 ότι
1181 3300 1241 3355 είσίν
1261 3295 1326 3355 εθνοι
1340 3301 1373 3374 είς
1385 3299 1430 3367 τὴν
1444 3303 1517 3357 πόλιν
1532 3305 1572 3357 καί
1584 3304 1759 3375 φιλάνθρωποι.

189 3381 250 3431 2²5.
266 3379 303 3431 Τά
317 3378 408 3452 ἔνατα]
422 3381 453 3434 τὰ
467 3381 619 3453 νομιζόμενα
633 3385 670 3448 τῷ
686 3387 780 3454 νεκρῷ,
794 3388 825 3456 τῇ
846 3386 934 3461 ἐργάτῃ
979 3378 1054 3432 Κοινὰ
1072 3379 1098 3433 δέ
1116 3380 1193 3434 καλεῖ
1208 3381 1238 3434 τά
1259 3381 1382 3451 ἐλευθέρια
1402 3381 1443 3433 καί
1465 3383 1590 3453 ριλόδιορα
1612 3385 1653 3437 καί
1666 3385 1761 3456 εδεργε-

149 3455 232 3527 ἡμέρᾳ
244 3457 371 3528 γινόμενα.
387 3459 419 3512 Β.
978 3457 1041 3509 τικά.
1058 3459 1088 3510 Π.

191 3539 252 3588 226.
269 3535 361 3588 Σαυτδν
373 3537 396 3588 δ’
408 3535 452 3590 οῦκ
465 3535 600 3608 άνερωτᾷς]
615 3538 668 3590 κατ’
681 3537 845 3612 ἀποστροφήν,
866 3546 895 3600 F,
1016 3535 1077 3590 251.
1094 3536 1324 3609 Παραγεγηρακὼς]
1341 3538 1418 3590 οίονεί
1429 3537 1548 3608 ληρήσεις.
1561 3541 1592 3593 F.

190 3631 253 3684 ευρ.
276 3613 462 3687 Ἐζηλωαότος]
479 3615 536 3670 άντί
555 3619 599 3669 τοῦ
613 3617 798 3688 μακαρίζοντας.
839 3619 881 3684 Ὧς
896 3625 935 3678 ἐπ]
1015 3614 1168 3687 Παραυαίας]
1182 3618 1196 3668 δ
1209 3615 1259 3670 έστι
1277 3618 1383 3688 μιαρίας,
1397 3617 1431 3669 ἵν’
1451 3613 1466 3688 ᾖ
1487 3617 1516 3670 τ“ο
1529 3618 1572 3688 μὲν
1587 3623 1762 3690 προειρημένον

151 3694 182 3747 εδ
195 3692 311 3746 πλεῖστον
322 3693 370 3764 γίιρ
379 3694 408 3748 τδ
422 3698 466 3748 τοῦ
477 3695 554 3762 ζήλου
564 3692 650 3748 εἴωθεν
662 3695 701 3748 ἀεί
712 3693 752 3750 έπί
764 3697 841 3751 καλοῦ
850 3704 934 3756 τάττε-
979 3698 1023 3747 τοῦ
1038 3695 1135 3764 TW,
1149 3699 1222 3748 τοῦτο
1233 3694 1259 3748 δὲ
1270 3697 1314 3748 τοῦ
1328 3698 1430 3767 τρόπον·
1440 3697 1470 3747 F·

151 3773 227 3836 σθαι,
245 3769 274 3824 τδ
297 3771 324 3826 δέ
337 3777 381 3840 τῆς
397 3773 546 3841 ζηλοτυπίας
559 3773 599 3828 έπί
616 3775 716 3845 ρθόνοο.
757 3773 895 3834 ’λυτιδίκων
909 3785 935 3837 δέ
1014 3775 1051 3827 T&
1063 3776 1196 3846 περιόντα]
1209 3775 1239 3827 τὰ
1250 3775 1350 3845 wlff&
1365 3777 1406 3828 καί
1419 3775 1509 3846 φαῦλα·
1524 3775 1554 3830 F·

151 3869 213 3920 φησι
224 3855 272 3904 τῶν
282 3850 410 3922 ῥητόρων,
426 3853 487 3906 καθδ
497 3852 521 3906 ot
534 3851 577 3924 μέν
591 3853 725 3922 στρατηγοί
736 3856 789 3916 τοῖς
805 3855 885 3928 ἔργοις
896 3861 935 3914 κέ.
1016 3853 1078 3906 252.
1090 3851 1191 3924 Ἕτερος
1204 3853 1247 3924 δὲ]
1267 3853 1309 3905 τδυ
1322 3855 1466 3924 Λεωκράτην
1483 3856 1549 3918 νοεῖ,
1564 3849 1591 3905 οὗ
1608 3857 1762 3926 κατηγόρησε

152 3947 275 4000 χρηνται,
293 3931 316 3984 οί
334 3930 361 3984 δέ
378 3929 477 4002 ῥήτορες
491 3935 544 3994 τοῖς
562 3931 663 4003 λόγοις,
686 3932 726 3984 καί
746 3932 785 3986 άεί
805 3937 935 4006 φθονοῦσιν
980 3934 1127 4003 Λυκοῦργον·
1147 3934 1177 3987 F·

152 4007 275 4075 ἀλληλοις
297 4008 415 4080 ἑκάτεροι.
456 4009 524 4064 Κατὰ
544 4015 627 4064 κοινοῦ
650 4009 675 4063 δέ
693 4009 736 4077 τὴν
759 4013 871 4084 εθπορίαυ
890 4023 935 4071 τῶν
1015 4011 1163 4082 Ᾱῑαμὲίῑῑὸέ
1174 4010 1241 4064 καὶὸ
1255 4012 1330 4082 λόγος
1341 4011 1444 4066 {nawa
1458 4013 1576 4082 κείμενος·
1591 4013 1621 4065 Β·

151 4089 249 4158 λόγων.
267 4089 298 4141 F.
1016 4090 1079 4142 253.
1098 4087 1153 4143 Ἐπ’
1168 4089 1313 4162 ὀνομάτων]
1329 4085 1382 4144 οἷον
1406 4090 1447 4143 διὰ
1461 4094 1504 4142 τοῦ
1523 4093 1669 4162 περιτιθέναι
1686 4091 1764 4163 ἑαυτῷ

194 4163 237 4228 Ἐξ
247 4165 392 4238 ὀνομάτων]
406 4161 460 4220 οίόν
474 4167 500 4222 έκ
514 4167 602 4231 λέξεων
611 4171 765 4241 πανούργων.
780 4171 810 4224 F.
980 4168 1139 4239 φιλάνθρωπα
1152 4168 1271 4240 ὀνόματα.
1287 4171 1317 4224 F.

190 4239 240 4314 Οῦ]
258 4245 415 4298 δυνατόνκαὶ
433 4243 467 4318 μὴ
481 4247 629 4310 δασόνοντας
644 4246 688 4316 τὴν
708 4244 751 4314 οδ,
767 4247 824 4302 ἀλλ’
837 4251 936 4322 άρυητι-
1016 4249 1078 4302 256.
1089 4249 1196 4320 Πειθὼ]
1222 4244 1276 4302 οίον
1294 4249 1368 4316 αίιτὴυ
1386 4253 1428 4307 τὴν
1449 4250 1505 4304 θεδν
1527 4248 1572 4315 τὴν
1591 4250 1687 4314 Πειθὼ,
1703 4250 1764 4302 καθδ

152 4327 202 4383 κκῗις
218 4323 260 4378 καί
272 4323 325 4375 κατ’
338 4322 456 4394 ἐρώτησιν
475 4322 685 4396 ἀναγινώσκοντας
698 4325 743 4392 τὴν
757 4329 879 4398 περίοδον,
894 4351 937 4384 κα·
983 4329 1050 4399 λέγει
1073 4329 1087 4382 ό
1109 4329 1265 4400 Δημοσθένης
1282 4331 1373 4390 πάντας
1396 4330 1520 4384 πείθεσθαι
1547 4331 1599 4391 τοῖς
1619 4329 1692 4382 αίιτοῦ
1719 4329 1764 4381 λό-

152 4400 204 4461 λιῗις
216 4398 351 4462 ἀποσώζειν
366 4401 394 4454 τδ
407 4401 497 4472 νόημα.
509 4403 539 4456 F.
981 4426 1042 4478 γοις.
1057 4409 1087 4462 Β.

190 4479 254 4532 230.
267 4479 389 4550 θαυμάζω
399 4480 442 4553 δέ]
452 4481 507 4535 ἀντί
516 4485 560 4535 τοῦ
570 4487 756 4553 καταγινώσκω.
769 4487 799 4538 F.
1016 4487 1078 4542 258.
1100 4485 1243 4556 Ἀριστείδην
1254 4487 1290 4559 δέ]
1309 4487 1338 4540 '0
1348 4487 1418 4550 αῦτδς
1429 4488 1453 4540 έν
1467 4493 1504 4559 τῷ
1511 4488 1565 4558 περὶ
1574 4487 1765 4557 παραπρεσόείας

191 4559 254 4611 οδε.
272 4557 485 4630 Ἐπεισαγόντων]
497 4560 614 4628 δηλονότι
625 4563 656 4616 τὰ
665 4563 756 4617 ίαυτῶν
769 4565 891 4636 δράματα.
904 4570 934 4622 Β.
981 4567 1024 4636 (p.
1039 4566 1082 4629 31,
1094 4567 1150 4636 οο)·
1167 4589 1176 4614 ι
1189 4565 1203 4617 ό
1216 4567 1242 4619 δέ
1251 4566 1318 4620 οῦδὲν
1329 4567 1450 4638 ἄπρακτον
1461 4566 1527 4637 έχων
1541 4569 1611 4637 μέρος
1622 4571 1665 4620 τοῦ
1679 4569 1764 4638 σώμα-

190 4636 313 4699 υθυ.’ί“θις
326 4643 374 4691 τῶν
393 4640 478 4710 δώρων
491 4641 584 4711 γραρίις
603 4641 793 4715 ἁλισκομένους]
809 4639 863 4698 οἷον
882 4647 937 4708 τοδς
981 4662 1037 4709 τος,
1052 4643 1102 4696 οὐδ’
1122 4645 1178 4697 ὅθεν
1198 4643 1242 4710 τὴν
1261 4645 1343 4716 φωνὴν
1358 4647 1484 4718 προίεται,
1502 4647 1581 4708 ώςιδν
1608 4644 1762 4717 λριστεΓοης,

153 4717 330 4786 νομιζομένους
340 4718 500 4788 δωροδόκους.
516 4721 546 4773 F.
981 4724 995 4777 ό
1011 4725 1065 4786 τους
1076 4725 1162 4794 φόρους
1175 4723 1246 4784 τάξας
1261 4726 1312 4786 τοῖς
1323 4724 1449 4791 Ἕλλησι,
1462 4724 1616 4794 δυσχεραίνει
1635 4725 1677 4776 καί
1690 4743 1764 4778 κατα-

190 4795 253 4855 Τσίις
276 4795 401 4868 κυκλίους]
423 4799 479 4860 τοὺς
501 4804 550 4851 τῶν
568 4805 701 4870 χορηγῶν,
723 4801 784 4854 καθδ
807 4801 832 4854 έν
854 4805 936 4876 κύκλῳ
981 4803 1102 4864 πτῦειτάς
1110 4802 1290 4872 δωροδοκίας-ι
1308 4805 1338 4855 Β·

152 4874 283 4944 ίστάμενοι
299 4871 360 4948 ᾖδον
372 4876 516 4948 άσματατῷ
528 4878 647 4951 Διονιίσῳ.
660 4879 690 4936 F.
1018 4882 1150 4954 Ἄρθμιον]
1171 4881 1256 4934 τοῦτου
1278 4883 1424 4954 μυημονεῦει
1448 4882 1580 4953 Δείναρχος
1603 4880 1627 4935 έν
1657 4887 1693 4956 τῷ
1711 4885 1764 4937 κατ’

190 4952 233 5023 Τῷ
245 4953 447 5026 διαπραξαμένῳ]
460 4961 496 5027 τῷ
509 4955 670 5029 ώνησαμέυῳ.
684 4961 715 5015 Β,
943 4983 948 4992 ·
986 4959 1187 5031 Ἀριστογείτονος
1205 4961 1215 5028 (
1223 4963 1238 5029 5
1252 4965 1284 5024 είς
1293 4963 1320 5030 ),
1334 4961 1375 5013 καί
1388 4959 1556 5032 Ἀριστείδηςθ
1570 4960 1683 5034 σοφιστὴς
1695 4961 1721 5016 έν
1730 4969 1766 5036 τῷ

190 5032 252 5085 2³3.
270 5029 299 5084 ‘0
311 5037 420 5095 τοιοῦτος
433 5031 531 5105 κριτὴς]
548 5035 602 5089 άντί
617 5041 660 5089 τοῦ
673 5036 688 5088 ό
701 5037 815 5104 δικαστὴς
828 5040 842 5092 ό
858 5042 938 5111 κρίνας
982 5039 1163 5112 Παναθηναϊκῷ
1177 5043 1223 5112 (ρ.
1246 5042 1299 5095 310
1313 5041 1425 5113 Dinds.)
1443 5043 1484 5094 καί
1505 5041 1663 5113 Πλαίταργος
1684 5041 1709 5095 έν
1730 5049 1766 5096 τῶ

153 5111 369 5180 τδνδημοσθέυηυ
384 5111 450 5175 άξιον
466 5111 726 5187 εἶναιτοῦστεράνου.
766 5119 936 5190 ίίαταχρηστι-
983 5119 1193 5191 θεμιστοκλεῖέυ.
1208 5123 1286 5190 6)Β.
1631 5103 1637 5114 1
1753 5098 1758 5116 ⁸
