3934 6350
730 403 794 462 XX.
819 401 922 462 ΠΡΟΣ
942 404 1150 465 ΛΕΠΤΙΝΗΝ.
1684 417 1740 474 657

133 537 321 606 γεγραμμένον,
336 534 391 594 τούς
404 533 430 586 δέ
445 531 553 594 ἀναξίους
569 533 644 604 κρίσει
657 532 809 604 ἀφαιρεῖσθαι
823 531 867 598 τήν
880 553 916 586 τι·
962 534 1023 588 Τότε
1038 539 1100 604 χρῆν
1114 537 1211 600 αύτούς,
1223 538 1309 606 φησίν,
1323 540 1364 592 ὅτε
1377 539 1514 610 ἐλάμῦανον
1524 541 1681 610 φαινομένους
1690 539 1745 594 ἀνα-

135 615 198 686 μήν,
209 615 237 667 ού
252 618 330 686 νόμῳ.
341 615 421 666 ΤΟΥ.
964 610 1025 674 ξίους
1041 613 1196 674 κολάζεσθαι.
1236 613 1269 667 Ἲί
1284 618 1339 687 παρ’
1353 617 1430 682 αύτά,
1447 619 1476 668 ἀν
1489 616 1597 678 δείξωσιν
1614 617 1672 688 ύμῖν
1690 614 1743 672 οἷον

170 698 232 763 498,
248 695 291 747 23.
308 692 345 746 Ἣ
359 694 441 754 θέντας
449 691 527 762 ύμᾶς]
541 690 683 744 ’Λκόλουθον
692 689 721 760 ήν
732 692 823 756 εἰπεῖν,
836 693 851 758 ἢ
866 693 918 745 θέν-
964 695 1104 762 προσφόρως
1116 693 1299 764 τιμωρήσασθαι
1310 735 1317 757 ,
1329 696 1370 748 καί
1383 695 1455 767 ἐγγύς
1472 702 1520 749 τῶν
1534 693 1690 767 ἀδικημάτων
1703 703 1745 764 τῆς

135 791 185 825 των
206 771 285 824 αὐτῶν
294 771 332 835 ,ὁ
353 772 375 821 δ’
390 769 504 836 εἶπεν,ή
524 771 606 832 θέντας
621 771 722 838 αὐτούς,
743 773 777 825 ἵν’
797 769 812 846 ᾖ
833 780 921 836 πτῶσις
963 771 1053 841 φύσεως
1065 771 1080 836 ἢ
1093 775 1136 823 τοῦ
1153 773 1253 840 χρόνον.
1266 775 1346 827 ΤΟΥ.

135 853 190 906 ἀντί
204 854 326 911 πτώσεως.
344 851 425 902 ΤΟΥ.
999 853 1060 918 499,
1079 855 1120 902 16.
1136 849 1165 900 ίΞί
1174 851 1199 902 δέ
1213 852 1315 922 μηδενὸς
1324 853 1394 915 ὄντος
1404 853 1530 924 τοιούτου]
1544 853 1606 906 κατά
1615 855 1671 916 τοίις
1682 855 1745 925 εύερ-

172 933 233 1000 498,
248 928 294 990 25,
312 927 390 981 Ὅταν
404 932 499 996 πρῶτον
513 929 633 996 γένωνται
647 929 796 1000 νομοθέται]
812 929 842 980 Oi
861 928 919 998 μέλ·
964 928 1035 998 γέτας
1046 931 1135 991 κακοῦ,
1151 928 1211 998 μηδὲ
1223 928 1345 999 ὀφθέντων
1356 930 1469 992 ἀναξίων.
1486 933 1557 986 ΤΟΥ

136 1011 220 1070 λοντες
238 1007 271 1069 είς
284 1007 349 1058 ἀλλο
368 1006 524 1075 δικαστήριον
538 1010 625 1075 κυροῦν
644 1007 687 1058 τδν
704 1008 794 1078 νόμον·
816 1013 858 1060 νῦν
872 1006 920 1077 γάρ
999 1011 1061 1074 499,
1078 1023 1119 1074 17.
1134 1006 1219 1067 Λόξετε
1230 1009 1411 1080 φθονήσαντες]
1424 1011 1458 1062 Τδ
1470 1009 1617 1082 ἐπιχείρημα
1632 1015 1743 1065 τοιοῦτόν

137 1087 312 1157 ἐδοκιμάζοντο
325 1084 738 1150 θπευθύνουςποιήσαντεςἑαυτούς.
781 1084 920 1152 Ὦςάσαφὲς
964 1082 1042 1148 ἐστιν,
1064 1085 1101 1136 ότι
1118 1083 1146 1136 ού
1162 1085 1219 1154 πρδς
1236 1084 1365 1152 Ἀθηναίων
1385 1088 1435 1142 ἐστί
1454 1089 1483 1142 τδ
1497 1091 1577 1142 δοκεῖν
1596 1089 1742 1158 βασκαίνειν·
1786 1091 1788 1094 ’

135 1165 163 1218 δέ
181 1168 253 1216 τοῦτο
267 1165 385 1234 φαίνεται.
424 1165 494 1232 Λέγει
516 1162 557 1226 δὲ’,
583 1161 678 1216 ἐπειδὰν
701 1169 795 1232 πρῶτον
817 1162 832 1228 ή
851 1163 921 1225 πόλις
964 1158 1024 1232 ἐνῷ
1043 1161 1084 1213 καί
1098 1161 1125 1214 εδ
1139 1163 1227 1231 πρέπον
1239 1163 1313 1216 πάλιν
1328 1165 1389 1217 κατὰ
1404 1166 1432 1217 τδ
1447 1165 1558 1218 ἐναντίον
1573 1165 1690 1231 ἐξετάζει,
1708 1167 1746 1218 ὅτι

139 1244 268 1312 νομοθέτας
277 1242 378 1314 καθίσῃ,
393 1242 447 1294 τότε
456 1247 552 1311 πρῶτον
563 1240 702 1311 είσαχθήτω
713 1241 727 1293 ὁ
740 1243 823 1311 νόμος.
841 1241 917 1302 Ἐθος
964 1239 1033 1309 ύμεῖς
1051 1242 1137 1310 τιμᾶτε
1151 1241 1205 1302 τοίις
1217 1240 1348 1304 ἀξιονίκους
1367 1249 1416 1296 τῶν
1436 1243 1549 1311 ἀθλητῶν
1565 1245 1688 1314 μεγίσταις
1710 1265 1745 1297 τι-

137 1319 184 1389 γάρ
197 1315 226 1386 ήν
241 1323 272 1391 τῇ
286 1319 371 1382 πόλει,
386 1317 407 1371 εί
429 1319 525 1388 γίνοιτο
540 1319 611 1388 χρεία
633 1319 791 1388 νομοθετεῖν,
813 1319 919 1378 καθίζειν
966 1319 1038 1386 μοῖς,
1058 1315 1120 1387 ῦμᾶς
1136 1317 1161 1370 δὲ
1181 1321 1266 1388 τιμᾶτε
1288 1321 1342 1382 τούς
1362 1322 1508 1388 τεθνηκότας
1525 1325 1577 1382 τοῖς
1596 1321 1744 1392 ἐπιταφίοις,

137 1397 178 1462 ἐξ,
193 1397 261 1460 ώςέν
276 1403 312 1470 τῶ
329 1396 391 1450 κατὰ
404 1397 569 1467 Τιμοκράτους
586 1397 673 1466 φησίν·
692 1396 763 1457 ἀξιῶν
786 1392 828 1449 οῦν
852 1397 919 1458 εύθδς
964 1392 1027 1446 υύτω
1044 1395 1126 1464 πόρρω
1140 1395 1272 1462 καθέστηκε
1289 1403 1337 1450 τῶν
1359 1397 1490 1466 ’Λθηναίων
1509 1397 1523 1466 4
1540 1399 1611 1460 πόλις
1628 1404 1670 1454 τοῦ
1685 1403 1745 1471 φθό-

139 1477 179 1528 καί
192 1481 358 1547 παραχρῆμα,
371 1475 391 1528 εί
405 1477 458 1528 κατ’
473 1475 550 1546 ἀρχάς
562 1479 606 1528 τοῦ
618 1475 685 1537 ἐτους
698 1478 808 1546 γένοιντο
822 1477 920 1546 νομοθέ-
964 1492 1015 1526 νον.
1034 1476 1115 1527 ΤΟΥ.

140 1575 192 1618 ται,
208 1559 293 1608 τοῦτον
308 1553 446 1624 εἰσάγεσθαι
461 1560 556 1624 πρῶτον
570 1554 612 1606 εδν
628 1555 703 1624 νόμον
718 1554 743 1608 έν
754 1557 806 1616 τοῖς
816 1557 920 1625 πρώτοις
998 1556 1060 1622 499,
1077 1556 1118 1606 18.
1131 1551 1235 1606 Ἔστιδὲ
1250 1555 1327 1607 πάντα
1343 1555 1386 1625 μὲν
1398 1556 1431 1618 ὡς
1446 1557 1501 1619 ἔπος
1515 1557 1608 1629 εἰπεῖν]
1625 1557 1695 1610 θέλει
1711 1557 1745 1611 εί-

140 1633 289 1702 νομοθέταις.
303 1632 382 1686 ΤΟΥ.
963 1633 1016 1684 πεῖν
1030 1633 1068 1683 δτι
1079 1631 1120 1683 καί
1129 1631 1191 1684 κατά
1202 1633 1280 1684 πάντα
1294 1633 1324 1686 τίι
1336 1633 1417 1702 ὀνείδη
1432 1637 1525 1706 καθαρὰ
1540 1638 1656 1706 τυγχάνει
1670 1636 1685 1703 ἡ
1700 1639 1745 1690 πό-

174 1709 246 1764 Ἔστι
259 1709 281 1760 δ’
295 1708 388 1779 ἑκάστῳ
395 1727 430 1770 τις
439 1707 532 1770 αύτῶν,
545 1709 578 1770 ὡς
591 1708 685 1774 ἔοικεν,
701 1709 802 1780 ἐχθρδς]
820 1707 918 1776 Ἐπειδὴ
962 1709 999 1770 λις
1011 1710 1052 1762 καί
1066 1712 1147 1780 πόρρω
1159 1711 1251 1762 τούτων
1266 1717 1314 1764 τῶν
1324 1718 1404 1766 κακῶν
1414 1753 1421 1778 ,
1433 1714 1496 1768 πολύ
1508 1714 1534 1768 δέ
1546 1715 1620 1768 πλέον
1635 1722 1683 1768 τῶν
1699 1716 1745 1768 ἀλ-

138 1785 236 1840 ἐδόκουν
248 1786 305 1856 ύπέρ
318 1791 361 1839 τοῦ
377 1790 460 1838 κοινοῦ
473 1787 603 1838 τεθεικέναι
615 1785 657 1838 τδν
679 1787 771 1856 νόμον,
788 1787 830 1838 ἵνα
844 1787 918 1859 ἀνέλῃ
962 1788 1013 1840 λων
1026 1789 1068 1841 τδν
1081 1789 1169 1858 φθόνον
1187 1791 1298 1860 πέφευγε.
1313 1792 1393 1845 ΤΟΥ.

138 1864 182 1930 τήν
197 1865 312 1918 ύπόνοιαν
328 1866 435 1932 ταύτην,
449 1865 480 1916 δι’
491 1863 588 1926 ἑαυτούς
596 1883 655 1935 φησι
664 1867 819 1931 πεποιηκέναι
828 1873 916 1932 τοῦτο,
998 1871 1062 1936 499,
1074 1884 1117 1921 21.
1134 1867 1211 1920 Φύσει
1224 1869 1307 1930 κακίας
1319 1869 1422 1938 σημεῖόν
1432 1867 1482 1922 ἐστι
1495 1868 1621 1942 όφθόνσς]
1635 1871 1667 1923 Ὃ
1681 1859 1738 1942 λέγεΙ

138 1945 181 1996 ἵνα
204 1943 390 2016 ἀποστεροῦντες
406 1943 462 2004 τούς
485 1941 588 2012 ἔχοντας
608 1941 718 1996 ἀτελειαν
739 1945 794 2006 τοῦς
818 1943 919 2015 ἐχθρούς
962 1947 1071 2000 τοιοῦτόν
1085 1945 1163 2010 ἐστιν,
1177 1948 1216 1999 ὅτι
1225 1947 1249 2000 ἐν
1260 1947 1345 2008 ἀλλοις
1358 1947 1398 2000 ἐάν
1414 1944 1472 2019 τιςῇ
1483 1949 1541 2018 πρός
1551 1969 1606 2002 τινα
1617 1952 1742 2014 κακόνους,

139 2021 288 2093 ἀμύνωνται.
325 2021 409 2075 Ἦσαν
431 2021 478 2092 γάρ
497 2021 593 2084 ἀτελεῖς
617 2021 702 2093 ἐχθροί
723 2043 749 2076 τε
767 2024 851 2076 ἀλλων
878 2027 919 2078 καί
963 2023 1016 2093 ἔχει
1035 2025 1089 2078 τινὰ
1103 2025 1240 2097 ἀπολογίαν
1257 2027 1355 2096 φάσκων
1369 2027 1513 2080 πεπονθέναι
1527 2047 1550 2080 τι
1565 2029 1620 2098 παρ’
1639 2027 1741 2081 ἐκείνου·

138 2105 272 2168 Λεπτίνου,
286 2103 385 2174 ἔχοντες
401 2102 491 2168 ταύτην
506 2099 550 2167 τήν
565 2103 666 2172 δωρεάν.
706 2103 752 2155 ίίαί
767 2103 806 2155 διά
820 2108 863 2156 τοῦ
878 2105 918 2156 νό-
963 2100 1001 2153 ἐπί
1015 2101 1041 2154 δέ
1056 2107 1099 2155 τοῦ
1110 2105 1201 2173 φθόνου
1214 2103 1388 2173 ἀσύγγνωστον
1410 2105 1438 2158 τδ
1458 2106 1541 2167 πάθος·
1561 2105 1589 2158 ού
1607 2106 1655 2177 γάρ
1670 2107 1694 2168 ἐξ
1707 2105 1743 2160 ὧν

139 2201 187 2252 μου
201 2181 336 2252 ἀμύνασθαι
348 2180 433 2242 αύτούς
441 2181 552 2246 ζητοῦσι,
563 2180 628 2250 φησί·
645 2180 711 2232 καίδ
727 2179 918 2252 αύτδςήρήσατο
962 2181 1053 2252 πάσχει
1063 2181 1190 2247 λυπεῖται,
1206 2182 1263 2234 ἀλλ’
1281 2182 1302 2239 ,εί
1319 2183 1395 2245 ἀλλος
1406 2203 1442 2245 τις
1454 2179 1481 2236 τύ
1500 2186 1613 2254 πράττει,
1633 2185 1745 2239 λυπεῖται

139 2262 201 2314 κατὰ
213 2267 260 2314 τῶν
272 2260 383 2332 ἐχθρῶν,
397 2262 471 2312 τοῦτο
484 2257 546 2330 ύμᾶς
562 2259 623 2312 κατά
636 2265 684 2314 τῶν
700 2258 830 2330 εύεργετῶν
844 2263 919 2314 πείθει
963 2259 1003 2310 καί
1016 2261 1163 2330 ζημιοῦσθαι
1181 2261 1284 2332 νομίζει.
1322 2261 1365 2314 mh
1379 2263 1422 2316 καὶ
1435 2264 1573 2316 πεπονθότα
1591 2263 1664 2318 αύτδν
1676 2267 1742 2334 φησί·

139 2341 348 2410 κατεργάσασθαι,
362 2339 390 2390 τδ
402 2335 435 2408 μή
446 2337 486 2389 διά
496 2338 605 2407 κρίσεως,
619 2337 684 2390 ἀλλὰ
697 2341 765 2409 νόμῳ
776 2339 917 2409 στερίσκειν,
962 2340 1030 2406 τήκει
1044 2340 1091 2412 γάρ
1102 2341 1157 2403 τούς
1170 2341 1282 2412 έχοντας.
1292 2343 1372 2396 ΤΟΥ.

143 2417 177 2471 Ἦ
190 2419 237 2490 γδρ
251 2420 326 2490 κρίσις
338 2417 435 2488 ηύρισκε
449 2414 494 2481 τήν
509 2415 635 2482 ἀλήθειαν.
678 2415 830 2471 ’Λντιπῖπτον
847 2418 872 2471 δὲ
893 2417 919 2471 ἐκ
999 2423 1062 2489 499,
1075 2437 1119 2490 27.
1134 2421 1234 2490 Πρῶτον
1250 2420 1292 2491 μέν
1312 2423 1397 2492 μόνον]
1418 2421 1519 2492 Πρῶτον
1540 2419 1608 2476 εἶπεν
1623 2421 1677 2475 ἀντί
1685 2426 1743 2486 τοῦ,

139 2502 182 2564 τῆς
197 2498 309 2569 έργασίας
325 2495 448 2567 ἀνακῦύαν
462 2499 534 2549 τοῦτο
548 2498 580 2566 τῇ
593 2497 740 2568 προκειμένῃ
760 2496 841 2566 ἐννοίφ
861 2497 919 2550 ύπο-
964 2497 1004 2568 ἀφ’
1014 2494 1042 2550 σύ
1055 2498 1107 2552 ἐστέ
1118 2499 1149 2550 δι’
1162 2499 1222 2552 όλον
1231 2503 1273 2552 τοῦ
1285 2501 1386 2570 χρόνον.
1398 2501 1478 2554 ΤΟΥ.

140 2577 265 2647 τέμνεται·
281 2575 338 2648 ἀλλ’
353 2573 400 2644 ούχ
412 2573 537 2644 αἱροῦνταί
548 2591 610 2634 τινες
621 2573 777 2644 προσκρούειν
797 2575 838 2627 καὶ
849 2594 921 2642 κατη·
999 2581 1061 2648 499.
1078 2595 1121 2647 29.
1142 2576 1185 2630 Ἐν
1203 2576 1240 2640 οίς
1260 2580 1390 2650 κοσμεῖτε]
1407 2577 1462 2649 Ἐφ’
1473 2573 1510 2639 οίς
1526 2578 1611 2649 λόγοις
1625 2579 1692 2650 λέγει
1707 2580 1746 2634 ότι

140 2663 222 2726 γορεῖν
241 2661 288 2708 τῶν
306 2653 420 2716 ἀναξίων.
459 2651 550 2705 Ἐλυσε
567 2653 589 2704 δ’
602 2651 692 2718 εἰπὼν,
715 2652 772 2705 ἀλλ’
791 2653 837 2707 εἰσί
860 2673 922 2716 τινες
963 2659 1049 2725 τιμᾶτε
1070 2657 1125 2719 τούς
1147 2657 1269 2728 ἀνδρείους
1289 2657 1498 2722 ἀποθνήσκοντας,
1514 2656 1543 2709 ού
1563 2659 1745 2728 καταφρονεῖτε·

140 2735 218 2787 αύτῶν
233 2733 317 2804 ἐχθροί
330 2739 378 2785 τῶν
392 2731 423 2784 τά
436 2733 538 2802 μέγιστα
551 2733 691 2802 δυναμένων
710 2730 735 2784 ἐν
750 2735 781 2802 τῇ
792 2733 918 2803 πολιτείᾳ,
965 2733 1040 2795 ούεως
1053 2733 1097 2787 οθκ
1110 2733 1163 2788 ἐστὲ
1177 2737 1296 2806 φθονεροί.
1312 2737 1393 2788 ΤΟΥ.

139 2814 182 2866 ἵνα
190 2815 235 2866 κάν
249 2813 378 2884 ἀντιπέσῃ,
393 2811 501 2873 ἀσθενεῖς
512 2810 538 2864 δέ
552 2811 592 2862 καί
606 2810 653 2881 ούχ
667 2805 716 2863 οίοί
727 2832 753 2866 τε
767 2811 919 2883 ἐξελέγχειν,
1001 2813 1061 2878 500,
1076 2815 1101 2868 5.
1112 2815 1173 2875 Τοίνς
1187 2815 1343 2886 στεφανίτας]
1358 2814 1412 2874 τούς
1423 2815 1572 2884 περιοδικυθς
1585 2815 1747 2884 καλουμένους

140 2891 272 2960 προσέθηκε
287 2890 329 2942 καί
345 2888 388 2956 τήν
403 2890 521 2956 ποιότητα
533 2895 581 2942 τῶν
598 2887 702 2959 ἐχθρῶν.
713 2890 790 2946 ΤΟΥ.
965 2891 1041 2962 λέγει·
1057 2893 1080 2945 οί
1093 2893 1136 2964 μέν
1150 2892 1198 2963 γάρ
1214 2899 1261 2945 τῶν
1276 2892 1380 2962 ἀγώνων
1398 2890 1444 2944 εἰσί
1457 2895 1611 2961 στεφανῖται,
1626 2894 1650 2945 οί
1669 2893 1694 2946 δέ
1708 2891 1747 2962 ἀρ-

176 2971 238 3037 499,
262 2968 287 3022 5.
303 2967 339 3020 Δι’
359 2967 427 3038 ύμῶν
448 2967 563 3038 ἀθρόους]
586 2967 630 3020 Διὰ
651 2973 699 3020 τῶν
716 2963 743 3020 εδ
765 2969 921 3020 πεπονθότων
965 2972 1071 3039 γυρῖται.
1122 2972 1235 3023 Δίδονται
1253 2965 1296 3022 σύν
1319 2972 1430 3040 μέγισται
1453 2971 1541 3040 δωρεαί
1562 2972 1602 3022 καί
1622 2971 1682 3042 μετὰ
1703 2973 1745 3024 τίεν

141 3047 196 3115 παρ’
211 3045 301 3100 αύτῶν.
341 3045 450 3116 ’Λθρόους
469 3046 494 3098 δὲ
513 3047 635 3108 πολλούς,
651 3042 723 3118 ἵναῇ
741 3045 788 3106 κάκ
802 3051 845 3098 τοῦ
859 3047 922 3112 πλή-
966 3050 1093 3119 στέφανον.
1134 3049 1233 3115 Ἐπειδὴ
1245 3049 1293 3120 γὰρ
1308 3046 1388 3119 είρηκε
1401 3049 1455 3118 περὶ
1473 3054 1520 3100 τῶν
1534 3049 1674 3120 πολεμικῶν
1691 3050 1746 3112 τούς

142 3125 197 3185 θους
207 3123 236 3176 εδ
249 3123 353 3177 ἀτοπον·
372 3125 409 3176 θτι
425 3123 475 3175 οὐδ’
497 3123 595 3194 ὀλίγους
619 3123 761 3190 ἀδικήσετε,
782 3123 848 3174 ἀλλά
862 3123 922 3178 πολ·
965 3125 1113 3198 ἐπιταφίους,
1126 3127 1206 3198 είρηκε
1216 3129 1256 3180 καί
1270 3128 1325 3189 τούς
1340 3126 1379 3180 ἐπί
1395 3131 1425 3198 τῇ
1445 3126 1527 3200 είρήνῃ
1542 3127 1745 3201 ἀγωνιζομένους·

141 3199 213 3264 λούς·
232 3201 272 3254 καί
285 3202 368 3272 καιρδν
387 3200 427 3266 δέ,
442 3201 531 3270 φησίν,
555 3202 701 3272 εύρίσκουσιν
720 3202 856 3272 ἀμύνασθαι
867 3204 922 3265 τούς
966 3204 1139 3276 ἐστεφανοῦντο
1152 3206 1200 3278 γάρ
1211 3207 1234 3260 οί
1245 3213 1356 3268 νικῶντες
1367 3206 1392 3262 ἐν
1405 3207 1508 3269 τούτοις.
1524 3209 1603 3262 ΤΟΥ.

141 3281 242 3351 ἐχθρούς
256 3279 362 3344 ἑαυτῶν,
379 3278 513 3350 ἀπάγοντες
526 3279 611 3342 αύτούς
627 3280 667 3332 διά
680 3284 723 3334 τοῦ
737 3282 813 3352 νόμον
824 3281 857 3343 είς
870 3283 921 3352 κρί·
1002 3284 1048 3336 ίίαί
1064 3283 1110 3354 ούχ
1129 3286 1166 3340 δτι
1180 3289 1210 3357 τῇ
1221 3285 1289 3354 φύσει
1302 3285 1395 3338 τούτων
1413 3287 1539 3358 μέτεστιν]
1553 3286 1583 3338 Οί
1593 3285 1683 3356 ἀγαθοί
1693 3285 1747 3351 ‹ffl-

141 3379 189 3412 σιν.
202 3360 282 3412 ΤΟΥ.
964 3380 1005 3431 γοι
1015 3360 1159 3431 ἀναγκαίως·
1172 3362 1243 3414 κακοί
1253 3361 1300 3432 γάρ
1312 3362 1336 3413 υί
1349 3361 1447 3416 πολλοί.
1486 3361 1530 3416 Λιιλ
1542 3368 1590 3416 τῶν
1600 3363 1692 3434 ὀλίγων
1703 3360 1747 3417 οῦν

178 3443 241 3507 499,
255 3457 282 3507 7.
293 3437 352 3490 Κατ’
364 3437 440 3508 ἀνδρα
452 3437 592 3507 κριθέντας]
609 3435 642 3508 μή
660 3435 774 3508 ἀθρόους,
788 3437 853 3490 ἀλλά
868 3440 921 3491 κατ’
965 3440 1020 3502 τούς
1033 3440 1158 3511 γενναίους
1169 3441 1291 3510 σημαίνει.
1329 3441 1429 3501 Τούτοις
1440 3435 1483 3493 σύν
1497 3440 1525 3492 ού
1540 3443 1666 3510 φθονεῖτε,
1681 3440 1747 3495 ἀλλὰ

140 3517 230 3588 ἀνδρα·
247 3516 287 3568 καί
298 3516 389 3585 κρίσει,
402 3514 435 3586 μὴ
449 3517 526 3588 νόμῳ.
540 3517 620 3572 ΤΟΥ.
965 3519 1006 3571 καί
1019 3519 1164 3584 συνήδεσθε,
1179 3519 1211 3570 δι’
1225 3517 1260 3572 ὧν
1276 3521 1362 3588 τιμᾶτε
1378 3518 1480 3584 αύτούς,
1493 3518 1514 3572 εί
1523 3520 1564 3571 καί
1575 3519 1689 3590 ἀνόμοιοί
1701 3521 1746 3574 είσι

179 3595 250 3666 Ἐγὼ
261 3594 303 3664 μὲν
311 3595 358 3665 γάρ
369 3595 550 3666 ύπολαμῦάνω]
563 3593 689 3647 Ἐντεῦθεν
699 3595 729 3647 τά
739 3594 867 3666 ἐπιλογικά
877 3597 920 3661 δη·
965 3597 1026 3649 κατὰ
1038 3597 1117 3667 φύσιν.
1132 3599 1211 3650 ΤΟΥ.

140 3675 237 3728 λοῦται.
274 3675 314 3727 Τίι
332 3673 379 3746 γάρ
394 3673 494 3728 ἑκάστου
518 3673 650 3743 κεφαλαίου
671 3673 757 3744 ίσχυρά
775 3677 874 3745 συνάγει
890 3675 921 3726 δι’
1001 3675 1061 3738 500,
1077 3678 1101 3730 8.
1121 3674 1165 3725 Διά
1180 3673 1271 3743 ταῦτα]
1288 3673 1329 3725 διά
1344 3673 1372 3726 τδ
1387 3671 1450 3725 εἶναι
1465 3672 1549 3736 αθτοίις
1561 3677 1685 3744 γενναίους
1707 3678 1748 3730 καί

141 3755 219 3808 αὐτῶν
241 3755 333 3808 τούτων
347 3761 395 3808 τῶν
410 3755 464 3825 περί
480 3755 611 3820 Λεπτίνην·
626 3753 694 3823 λέγει
707 3754 733 3806 δὲ
751 3756 789 3806 ὅτι
801 3755 842 3807 καί
858 3753 921 3806 οῦτω
965 3752 1072 3822 ὀλίγους.
1087 3754 1167 3804 ΤΟΥ.

141 3835 280 3905 συμόαίνει,
301 3834 326 3886 εί
337 3854 366 3903 γε
388 3833 494 3894 ἀνάξιοι,
511 3835 541 3882 δι’
566 3831 633 3900 ύμῶν
647 3837 694 3884 τῶν
709 3831 803 3902 ἐχθρῶν
820 3831 922 3885 ἀποστε-
1000 3829 1083 3890 θίιδείς
1092 3832 1190 3883 πώποτε
1199 3826 1244 3894 τήν
1256 3828 1327 3881 πόλιν
1337 3827 1423 3898 ἡμῶν]
1435 3829 1482 3881 ίίαί
1492 3828 1517 3882 έν
1528 3835 1562 3900 τῷ
1571 3834 1643 3902 τιμᾶν
1654 3835 1747 3902 μισεῖτε

139 3917 222 3984 ροῖνςο
234 3917 275 3980 τῆς
290 3918 370 3984 τιμῆς.
382 3914 462 3965 TCV.
965 3907 1009 3973 τήν
1018 3901 1101 3974 ήτταν·
1115 3909 1239 3978 τοιγάρτοι
1249 3909 1292 3972 τῆς
1301 3905 1434 3976 εὐεργεσίας
1444 3908 1544 3976 μείζονα
1555 3909 1646 3978 δωρεάν
1656 3911 1746 3966 δίδοτε.

176 3997 238 4062 499,
253 4013 279 4062 9.
303 3992 350 4043 ίίαί
370 3988 418 4060 μὴν
438 3989 489 4041 ούδ’
512 3988 604 4042 ἐκείνου
618 4007 647 4057 γε
665 3987 811 4042 ἀποστατέον
825 3994 868 4041 τοῦ
882 3990 922 4044 λό-
969 3984 998 4039 Ὁ
1011 3986 1058 4057 γάρ
1070 3985 1093 4048 ἐξ
1106 3983 1160 4038 ίσου
1171 3991 1248 4055 τιφῶν
1262 3985 1344 4054 χρέος,
1358 3983 1386 4036 ού
1402 3985 1489 4055 χάριν,
1504 3988 1614 4056 παρέχει.
1629 3989 1699 4042 ΤΟΥ
1703 4030 1709 4042 .
1742 3996 1749 4009 “

140 4073 201 4141 γου]
216 4069 410 4139 Ἐπαγωνίζεται
423 4066 496 4120 πάλιν
504 4071 539 4136 τῷ
550 4064 722 4136 μεταληπτικῷ
735 4063 761 4117 ἐκ
776 4066 919 4135 περιουσίας,
1001 4066 1061 4130 500,
1082 4083 1122 4120 10.
1143 4063 1301 4133 Λντευποιεῖ]
1319 4064 1373 4125 τούς
1391 4063 1593 4134 εύεργετήσαντας
1613 4065 1688 4132 αύτήν
1705 4070 1748 4135 δη-

140 4151 178 4201 ότι
189 4149 244 4201 οῦδὲ
256 4153 297 4200 νῦν
310 4147 431 4216 κρίνεσθαι
444 4147 485 4197 δεῖ
491 4145 547 4204 τούς
560 4143 678 4213 ἔχοντας,
687 4142 754 4218 ἀλλά
764 4143 840 4198 πάλαι
850 4143 922 4211 ἡνίκα
965 4143 1038 4210 λαδή.
1052 4146 1082 4200 P.

140 4227 290 4298 ἐλάμῦανον.
330 4225 371 4278 ’Λν
388 4225 415 4277 δέ
437 4243 471 4284 τις
489 4221 571 4289 οίηται
584 4225 660 4274 ταῦτα
674 4219 707 4291 μὴ
726 4225 855 4292 προσήκειν
871 4228 921 4286 τοῖς
1002 4225 1062 4287 500,
1081 4239 1121 4276 11.
1137 4223 1209 4275 Ἐστι
1230 4223 1310 4275 τοίνυν
1331 4226 1407 4274 ταῦτα
1423 4223 1515 4286 πάντα,
1535 4218 1557 4276 ώ
1574 4222 1657 4293 ἀνδρες
1680 4223 1747 4292 Λθη-

141 4305 280 4374 ἐπιλόγοις,
293 4302 399 4356 ίστωσαν
415 4305 453 4355 δτι
471 4303 512 4355 καί
531 4300 556 4354 έν
574 4303 626 4363 τοῖς
644 4301 767 4372 ἐπιλόγοις
779 4303 803 4354 οί
823 4303 923 4358 παλαιοί
966 4304 1045 4366 ναῖοι,
1061 4301 1231 4368 δικαιοσύνης]
1245 4300 1303 4371 πρδς
1320 4300 1348 4354 ἰδ
1362 4299 1511 4354 ἀντιδιδόναι
1523 4303 1575 4363 τοῖς
1592 4297 1619 4354 εθ
1635 4307 1743 4356 ποιοῦσι·

141 4381 304 4452 ἀγωνίζονται
321 4381 379 4453 πρδς
393 4381 465 4442 αύτίις
476 4381 518 4444 τὰς
533 4381 659 4452 προτάσεις
673 4379 715 4442 τάς
726 4381 751 4434 ἐν
771 4381 852 4444 αύτοῖς
870 4402 920 4436 κει·
965 4381 1058 4432 δίκαιον
1071 4380 1127 4450 γάρ.
1177 4377 1269 4449 ’Λφετῆς
1283 4378 1309 4432 δέ
1324 4383 1366 4444 τῆς
1386 4380 1546 4449 μεταδόσεως·
1563 4379 1746 4452 μεγαλοψυχίας

141 4463 224 4532 μένας.
238 4463 318 4516 TCV.
966 4457 1020 4510 ἀντί
1030 4463 1073 4511 τοῦ
1086 4456 1281 4528 μεγαλοδωρεᾶς.
1334 4456 1447 4518 Εθδοξίας
1459 4455 1513 4510 ἀντί
1527 4461 1570 4510 τοῦ
1582 4456 1649 4529 ἔχειν
1664 4459 1746 4522 δόξαν.

177 4545 240 4610 499,
257 4559 298 4596 10.
309 4539 367 4593 Ὅτι
377 4543 419 4604 τῆς
432 4538 474 4610 μέν
483 4537 564 4609 ἀξίας]
578 4538 764 4611 Παραγραφικδν
777 4537 802 4591 ἐκ
812 4543 855 4590 τοῦ
865 4541 921 4608 χρό·
966 4535 1000 4589 Ἢ
1020 4541 1063 4590 τοῦ
1078 4539 1121 4602 τῆς
1133 4536 1227 4597 πόλεως
1248 4534 1399 4607 ἀξιώματος,
1414 4535 1442 4588 ού
1461 4540 1504 4590 τοῦ
1522 4535 1586 4608 παρά
1599 4541 1642 4604 τῆς
1660 4538 1745 4609 τύχης,

141 4638 194 4673 νου.
205 4621 296 4682 Λισσῶς
309 4619 335 4672 δέ
348 4623 421 4672 τοῦτο
434 4619 507 4672 ποιεῖ’·
517 4616 559 4670 καί
570 4617 617 4688 γάρ
631 4617 672 4670 καί
683 4616 745 4670 κατὰ
755 4617 783 4670 εδ
793 4619 921 4687 πρόσωπον
965 4615 1019 4668 οἷον
1030 4615 1198 4684 εύδαιμονίας,
1213 4613 1279 4666 ἀλλά
1292 4618 1335 4668 τοῦ
1352 4617 1394 4681 τῆς
1408 4615 1486 4686 ψυχῆς
1497 4615 1564 4687 λέγει
1577 4614 1658 4682 ήθσυς·
1674 4635 1749 4688 μεγα-

141 4697 200 4750 αύτδ
211 4700 287 4750 ποιεῖ·
303 4699 343 4750 θτε
360 4697 402 4768 μέν
415 4696 462 4766 γάρ
476 4696 543 4766 λέγει
562 4697 602 4748 δτε
614 4694 756 4766 ἐδώκαμεν,
769 4696 811 4748 τδν
830 4699 921 4766 χρόνον
964 4693 1069 4765 λόψυχοι
1080 4692 1128 4764 γάρ
1142 4689 1212 4760 ἦσαν.
1226 4694 1305 4747 ΤΟΥ.

141 4776 267 4848 ἐμφαίνει,
277 4777 318 4829 θτε
330 4775 356 4829 δέ
369 4771 437 4828 οῦτοι
451 4775 582 4843 παρόντες,
593 4773 622 4826 τδ
634 4775 773 4844 πρόσωπον.
786 4775 856 4827 ΤΟΥ
860 4819 866 4829 .
1002 4773 1061 4836 500,
1078 4789 1121 4825 21.
1138 4771 1225 4822 Πολλά
1238 4770 1264 4824 δὲ
1276 4771 1405 4841 θαυμάζων
1415 4772 1550 4844 Λεπτίνου]
1564 4769 1611 4825 ἀπδ
1622 4773 1665 4836 τῆς
1678 4773 1747 4826 ποιό-

177 4860 239 4925 499,
253 4871 295 4910 11.
305 4853 356 4921 Τήν
372 4853 476 4915 ἐξέτασιν
486 4849 515 4918 ήν
525 4855 617 4906 δίκαιον
630 4853 784 4924 λαμῦάνειν]
797 4852 851 4906 ἀντί
868 4857 919 4919 τοῦ,
965 4871 1037 4919 τητος
1047 4855 1090 4918 τῆς
1102 4850 1195 4912 πόλεως
1208 4850 1295 4921 μετέόη
1309 4849 1348 4903 ἐπί
1361 4847 1405 4914 τὴν
1415 4853 1533 4917 ποιότητα
1546 4852 1681 4914 Λεπτίνου,
1694 4851 1746 4903 δια-

141 4933 190 4987 έδει
199 4935 338 5004 δοκιμάζειν
350 4931 436 4993 αύτούς
447 4933 511 4986 τότε.
524 4932 594 4986 ΤΟΥ
597 4973 603 4984 .
966 4929 1042 4996 ῦολήν
1057 4930 1199 5000 ποιούμενος
1213 4933 1255 4982 τοῦ
1269 4929 1359 4997 τρόπον
1370 4927 1453 4982 αύτοῦ.
1465 4929 1545 4984 ΤΟΥ.
1660 4926 1662 4934 ’

176 5017 239 5083 499,
258 5013 300 5067 εδ.
313 5011 344 5063 Et
361 5012 383 5062 δ’
397 5005 464 5063 οῦτοι
475 5013 547 5062 τοῦτο
558 5009 692 5080 φήσουσιν]
708 5009 747 5062 ότι
760 5008 867 5075 ἀνάξιοι,
880 5009 921 5062 ού·
1002 5009 1062 5073 ύοο,
1072 5015 1116 5073 ε4.
1129 5007 1223 5078 Ὥσπερ
1235 5008 1264 5059 ἀν
1278 5004 1301 5059 εί
1311 5027 1345 5068 τις
1359 5007 1480 5079 μεγάλας]
1499 5005 1659 5078 Ἀντιστροφή·
1676 5007 1709 5069 ῶς
1718 5007 1747 5060 εδ

140 5092 180 5146 δέν
195 5091 285 5146 κωλύει
303 5096 338 5161 τῷ
350 5089 421 5160 λόγῳ
431 5087 517 5151 αθτοὶις
527 5088 730 5159 ἐπαγγέλλεσθαι.
742 5089 822 5143 ΤΟΥ.
966 5090 1007 5161 (p.
1025 5105 1067 5154 τε,
1082 5093 1128 5156 10)
1145 5110 1156 5138 ι
1175 5088 1204 5139 ἀν
1220 5085 1263 5157 μέν
1284 5087 1331 5138 θσα
1349 5086 1378 5138 ἀν
1391 5105 1426 5148 τις
1439 5085 1503 5158 λάῦῃ
1524 5086 1566 5140 καί
1578 5087 1655 5159 σώσῃ,
1670 5087 1746 5156 μεγά-

139 5229 141 5232 ,
175 5175 239 5242 499,
253 5169 294 5224 15.
310 5169 371 5240 Παρ’
386 5168 446 5222 αθτά
462 5167 629 5239 τάδικήματα]
643 5166 697 5222 ἀντί
710 5171 752 5220 τοῦ
762 5171 920 5240 παραχρῆμα.
970 5189 981 5218 ι
997 5168 1044 5235 λην
1058 5167 1110 5238 ἔχει
1124 5171 1155 5238 τῇ
1176 5165 1238 5240 τύχῃ
1258 5163 1301 5231 τήν
1317 5167 1404 5236 χάριν,
1425 5166 1454 5218 ἀν
1476 5165 1498 5216 δ’
1515 5163 1643 5227 ἀναλώσας
1663 5163 1745 5236 λάθῃ,

252 5275 377 5313 οιιτοιιεε,
389 5275 413 5311 ιι.
1614 5261 1643 5304 ⁴³
