4116 6068
141 354 281 429 (εει-ατε)

137 570 187 649 ἔφη
200 571 244 628 καί
258 568 320 644 πρὸς
333 573 399 645 ὑμᾶς
410 570 503 649 ἀρτίως
513 571 624 650 εἴρηκεν,
639 571 711 638 εἰδὼς
721 572 767 648 μὲν
780 573 915 632 Φίλιππον

136 660 165 716 ἐν
179 660 217 737 τῷ
230 655 338 735 πολέμῳ
351 655 442 714 ούδένα
454 656 559 715 πώποτε
571 657 710 728 Ἀθηναίων
723 659 803 738 λύτρα
817 657 915 738 πραξά-

138 767 226 820 μενον,
238 742 338 800 ἀκούων
355 743 383 800 δὲ
397 747 448 799 τῶν
463 743 560 801 ἐκείνου
579 744 659 823 φίλων
674 743 797 803 ἀπάντων
810 743 849 803 ότι
869 747 913 804 καλ

136 831 196 896 τοὺς
218 829 338 904 λοιπούς,
362 828 407 886 llo
431 829 518 908 εἰρήνη
537 830 657 907 γένηται,
680 831 788 910 ἀρίσει,
812 835 914 892 πολλῶν

136 919 161 974 δ’
174 915 342 995 ἠτυχηκότων
356 917 482 974 τάλαντον
497 915 591 995 φέρων,
602 917 655 982 ἑνὸς
670 918 773 996 ἀνδρός,
784 917 840 976 οὐδὲ
854 918 913 977 τού·

93 1023 122 1059 ευ
135 1026 183 1061 του
198 1003 257 1062 λίαν
272 1002 396 1080 εὐπόρου,
414 1000 491 1059 ἱκανδ
505 1003 595 1079 λύτρα.
638 1003 692 1081 (tot)
709 1003 754 1070 Ὡς
771 1006 794 1061 δ’
807 996 873 1080 ἦμεν
887 1008 913 1062 ἐν

137 1088 291 1167 Μακεδονίᾳ
303 1089 347 1145 καί
361 1088 522 1164 συνήλθομεν
531 1091 566 1154 εἰς
577 1087 670 1146 ταύτὸν
681 1090 725 1147 καὶ
739 1091 874 1150 Φίλιππον
885 1094 914 1150 ἐκ

137 1175 247 1255 Θρᾴκης
257 1176 375 1253 παρόντα
385 1174 590 1252 κατειλήραμεν,
604 1175 750 1251 ἀνεγνώσθη
764 1177 810 1252 μὲν
820 1179 849 1235 τὸ
862 1178 913 1254 ψή-

137 1285 225 1342 φισμα
239 1263 296 1319 καθ’
316 1260 330 1317 θ
346 1261 570 1340 ἕπρεσόεύσαμεν,
592 1260 636 1318 καί
650 1262 683 1320 τά
698 1265 913 1343 προστεταγμίνα

137 1355 204 1424 ἡμῖν
218 1348 281 1428 πρὸς
294 1352 331 1425 τῷ
342 1347 399 1414 τοὺς
412 1346 503 1427 δρκους
516 1347 659 1406 ἀπολαὸεῖν
674 1351 911 1430 συνηριθμούμεθα·

136 1435 215 1501 ὡςδὲ
228 1435 308 1501 οὐδεὶς
320 1433 383 1515 ὑπὲρ
397 1439 448 1493 τῶν
462 1435 589 1514 μεγίστων
602 1435 750 1514 ἐμέμνητο,
763 1438 831 1496 ἀλλά
853 1441 912 1518 περὶ

136 1522 303 1600 πραγμάτων
315 1521 457 1579 ἐλαττόνων
468 1521 515 1592 τὴν
530 1521 664 1601 διατριύὴν
678 1526 826 1600 ἐποιοῦντο,
842 1516 914 1584 εἷπον

93 1623 121 1661 2⁵
137 1607 191 1680 ἐγώ
212 1609 303 1686 λόγους
323 1608 365 1674 οθς
388 1610 529 1684 ἀναγκαῖόν
550 1611 604 1666 ἐστι
623 1609 686 1688 πρθς
706 1615 774 1686 ὑμᾶς
796 1615 913 1691 ῥηθῆναι.

136 1697 201 1776 (rou)
216 1695 269 1754 itai
285 1695 347 1774 πρὸς
363 1697 414 1752 τῶν
427 1699 501 1766 θεῶν,
515 1683 537 1752 ώ
549 1694 689 1768 Ἀθηναῖοι,
706 1694 794 1776 ὥσπερ
807 1697 852 1755 καλ
867 1702 913 1770 τῆς

135 1782 295 1861 κατηγορίας
312 1781 443 1851 ἠκούσατε
456 1785 490 1848 ὡς
509 1780 584 1848 αὐτὸς
603 1785 617 1840 ὁ
636 1781 777 1863 κατήγορος
793 1783 912 1842 ἀθούλετο

135 1872 229 1939 εἰπεῖν,
250 1867 317 1926 οὕτω
333 1866 378 1925 καί
398 1871 443 1938 τῆς
464 1865 604 1943 ἀπολογίας
626 1867 754 1932 εὐτάκτως
769 1867 910 1946 ἀκούσατε,

135 1957 183 2014 καὶ
193 1955 235 2013 τθν
248 1954 325 2013 αὐτόν
335 1977 379 2030 μοι
390 1953 483 2032 τρόπον
498 1951 645 2030 διαμείνατε
658 1951 736 2032 όνπερ
752 1953 777 2021 ἐξ
792 1958 873 2034 ἀρχῆς
886 1959 912 2014 ἐν

134 2045 191 2107 τοῖς
202 2039 394 2120 προειρημένοις
408 2039 458 2110 ἤδη
470 2038 554 2116 λόγοις
566 2042 704 2116 ἠκροᾶσθε.
757 2039 846 2120 Ὅπερ
862 2041 912 2124 γὰρ

135 2127 184 2184 καὶ
194 2127 287 2204 ἀρτίως
296 2125 436 2201 ὑπεθέμην,
446 2115 467 2182 d
478 2124 620 2200 Ἀθηναῖοι,
631 2115 701 2183 εἶπον
712 2127 911 2205 συνειλεγμένων

135 2216 189 2270 τῶν
198 2211 331 2290 πρέσὸεων
341 2209 380 2268 ὅτι
389 2234 433 2287 μοι
442 2209 579 2282 δοκοίησαν
589 2209 619 2269 πθ
627 2211 746 2288 μέγιστον
756 2213 911 2293 πρόσταγμα

90 2317 119 2354 ευ
134 2305 182 2357 τοῦ
204 2298 288 2376 δήμου
307 2300 395 2363 δεινῶς
417 2300 527 2374 ἀγνοεῖν.
570 2297 631 2376 (loa)
650 2326 661 2352 ι
676 2299 715 2359 Τὸ
730 2300 776 2375 μὲν
791 2300 841 2381 γάρ
854 2301 912 2370 τοὺς

134 2381 228 2462 ὅρκους
242 2382 383 2440 ἀπολαὸεἷν
398 2381 443 2439 καὶ
456 2383 575 2461 περὶτῶν
588 2381 674 2441 ἄλλων
688 2384 854 2462 διαλεχθῆναι
868 2389 911 2446 καὶ

134 2471 199 2550 περὶ
212 2473 263 2526 τῶν
284 2467 459 2547 αἰχμαλώτων
481 2469 571 2544 εἰπεῖν,
595 2467 644 2526 κᾶν
666 2472 688 2527 εἰ
705 2469 764 2537 τοὺς
782 2474 911 2550 ὑπηρέτας

135 2557 253 2635 ἔπεμψεν
272 2561 289 2626 ἡ
308 2557 382 2622 πόλις
400 2561 534 2634 περιθεῖσα
554 2555 640 2614 πίστιν
655 2559 757 2634 αὐτοῖς,
774 2557 867 2616 ἅπαντ’
881 2559 912 2616 ἀν

135 2647 287 2720 πραχθῆναι
300 2643 405 2718 νομίζω·
419 2643 448 2701 τδ
462 2643 489 2700 δὲ
504 2642 568 2721 ὑπὲρ
577 2645 627 2700 τῶν
637 2640 704 2700 ὅλων
713 2645 792 2723 ὀρθῶς
806 2645 912 2720 βουλεύ-

136 2733 234 2786 σασθαι
242 2726 293 2788 όσα
303 2729 360 2786 καθ’
371 2733 439 2806 ἡμᾶς
451 2731 519 2786 ἐστιν
530 2727 547 2798 ἢ
563 2728 709 2806 Φίλιππον,
724 2735 799 2787 τοῦτο
809 2729 858 2801 ἤδη
869 2729 911 2810 lp-

134 2839 184 2894 γον
196 2815 249 2872 ἐστὶ
259 2815 393 2894 πρίσύεων
403 2815 540 2896 ρρονίμων.
551 2813 626 2890 Λόγω
637 2813 664 2873 δί
675 2843 685 2865 ν
696 2815 760 2894 ἔρην
771 2814 823 2892 ἐγώ
833 2843 844 2868 ν
854 2817 913 2896 περὶ

135 2905 185 2972 τῆς
205 2904 240 2968 εἷς
258 2902 348 2968 Πύλας
366 2901 514 2980 στρατείας,
536 2899 571 2971 ,ἣν
586 2904 661 2980 ὁρᾶτε
683 2891 761 2958 οὖσαν
778 2903 804 2958 ἐν
826 2924 912 2978 παρα-

89 3001 119 3038 ³⁶
135 2991 230 3066 σκευῇ.
244 2987 307 3049 Ὅτι
317 2989 343 3046 δὲ
351 2991 380 3046 οὗ
391 2992 477 3053 κακῶς
487 2987 647 3065 στοχάζομαι
655 2985 714 3065 περὶ
725 2993 769 3045 τοῦ
783 2986 913 3064 πράγμα-

134 3098 196 3146 τος,
210 3075 311 3152 μεγάλα
326 3076 423 3134 τούτων
437 3075 497 3150 ὑμῖν
512 3077 609 3150 σημεῖα
624 3073 705 3140 δείξω.
729 3074 786 3149 (tot)
802 3074 913 3150 Πάρεισι

136 3159 189 3238 μὲν
201 3161 250 3239 γὰρ
260 3161 396 3233 Θηύαίων,
410 3160 502 3232 ἥκουσι
518 3159 544 3216 δὲ
559 3159 770 3233 Λακεδαιμονίων
784 3159 912 3237 πρέσύεις,

135 3249 269 3329 ἀφίγμεθα
280 3249 301 3305 δ’
310 3250 385 3324 ἡμεῖς
396 3247 497 3327 ἔχοντες
505 3253 550 3304 τοῦ
560 3244 643 3321 δήμου
655 3246 792 3326 ψήφισμα,
803 3251 829 3305 ἓν
840 3239 912 3329 ᾧγί-

135 3359 277 3413 γραπταιε
289 3336 410 3414 πράττειν
425 3333 452 3390 δὲ
469 3333 527 3399 τοὺς
546 3333 665 3411 πρέσόεις
675 3333 719 3391 καί
733 3332 792 3391 ἀλλ’
808 3335 824 3391 ὅ
838 3358 862 3392 τι
883 3334 913 3394 ἀν

135 3421 266 3480 δύνωνται
274 3421 396 3498 ἀγαθόνν
408 3419 518 3486 ἅπαντες
527 3419 554 3476 δὲ
562 3422 585 3478 οἱ
596 3417 725 3489 Ἕλληνες
738 3419 801 3498 πρὸς
810 3420 839 3478 τὸ
852 3421 912 3496 με’λ·

134 3511 185 3566 λον
199 3505 301 3565 ἔσεσθαι
322 3508 470 3586 βλέπουσιν.
511 3509 544 3566 Εἰ
566 3505 612 3582 μὲν
634 3497 676 3563 οάν
698 3509 785 3582 ἠγεῖτο
805 3509 913 3584 θδῆμος

135 3597 211 3673 αὑτῷ
222 3595 306 3659 καλῶς
318 3594 386 3672 ἔχειν
401 3593 538 3669 ἐξενεγκεῖν
550 3590 615 3667 μετά
627 3591 773 3669 παρρησίας
786 3593 847 3671 πρὸς
863 3595 912 3652 ‹ht-

132 3685 251 3752 λιππον,
268 3679 394 3750 Θηὸαίων
406 3681 453 3758 μὲν
461 3681 588 3758 περιελεῖν
601 3676 648 3746 τὴν
658 3677 742 3756 ύύριν,
757 3681 875 3736 Βοιωτῶν
885 3678 912 3736 δὲ

88 3780 119 3818 ⁴⁰
134 3769 285 3837 ἀναστῆσαι
294 3768 327 3824 τά
336 3767 420 3845 τείχη,
429 3769 501 3824 ταῦτ’
513 3765 543 3823 ἂν
553 3763 662 3834 ἠξίωσεν
672 3767 698 3820 ἀν
708 3767 745 3841 τῷ
754 3763 912 3844 ψηφίσματι·

133 3859 183 3910 νῦν
194 3849 223 3911 δὲ
238 3857 323 3920 αὑτοῖς
335 3855 382 3928 μὲν
394 3853 533 3911 κατελιπον
549 3851 596 3922 τὴν
613 3853 649 3916 εἷς
662 3849 691 3906 τὸ
704 3849 798 3929 ἀρανθς
813 3856 912 3929 ἀναρο·

135 3939 197 4018 ράν,
210 3938 240 3998 διν
255 3940 292 4016 μή
304 3963 329 3997 τι
340 3939 470 4010 πείθωσιν,
483 3941 508 3995 ἐν
521 3943 582 4013 ἡμῖν
597 3934 624 3994 δὲ
640 3933 844 3994 ἀποκινδυνεύειν
859 3936 911 4016 ᾠή·

133 4031 221 4096 θησαν
232 4029 292 4087 δεῖν.
308 4029 364 4103 (νου)
380 4028 427 4086 Δεῖ
439 4025 470 4095 δὴ
482 4026 539 4090 τοὺς
554 4023 617 4102 πρὸς
629 4021 662 4079 εδ
676 4021 749 4079 κοινά
764 4024 911 4100 φιλοτιμου-

135 4111 229 4188 μ-ίνους
243 4113 281 4188 pi,
297 4112 416 4191 κατέχειν
433 4111 478 4189 μὲν
491 4112 582 4188 ἑτέρων
603 4107 692 4187 χώραν
708 4106 854 4186 πρίσύεων,
870 4111 913 4178 οθς

135 4197 198 4269 ἐξῆν
209 4199 320 4276 πέμπειν
331 4199 385 4257 ἀνθ’
396 4203 470 4275 ἡμῶν
483 4195 639 4268 Ἀθηναίους,
651 4191 742 4258 αὐτούς
754 4191 780 4250 δὲ
792 4193 838 4259 τάς
850 4195 912 4272 πρὸς

93 4284 273 4355 4ῗθηύαίους
287 4285 425 4364 ἀπεχθείας
440 4285 549 4365 ρεύγειν,
559 4275 593 4340 ὧν
609 4271 644 4345 εἷς
653 4277 689 4338 ών
700 4279 910 4353 Ἐπαμινώνδας,

136 4374 191 4450 οὐχ
205 4371 353 4442 ιἰποπτάξας
366 4373 395 4429 τδ
410 4375 460 4430 τῶν
479 4368 618 4440 Ἀθηναίων
634 4365 750 4441 ἀξίωμα,
771 4357 828 4424 είπε
841 4369 913 4446 διαρυ

136 4459 222 4540 ρτίάην
233 4461 259 4516 ἕν
275 4464 312 4538 τῷ
326 4459 417 4529 πλήθει
434 4461 485 4515 τῶν
499 4455 625 4527 Θηόαίων
637 4455 671 4519 ὣς
682 4455 721 4510 δεῖ
734 4452 768 4510 τδι
781 4457 826 4524 τῆς
840 4455 912 4528 Ἀθη.

134 4545 218 4604 ναίων
230 4547 393 4624 ἀκροπολεως
406 4543 555 4624 προπύλαια
568 4549 728 4620 μετενεγκεῖν
741 4543 776 4606 εἶς
788 4541 834 4611 τὴν
849 4567 912 4625 προ-

133 4632 248 4692 στασίαν
261 4639 307 4704 τῆς
322 4633 464 4710 Καδμείας.
479 4660 491 4683 υ
534 4633 592 4708 (τινα)
605 4633 695 4688 Ταῦτα
708 4629 730 4685 δ’
744 4629 807 4703 ἐμοῦ
818 4631 912 4706 μεταξὺ

132 4719 255 4798 λέγοντος
275 4720 375 4802 ἀναὸοᾷ
395 4717 559 4797 παμμέγεθες
582 4714 764 4788 Δημοσθένης,
789 4719 823 4781 ὡς
842 4717 913 4776 ἴσασι

94 4825 109 4862 a
132 4808 233 4873 πάντες
244 4810 267 4866 οἱ
282 4807 456 4886 συμπρέσάεις
467 4809 541 4883 ἡμῶν
551 4830 557 4842 ·
570 4804 615 4862 καὶ
626 4801 676 4880 γάρ
690 4800 753 4878 πρὸς
764 4805 816 4868 τοῖς
827 4803 914 4872 ἀλλοις

132 4903 228 4961 κακοῖς
242 4895 395 4971 βοιωτιάζει.
434 4885 488 4954 Ἦν
503 4895 525 4952 δ’
545 4883 588 4950 οδν
600 4912 654 4968 παρ
678 4910 755 4944 αυτου
771 4890 869 4948 τοιαυτί
880 4891 913 4950 τά

497 355 683 416 AEsclllltls
702 358 763 417 oh.
791 359 840 416 DE
859 359 964 420 MAtu
985 363 1104 424 GESTA
1126 367 1352 428 LEGATIONE.
1693 386 1725 435 at

139 487 198 560 (too)
223 483 380 560 Ἐπορεύετο
401 483 428 542 δὲ
442 485 581 560 λυσόμενος
596 485 654 550 τοὺς
668 485 866 564 αἰχμαλώτους,
881 490 916 554 ὡς

960 503 1040 550 autem
1052 501 1171 563 captivos,
1184 505 1211 552 ut
1220 505 1306 568 aiehat,
1314 508 1493 569 redempturus,
1501 511 1528 558 ut
1536 511 1606 559 modo
1615 513 1678 574 apud
1690 527 1734 562 ros

960 594 1191 658 etiamditit,quum
1199 599 1283 659 sciret,
1303 601 1464 664 Philippum
1482 605 1577 654 nemine
1597 603 1743 666 Atheniensi

959 687 1053 748 captivo
1061 689 1162 750 pretium
1170 703 1276 754 uuqsram
1286 695 1425 755 postulasse,
1432 698 1457 744 et
1467 710 1497 745 ex
1511 697 1734 758 ejusemicisomni-

960 778 1004 828 hus
1015 780 1121 842 audiret,
1132 796 1186 832 eum
1196 785 1268 834 etism
1278 785 1396 850 reliquos,
1406 801 1464 849 pate
1475 788 1551 850 iacta,
1563 790 1732 854 dimissurum

959 877 1064 934 etquurn
1072 878 1141 926 multi
1149 891 1178 928 ea
1186 879 1321 929 calamitate
1327 882 1455 930 coniiietoli
1463 890 1548 944 essent,
1560 884 1733 936 terebattalen·

959 971 1010 1018 tum
1021 983 1068 1032 quo
1079 971 1121 1022 vix
1129 986 1190 1022 unus
1198 977 1244 1034 atr,
1254 987 1299 1024 nec
1309 975 1327 1024 is
1336 975 1464 1026 admodum
1476 979 1588 1040 locuples,
1599 980 1684 1028 redimi
1693 995 1732 1043 po·

959 1065 1050 1116 tuisset.
1069 1069 1132 1129 (tot)
1143 1071 1264 1119 uranum
1283 1071 1477 1122 inhtaeedouiam
1496 1075 1618 1132 verrimus,
1635 1090 1731 1125 accou-

958 1163 1029 1224 gressi
1040 1177 1136 1224 sumus,
1146 1169 1170 1214 et
1180 1166 1314 1229 Philippum
1321 1181 1352 1216 eu
1361 1168 1461 1217 Thracio
1475 1183 1596 1218 reversum
1603 1170 1732 1232 deprehen·

959 1256 1050 1313 dimus,
1061 1261 1184 1308 recitatum
1192 1259 1365 1323 estdecretum,
1376 1276 1407 1312 ex
1417 1277 1464 1325 quo
1474 1265 1543 1326 legati
1553 1266 1616 1313 missi
1627 1280 1731 1326 erasnm,

959 1353 983 1400 et
994 1365 1048 1414 qum
1056 1353 1080 1400 in
1092 1353 1209 1404 mandatis
1220 1369 1387 1418 acceperamus
1395 1357 1425 1407 de
1436 1359 1590 1420 iureiurando
1601 1362 1731 1422 exigendo,

959 1447 1157 1496 enumeravimus.
1172 1451 1254 1506 Quium
1267 1453 1347 1499 eutem
1361 1455 1519 1502 maximarum
1536 1467 1616 1503 rerum
1633 1457 1731 1504 utentio-

959 1551 1012 1587 nem
1034 1539 1127 1588 iecisset
1146 1553 1228 1601 nemo,
1247 1541 1287 1590 sed
1306 1543 1336 1591 ‹le
1355 1545 1426 1594 rebus
1444 1547 1611 1596 urinutiorihus
1630 1549 1731 1609 egissent

958 1645 1054 1694 omnes,
1063 1635 1195 1684 orationem
1203 1648 1245 1698 ego
1254 1637 1336 1694 habiri,
1346 1651 1418 1700 quam
1429 1653 1523 1688 noemae
1532 1642 1634 1703 estapud
1642 1657 1684 1692 vos
1692 1657 1731 1691 ex·

959 1726 1023 1786 poni.
1039 1725 1104 1788 (toa)
1115 1729 1228 1777 ohtestor
1241 1733 1321 1779 atatem
1331 1743 1386 1791 tos,
1403 1733 1563 1792 Athenienses,
1577 1736 1731 1795 quemammo-

957 1818 1015 1868 dum
1025 1820 1198 1870 accusationem
1208 1821 1339 1883 audivistis,
1352 1825 1377 1872 nt
1386 1825 1433 1885 ipse
1441 1829 1565 1874 aecusator
1576 1829 1648 1876 verba
1657 1830 1732 1878 lacera

958 1912 1048 1971 voluit,
1057 1911 1091 1961 ita
1099 1913 1170 1962 etiam
1180 1913 1339 1964 defensionem
1352 1915 1452 1965 audiatis
1461 1917 1545 1967 ordine
1553 1919 1684 1982 oaslourque
1693 1926 1731 1972 at·

958 2008 1063 2056 tentione
1074 2021 1170 2070 operam
1186 2009 1244 2058 mihi
1255 2009 1324 2070 detis,
1343 2012 1519 2072 quiasuperiora
1534 1991 1664 2065 au'diristis.
1679 2019 1732 2066 hird

957 2104 1028 2165 mrim,
1039 2107 1065 2154 ut
1074 2105 1145 2154 modo
1154 2107 1234 2168 posui,
1247 2106 1415 2168 Athenienses,
1426 2109 1449 2158 in
1459 2114 1578 2160 conventu
1588 2113 1732 2177 legatomm,

957 2213 997 2248 eos
1006 2201 1063 2248 mihi
1076 2203 1139 2251 visos
1147 2203 1353 2264 essepraeeipoum
1365 2207 1447 2266 populi
1460 2208 1552 2268 jtrssum
1562 2213 1659 2262 omnino
1667 2215 1733 2276 igno·

958 2307 1017 2344 rare.
1031 2296 1094 2355 (10³)
1106 2315 1117 2338 ε
1128 2299 1187 2346 ham
1196 2297 1363 2358 jusjurandum
1375 2300 1478 2364 exigere,
1493 2305 1517 2352 et
1528 2305 1611 2354 ceteris
1622 2307 1652 2357 de
1664 2310 1734 2360 rebare

957 2404 1037 2452 agere,
1056 2393 1080 2440 et
1097 2391 1127 2440 de
1143 2393 1243 2454 captiuis
1258 2394 1351 2456 eloqui,
1367 2397 1468 2448 etiamsi
1481 2400 1599 2450 ministros
1617 2404 1673 2452 urhe
1691 2406 1733 2454 mi.

956 2482 1102 2543 sisset,data
1118 2485 1314 2548 ornumornum,
1332 2488 1366 2538 illi
1383 2469 1493 2540 videntur
1504 2493 1560 2541 milri
1578 2507 1628 2544 rem
1637 2511 1733 2548 omnem

958 2574 1028 2622 luisse
1045 2575 1174 2625 coniectari
1196 2597 1201 2626 ε
1222 2591 1324 2628 summae
1342 2583 1422 2630 eutem
1434 2595 1513 2632 rerum
1528 2587 1592 2634 reete
1601 2590 1732 2652 constitere,

957 2671 1074 2730 quahnus
1096 2683 1132 2720 ee
1154 2671 1184 2720 ad
1204 2685 1247 2721 nos
1267 2675 1309 2722 aut
1330 2675 1463 2737 Philippum
1488 2679 1607 2738 attinent,
1629 2682 1652 2729 id
1675 2689 1733 2733 vero

957 2763 1109 2814 cordatorum
1120 2767 1252 2827 legatorum
1263 2779 1352 2816 mutnus
1364 2771 1407 2817 est.
1449 2770 1612 2836 vincentem,
1625 2776 1732 2838 inquam,

957 2860 987 2910 de
1007 2861 1169 2923 expeditione,
1186 2875 1259 2924 quam
1281 2864 1305 2911 in
1326 2865 1395 2926 Pylas
1412 2868 1521 2928 apparari
1540 2869 1638 2934 ridetis,
1659 2875 1732 2934 atque

957 2954 1079 3004 ostendam
1097 2955 1165 3005 vobis
1190 2969 1275 3018 magna
1301 2957 1381 3020 signa,
1403 2959 1465 3009 unde
1485 2961 1634 3024 intelligatis,
1654 2979 1692 3014 me
1704 2981 1732 3014 ea

958 3047 989 3096 de
999 3061 1025 3098 re
1041 3061 1088 3097 nnn
1105 3048 1168 3097 male
1187 3049 1328 3110 coniectare.
1363 3051 1428 3114 (tot)
1450 3057 1510 3104 Nam
1522 3059 1546 3104 et
1566 3057 1732 3108 Thebanorum
1797 3047 1798 3052 ¹

958 3145 1030 3205 legati
1053 3143 1153 3206 adsunt,
1173 3147 1197 3194 et
1225 3145 1462 3197 Lacedaemoniorum
1479 3150 1626 3212 adventant,
1643 3157 1667 3204 et
1689 3169 1733 3206 nos

958 3249 986 3285 eu
996 3235 1117 3300 plebiscito
1124 3235 1277 3298 advenimus,
1288 3237 1313 3286 ln
1324 3239 1494 3302 quoscriptum
1505 3244 1552 3301 est,
1564 3245 1643 3306 Legati
1652 3250 1732 3296 autem

958 3333 1072 3394 quicquid
1085 3337 1197 3395 praeterea
1211 3334 1267 3384 boni
1281 3338 1392 3398 possunt,
1411 3340 1508 3398 agunto.
1557 3343 1647 3392 Omnes
1661 3356 1733 3404 porro

958 3429 1034 3478 Graeci
1044 3431 1219 3491 exspectatione
1228 3433 1329 3481 eventus
1335 3433 1391 3480 sunt
1401 3434 1515 3495 suspensi.
1532 3436 1620 3492 Quodsi
1632 3439 1733 3500 populus

958 3536 982 3572 se
993 3522 1077 3572 decere
1085 3523 1213 3574 censuisset
1222 3561 1228 3583 ,
1238 3524 1312 3573 libere
1324 3525 1347 3574 in
1359 3525 1455 3575 decreto
1467 3529 1629 3592 promulgare,
1642 3535 1669 3580 ut
1680 3535 1732 3583 Phi·

958 3615 1036 3678 lippus
1053 3616 1220 3666 Thebanorum
1234 3616 1382 3665 insolentiam
1401 3623 1575 3679 compesceret,
1591 3625 1616 3670 et
1632 3625 1734 3674 aeetias

958 3709 1067 3758 civitates
1078 3707 1201 3766 instauret,
1212 3707 1263 3756 haee
1275 3707 1300 3755 in
1309 3707 1404 3756 decreto
1412 3709 1528 3770 petiisset:
1538 3724 1602 3760 nunc
1611 3710 1634 3762 id
1643 3715 1686 3764 sibi
1695 3731 1732 3765 re·

959 3802 1040 3864 liquit,
1051 3803 1078 3850 ut
1086 3813 1136 3850 rem
1146 3800 1176 3849 ad
1185 3801 1302 3849 incertum
1312 3803 1424 3850 eventurn
1434 3803 1521 3852 reterre
1533 3805 1620 3866 pessit,
1630 3806 1649 3856 si
1659 3807 1729 3870 legati

958 3907 1004 3942 non
1018 3892 1191 3954 persuaserint,
1203 3895 1284 3941 nostro
1291 3894 1371 3941 autem
1382 3893 1487 3955 periculo
1498 3909 1548 3943 rem
1564 3897 1732 3958 explorandam

957 3991 1056 4040 censerit.
1089 3990 1152 4051 (105)
1164 3991 1237 4038 Decet
1250 3991 1321 4052 igitur
1332 4003 1385 4050 eos,
1399 3991 1440 4052 qui
1454 4005 1522 4040 suam
1536 3992 1678 4044 industriam
1685 3998 1733 4046 rei·

958 4089 1059 4152 publice
1068 4089 1193 4151 probatam
1204 4089 1318 4149 cupiunt,
1329 4101 1376 4136 non
1386 4102 1469 4138 eorum
1477 4089 1607 4151 legatorum
1617 4105 1733 4156 occupare

958 4190 1055 4248 loetum,
1070 4200 1131 4248 quos
1149 4185 1332 4235 Atheniensibus
1342 4188 1425 4233 nostro
1439 4185 1492 4236 loco
1505 4187 1599 4236 mittere
1615 4189 1731 4254 licuisset;

958 4307 1001 4343 nos
1017 4294 1079 4354 ipsos
1091 4293 1171 4340 autern
1194 4289 1270 4337 vitare
1288 4289 1443 4338 offensionem
1461 4289 1636 4338 Thebanorum.
1669 4293 1730 4348 Quo·

958 4407 1011 4442 rum
1026 4405 1089 4441 unus
1102 4388 1277 4453 Epaminondas
1288 4387 1424 4450 imperator,
1439 4401 1487 4438 non
1498 4389 1637 4450 perterritus
1648 4392 1726 4438 aucto·

958 4492 1028 4540 ritate
1051 4487 1244 4546 Atheniensium,
1260 4485 1324 4548 apud
1342 4483 1467 4534 Thebanos
1486 4484 1563 4544 dixit,
1585 4485 1733 4536 Atheniensis

958 4589 1018 4639 arcis
1037 4589 1156 4651 propylma
1178 4583 1341 4634 transferenda
1360 4595 1411 4632 esse
1430 4583 1459 4632 ad
1482 4583 1592 4633 &dmum
1610 4583 1733 4643 frontispi-

959 4689 1031 4738 cium.
1045 4708 1056 4730 υ
1070 4687 1134 4747 (too)
1151 4687 1207 4734 llaec
1216 4683 1541 4744 medicante,marimevoee
1554 4682 1673 4730 exclamat
1684 4685 1733 4731 Do-

959 4785 1101 4841 mosthene,
1122 4785 1147 4830 ut
1159 4782 1238 4830 sciunt
1253 4793 1335 4830 omnes
1351 4779 1448 4840 collegae
1462 4798 1467 4825 :
1482 4791 1537 4826 narn
1556 4780 1643 4838 prater
1655 4780 1735 4828 cetera

958 4881 1034 4939 mala,
1047 4879 1117 4928 etiarn
1129 4877 1226 4928 Boeotiis
1238 4877 1309 4925 iavet.
1319 4879 1376 4925 llaec
1385 4887 1442 4924 vero
1458 4874 1488 4922 ab
1498 4873 1543 4922 isto
1555 4873 1732 4924 atterebantur:

131 4981 275 5059 λεγόμενα·
287 5009 298 5033 e·
312 4980 456 5048 Ἄνθρωπος
467 4981 553 5039 οθτοσὶ
565 4981 682 5056 ταραχῆς
697 4973 741 5031 καί
751 4975 848 5050 τόλμης
858 4979 912 5036 ἐστὶ
960 4995 970 5020 ι
985 4979 1062 5026 llomo
1072 4975 1116 5023 iste
1124 4975 1158 5022 est
1171 4972 1288 5022 tumultus
1302 4971 1441 5022 aaronem
1452 4971 1543 5034 plenus.
1562 4973 1610 5032 Ego
1625 4984 1683 5019 vero
1694 4984 1733 5020 me

131 5041 246 5148 μεστός·
263 5067 314 5145 ἐγὼ
334 5068 361 5126 δὲ
374 5043 500 5147 1ὁμολογῶ
519 5065 635 5146 μαλακὸς
654 5053 720 5120 εἶναι
738 5059 913 5124 sciciderit
960 5075 1034 5162 fateor
1041 5071 1231 5134 essemollem,;ct
1239 5069 1353 5132 pericula,
1363 5068 1497 5119 etiamdum
1504 5067 1673 5138 longeahsrrnt‚
1682 5081 1732 5130 per·

246 5182 423 5217 opimum-r.
439 5184 462 5219 ιι.
723 5177 727 5184 ’
1617 5169 1629 5204 ε
