3934 6350
674 464 738 524 ΚΧ.
764 463 866 524 ΠΡΟΣ
887 463 1093 523 ΛΕΠΤΙΝΗΝ.
1628 477 1687 530 849

63 596 142 742 {apg
156 596 212 731 τήΓχ
212 596 296 728 χρείαν
311 594 355 662 τήν
369 594 452 666 πρᾶξιν
467 594 661 666 ἀποδεχόμενοι,
676 595 721 646 κάν
731 594 815 656 ὁποῖός
827 613 866 656 τις
911 594 936 647 ἐν
953 594 1100 724 κακῇάπρόλει
1118 593 1161 690 έγα
1181 590 1244 724 εἵίναι
1258 593 1366 743 ξρρρροχ,
1380 593 1420 646 διδ
1440 599 1513 740 τρῦχο
1527 593 1695 728 είρηκδεδτρλεί.

86 699 151 749 ν..
240 714 248 730 .
912 693 994 734 στους·
1027 687 1258 742 ρστουςοε,νατ
1319 677 1454 746 νγτοῦπ
1504 693 1589 738 ους,τ
1652 679 1695 742 τῆς

110 761 185 824 474,
202 761 243 808 τό.
260 753 337 808 Ὅταν
353 753 396 825 μὲν
411 748 455 806 οὐν
468 749 495 807 εὐ
506 754 630 824 πάσχειν]
645 753 810 824 Συμπέρασμα
822 756 865 805 τοῦ
912 751 1006 822 ἀρετῆς.
1018 752 1096 804 TCV.

66 833 261 905 ἐνθυμήματος.
299 833 451 904 Παρενίθαλε
470 835 496 886 δέ
519 837 595 886 ταῦτα
608 831 641 894 είς
666 833 738 904 μέσον
757 835 801 884 τοῦ
825 851 867 902 με·
947 834 1013 899 477,
1033 847 1072 882 12.
1092 829 1192 900 Πρῶτον
1206 829 1250 900 μέν
1263 830 1344 882 τοίνυν
1357 829 1474 901 Κόνωνα]
1491 829 1547 884 ‘Aah
1559 837 1607 884 τῶν
1621 832 1694 894 ξένων

67 913 190 982 μνῆσθαι
197 919 245 965 τῶν
259 911 401 982 εὐεργετῶν,
412 912 456 964 ἵνα
467 910 499 984 μὴ
512 911 594 972 ύπτιος
604 911 646 964 καί
656 909 791 981 προσκορής
801 909 865 962 όλό-
912 908 1042 980 ἀρξάμενος
1053 907 1093 962 ἐπί
1105 908 1147 961 τόν
1162 909 1216 978 περί
1227 914 1275 961 τῶν
1288 907 1394 962 πολιτῶν
1407 908 1511 975 ἐλήλυθε
1521 910 1598 981 λόγον
1609 932 1614 942 ·
1628 918 1695 982 πρῶ·

65 1010 118 1060 γος
134 992 247 1060 γένηται.
262 991 340 1043 TCV.
912 1007 954 1040 τον
967 987 1018 1058 μέν,
1030 986 1074 1039 ἵνα
1084 985 1149 1058 δείξῃ
1159 986 1188 1038 τδ
1197 986 1291 1052 πλῆθος
1299 992 1348 1039 τῶν
1357 985 1402 1038 οὐκ
1411 986 1539 1058 ἐγχωρίων
1551 988 1693 1059 εὐεργετῶν,

109 1073 185 1137 474,
202 1086 242 1139 ¹9·
262 1067 336 1120 Ἀλλί
351 1066 380 1133 νὴ
392 1068 437 1120 Δία
456 1061 524 1120 οὐτοι
538 1067 626 1139 μόνοι]
640 1066 664 1120 οί
684 1064 785 1128 ἀναξίως
800 1065 867 1136 εὐρη·
912 1067 953 1119 καί
968 1068 1032 1120 όσων
1045 1065 1070 1119 ἐν
1088 1066 1161 1136 χρείᾳ
1173 1067 1261 1136 γέγονε
1280 1064 1352 1127 ξένων
1369 1067 1436 1118 ποτέ.
1475 1065 1518 1128 Εἷς
1537 1067 1563 1120 δὲ
1576 1074 1625 1120 τῶν
1637 1069 1695 1122 δέκα

69 1149 149 1218 μένοι
161 1146 207 1212 τήν
220 1146 339 1202 ἀτέλειαν.
351 1147 380 1202 Ρ.
911 1151 1054 1216 στρατηγῶν
1071 1145 1135 1198 ἐστιν
1152 1140 1239 1209 οὐτος,
1258 1143 1396 1214 [Τιμοθέου]
1418 1140 1508 1214 πατήρ,
1529 1141 1558 1197 οὐ
1574 1147 1694 1217 μέμνηται

111 1231 185 1295 474,
201 1230 245 1290 α4.
261 1225 306 1277 Ἓν
318 1223 344 1278 δέ
357 1225 426 1290 ήδύο
441 1223 517 1285 δείξας
531 1223 568 1276 έτι
581 1223 738 1294 ψηφίσματα]
752 1221 865 1292 περὶτῶν
911 1227 953 1278 καί
972 1224 1061 1286 ἐντοῖς
1076 1224 1244 1286 Φιλιππικοῖς.
1282 1223 1311 1275 Τί
1327 1222 1418 1288 δήποτε
1432 1223 1458 1276 δέ
1475 1223 1517 1276 τδν
1536 1225 1638 1278 Κόνωνα
1651 1232 1695 1280 τοῦ

68 1305 153 1367 ξένων
172 1307 258 1376 φησίν·
278 1303 359 1369 ἐπειδή
376 1303 511 1375 πάμπολλοι
531 1303 612 1374 ἐφεξῆς
623 1303 676 1374 ἐρεῖ
687 1301 741 1373 περλ
760 1307 809 1355 τῶν
821 1319 865 1355 πο-
911 1305 1016 1376 Καόρίου
1025 1303 1241 1375 προέταξεςκαίτοι
1253 1303 1307 1373 περί
1318 1301 1411 1355 ἐκείνου
1419 1305 1465 1364 πᾶς
1474 1297 1610 1374 ήνόλόγος
1619 1305 1693 1377 αὐτῷ.

69 1385 154 1438 λιτῶν
170 1385 298 1448 ἐξετάζων.
312 1385 393 1439 TCV.
911 1387 1020 1456 Δέγομεν
1037 1384 1064 1438 δέ
1075 1385 1113 1437 ὅτι
1125 1382 1279 1437 ύπωπτεύετο
1289 1383 1322 1444 ῶς
1333 1381 1373 1433 διίε
1391 1381 1434 1434 τόν
1446 1381 1499 1434 υίδν
1513 1381 1587 1434 αὐτοῦ
1603 1382 1695 1455 ἠγωνί-

112 1468 183 1534 474,
198 1465 243 1518 25.
257 1464 336 1515 Τοῦτο
347 1462 389 1534 μέν
399 1463 480 1515 τοίνυν
493 1461 613 1532 θασίους]
631 1461 710 1522 θάσος
721 1458 867 1528 καταντικρύ
911 1465 967 1523 ζετο
978 1463 1020 1516 καί
1037 1461 1065 1515 οὐ
1077 1461 1117 1514 διίι
1134 1461 1163 1514 τδ
1178 1462 1297 1532 συμφέρον
1310 1464 1352 1527 τῆς
1362 1460 1472 1525 πόλεως,
1484 1461 1525 1512 καί
1539 1465 1571 1532 τῇ
1583 1465 1657 1534 μητρί
1668 1485 1695 1534 γε

71 1547 121 1609 τῆς
136 1544 249 1614 θρᾴκης,
262 1545 322 1596 ὅπου
331 1539 361 1608 ήν
374 1541 415 1593 καί
426 1539 456 1592 τά
469 1539 580 1610 μέταλλά
588 1557 646 1593 ποτε
658 1543 706 1592 τῶν
724 1536 863 1604 Ἀθηναίων.
911 1542 1000 1608 αὐτοῦ,
1016 1545 1049 1604 ὣς
1064 1561 1137 1612 φασι,
1155 1545 1240 1607 συνῆν.
1278 1540 1333 1594 Ἵνα
1352 1536 1395 1593 οὐν
1409 1539 1442 1611 μὴ
1456 1540 1566 1608 ἐπίτηδες
1582 1543 1639 1615 δόξῃ
1654 1546 1696 1598 καί

76 1621 228 1688 Ἰόπανήλθε
242 1621 268 1674 δέ
285 1620 317 1683 είς
330 1619 360 1672 τά
372 1619 480 1690 ὁμογενῆ
493 1623 541 1670 τῶν
562 1617 768 1689 ἐπιχειρημάτων,
784 1615 825 1668 καί
838 1617 866 1669 τδ
910 1623 991 1692 ῶσπερ
1012 1621 1038 1675 ἐκ
1053 1622 1222 1692 συντάγματος
1242 1618 1315 1673 αὐτόν
1334 1620 1474 1690 προφέρειν,
1500 1619 1567 1672 ἀλλὰ
1583 1621 1623 1674 διὰ
1650 1622 1695 1690 τήν

74 1699 142 1752 κατὰ
161 1699 283 1770 ’λρχέθιον
297 1697 323 1751 δέ
337 1698 378 1752 καί
393 1696 556 1768 Ἡρακλείδην
574 1699 618 1748 τοῦ
632 1695 705 1748 αὐτοῦ
718 1696 810 1757 τόπου,
823 1695 864 1759 σί,
911 1698 983 1750 πόλιν
1005 1699 1048 1752 τδν
1067 1699 1145 1769 λόγον
1167 1698 1303 1763 ποιεῖσθαι,
1325 1697 1412 1750 τούτου
1432 1698 1505 1767 χάριν
1526 1697 1569 1750 τύν
1593 1699 1696 1754 Κόνωνα

71 1781 110 1839 ὥς
123 1798 210 1848 φασιν,
222 1779 277 1832 οὐδὲ
286 1779 413 1849 φαίνονται
424 1775 534 1829 ἀτελειαν
549 1775 582 1835 είς
592 1774 635 1836 τάς
646 1773 743 1841 Ἀθήνας
755 1773 863 1843 ἔχοντες.
910 1783 1006 1846 πρῶτον
1019 1775 1114 1843 ἔθηκεν.
1125 1777 1196 1828 ch
1202 1815 1207 1829 .

72 1860 161 1912 TCV.
947 1861 1008 1925 477,
1037 1856 1077 1910 13.
1094 1855 1128 1906 'H
1151 1854 1194 1908 τδν
1213 1853 1290 1926 ἄνδρα
1305 1853 1320 1920 ή
1337 1852 1368 1906 τά
1390 1855 1567 1924 πεπραγμένα]
1586 1855 1633 1908 Καί
1652 1859 1694 1911 τὸν

115 1940 183 2004 474,
199 1939 242 1990 28.
258 1935 304 1986 Καί
317 1932 361 2000 τήν
374 1933 573 2003 Λακεδαιμονίων
585 1932 689 2003 φρουράν
701 1933 753 2003 μεθ’
765 1932 864 2002 ὅπλων]
911 1935 999 2004 τρόπον
1012 1933 1085 1986 αὐτοῦ
1098 1933 1139 1986 καί
1154 1932 1216 2003 [τὰς]
1227 1931 1321 2003 πράξεις
1334 1934 1465 2003 διέρχεται.
1502 1933 1634 2004 Συμθαίνει
1647 1940 1696 2009 γάρ

75 2015 118 2065 θτι
136 2013 165 2085 οὐ
188 2014 272 2083 λόγοις
291 2013 397 2076 ἔπεισαν,
419 2009 476 2063 ἀλλ’
489 2011 573 2064 ὅπλων
592 2011 725 2077 ἐδεήθησαν
745 2011 802 2081 πρὸς
821 2009 865 2076 τὴν
911 2031 965 2064 τινα
982 2013 1034 2082 βίον
1048 2011 1124 2064 καλδν
1140 2011 1183 2082 μέν
1201 2010 1283 2081 ἐχειν,
1297 2011 1372 2082 μηδὲν
1387 2010 1413 2063 δέ
1425 2010 1630 2081 ἐπικεχειρηκέναι
1643 2035 1695 2067 κοι-

75 2091 172 2154 δίωξιν.
211 2093 347 2162 Ἔκφαντος
359 2091 386 2144 δέ
400 2092 534 2162 στρατηγός
548 2096 596 2143 τῶν
608 2091 714 2142 θασίων·
731 2089 868 2160 θραούθου-
911 2092 970 2144 νόν·
994 2091 1034 2143 διὰ
1047 2095 1120 2144 τοῦτο
1133 2090 1164 2143 τά
1178 2090 1221 2142 δύο
1235 2089 1298 2160 ὁμοῦ
1318 2089 1422 2156 ἔλαθεν,
1442 2089 1484 2152 τάς
1501 2091 1544 2142 δύο
1565 2093 1695 2160 ποιότητας

77 2173 126 2224 λον
146 2172 172 2225 δὲ
186 2173 228 2225 τὀν
245 2171 376 2238 Ἀθηναίων
395 2169 532 2241 στρατηγόν
553 2170 634 2241 λέγει.
668 2169 702 2223 Τδ
720 2169 747 2223 δέ
769 2167 866 2238 είσαγα-
912 2170 1028 2234 ἐξετάζων
1043 2169 1068 2223 έν
1081 2176 1116 2242 τῷ
1127 2169 1206 2242 αὐτῷ,
1219 2170 1261 2222 καί
1269 2174 1312 2223 τοῦ
1321 2172 1452 2240 προσώπου
1466 2170 1508 2224 καί
1519 2177 1567 2224 τῶν
1579 2177 1694 2246 πραγμά-

77 2253 166 2320 γόντες
179 2251 240 2322 μετά
253 2248 298 2315 τὴν
312 2251 395 2320 μάχην
409 2248 487 2318 λέγει.
501 2249 581 2302 ch.
759 2247 761 2252 ’
911 2267 971 2300 των.
1010 2247 1137 2318 Ἐστιμὲν
1152 2246 1200 2317 γάρ
1214 2249 1344 2317 προσώπου
1357 2251 1543 2318 κατηγοροῦντα
1555 2249 1588 2320 μή
1605 2253 1695 2323 μίμφς.

118 2335 188 2400 474,
204 2347 247 2400 29.
267 2330 455 2400 Παρασχόντες]
468 2325 546 2399 ήγουν
564 2328 711 2398 παραδόντες
724 2325 779 2392 ήτοι
794 2327 866 2393 ποιή·
912 2329 967 2380 σθαι
981 2327 1080 2398 πρᾶξιν·
1101 2325 1193 2380 ἔστιδὲ
1211 2325 1305 2397 πράξεις
1321 2326 1505 2399 ἀποδεχόμενον
1518 2327 1563 2395 τήν
1575 2333 1695 2402 ποιότητα

78 2429 176 2471 σαντες.
191 2412 221 2463 Ρ.
911 2405 1071 2458 διαόάλλειν·
1097 2409 1139 2458 νῦν
1160 2404 1186 2457 δέ
1205 2403 1230 2467 ἐξ
1254 2403 1372 2476 ἑκατέρων
1393 2405 1522 2477 ἐργάζεται
1544 2407 1630 2482 τάνδρί
1651 2413 1694 2466 τόν

118 2489 184 2558 475,
210 2489 236 2540 5.
259 2485 338 2540 Ὥστε
359 2484 404 2553 τὴν
420 2485 524 2552 δεκάτην
546 2483 697 2554 ἀποδόσθαι]
710 2483 818 2549 Δεκάτην
840 2481 867 2536 ἐκ
912 2485 1020 2540 έπαινον.
1035 2485 1113 2541 TCV.

80 2573 131 2619 τῶν
145 2568 249 2638 φορτίων
263 2573 311 2619 τῶν
324 2566 436 2637 ἐμπόρων
452 2568 495 2618 τοῦ
512 2561 698 2630 Ἑλλησπόντου
716 2561 865 2632 ἐλάμθανον.
947 2569 1009 2634 477,
1025 2565 1067 2617 15.
1086 2563 1129 2626 Ὧς
1142 2561 1209 2634 ὐμῶν
1221 2567 1294 2615 τινῶν
1309 2560 1375 2614 ἐστιν
1390 2561 1507 2636 ἀκοῦσαι]
1521 2569 1571 2618 τῶν
1590 2568 1693 2637 πρεσθυ·

86 2644 214 2700 Ἐπιόλουν
230 2641 274 2698 οὐν
292 2644 411 2711 τάτελη,
430 2644 472 2696 καί
488 2642 584 2696 ἐποίουν
602 2644 737 2714 χρημάτων
756 2642 867 2713 εὐπορεῖν
911 2643 997 2712 τίρων.
1038 2641 1120 2706 Ἀλλ’,
1136 2638 1217 2705 ἐπειδὴ
1243 2637 1288 2710 ἐφη
1305 2637 1453 2705 ἀκοῦσαι,ὴ
1479 2637 1539 2706 ἀκοὴ
1554 2642 1577 2692 δ’
1597 2643 1641 2696 οὐκ
1661 2640 1692 2712 ήν

81 2723 128 2790 τήν
143 2724 223 2778 πόλιν.
261 2721 325 2776 Είτα
338 2725 367 2777 εδ
380 2724 504 2794 χρήσιμον
521 2727 570 2775 τῶν
588 2722 724 2793 χρημάτων
737 2722 815 2793 λέγει,
829 2725 867 2776 ότι
911 2719 994 2787 πιστή,
1009 2723 1143 2792 προσέθηκε
1152 2720 1209 2780 τούς
1217 2718 1379 2790 θεασαμένους
1394 2717 1601 2790 ἀπαγγείλαντας.
1614 2723 1692 2778 ch.

84 2805 270 2877 Λακεδαιμόνιοι
295 2804 397 2874 δρῶντες
421 2803 575 2874 ἐφοθήθησαν
596 2801 638 2852 καί
660 2801 693 2862 ῶς
710 2798 866 2872 ἠθελήσαμςν
947 2803 1009 2868 477,
1026 2817 1067 2870 ¹7·
1091 2797 1213 2859 ’λσθενοῦς
1234 2795 1305 2868 ήμῶν
1319 2800 1363 2862 τῆς
1377 2797 1471 2858 πόλεως
1487 2795 1575 2870 ούσης]
1592 2801 1647 2872 περί
1664 2802 1694 2856 τὸ

83 2881 235 2936 ἐσπείσαντο.
272 2879 428 2952 Πρόξενοιδέ
446 2879 562 2950 λέγονται
575 2877 599 2930 οί
613 2877 638 2931 ἐν
654 2880 706 2940 τοῖς
723 2877 798 2948 ὁρίοις
812 2879 867 2939 τούς
911 2879 980 2940 τέλος
993 2884 1036 2932 τοῦ
1046 2878 1278 2945 Πελοποννησιακοῦ
1292 2876 1402 2947 πολέμου
1415 2877 1440 2930 ἐν
1455 2875 1627 2948 Ἀργινούσαις·
1641 2880 1693 2935 ἐστι

83 2959 257 3030 ἐπιδημοῦντας
276 2961 423 3030 δεχόμενοι,
442 2958 509 3030 φθιοι
518 2958 681 3028 τυγχάνοντες
690 2956 731 3008 καὶ
742 2959 813 3027 κοινῇ
826 2956 867 3008 καί
911 2956 937 3010 δέ
950 2959 993 3022 τῆς
1002 2957 1093 3010 Αέσθου
1104 2956 1213 3026 χωρίον,
1230 2951 1259 3007 οὐ
1272 2955 1333 3026 μετὰ
1346 2960 1395 3008 τῶν
1408 2957 1606 3027 Λακεδαιμονίων
1624 2958 1692 3027 Ἀθη-

83 3039 142 3109 ίδίᾳ.
155 3039 231 3092 TCV.
912 3037 978 3088 ναῖοι
992 3035 1145 3106 ἐπολέμησαν
1157 3055 1163 3066 ·
1175 3033 1217 3086 καί
1230 3032 1260 3100 δὴ
1272 3035 1359 3102 συνέθη
1378 3033 1511 3100 Ἀθηναίοις
1520 3040 1629 3104 νικῆσαι·
1643 3045 1692 3092 τῶν

121 3118 186 3185 475,
205 3135 247 3172 ιο.
263 3117 412 3188 Προξενίαν]
424 3112 561 3185 ύποδοχὴν,
575 3113 733 3185 προστασίαν.
746 3114 776 3167 B.
911 3115 936 3168 δέ
948 3117 1110 3169 πεπτωκότων
1123 3113 1269 3183 τὰσώματα
1282 3111 1309 3166 ἐκ
1325 3116 1367 3179 τῆς
1385 3113 1507 3182 θαλάττης
1521 3115 1644 3184 Ἀθηναῖοι
1652 3119 1692 3171 διά

121 3197 185 3265 475,
210 3196 254 3250 25.
284 3193 326 3258 Ὧς
350 3195 584 3264 συκοφαντούντων]
601 3192 645 3246 οὐκ
669 3191 777 3261 ἐχόντων
797 3189 866 3244 οὐδέν
911 3193 954 3246 τόν
970 3199 1083 3265 χειμῶνα
1095 3192 1223 3246 ἀνελέσθαι
1242 3192 1286 3245 οὐκ
1303 3189 1475 3260 ἠδυνήθησαν·
1490 3189 1552 3262 ἦσαν
1573 3196 1621 3267 γάρ
1639 3217 1693 3250 ναυ-

84 3274 170 3342 άληθίς
179 3276 212 3336 ὡς
223 3276 281 3346 πρός
292 3275 320 3328 εδ
334 3277 463 3345 συμφέρον,
476 3273 554 3326 TCV.
912 3275 1076 3344 μαχήσαντες.
1114 3271 1144 3324 θί
1158 3266 1202 3324 οὐν
1217 3273 1346 3341 συγγενεῖς
1359 3277 1407 3324 τῶν
1422 3275 1546 3326 πεσόντων
1560 3273 1607 3329 θπό
1618 3295 1692 3330 τινων

121 3357 184 3422 476,
203 3356 244 3416 ε4.
260 3353 359 3406 Τούτων
370 3354 393 3404 δ’
407 3353 464 3414 ίσως
476 3349 538 3405 ένιοι
547 3356 595 3404 τῶν
610 3350 722 3422 ἀνδρῶν]
741 3347 865 3415 ἐτεθνήκε-
910 3357 1065 3424 συκοφαντῶν
1082 3350 1263 3411 ἀναπεισθέντες
1282 3350 1422 3420 προσῆλθον
1439 3353 1560 3424 τῷδήμῳ
1578 3353 1692 3423 μελανει-

84 3449 130 3483 σαν
141 3432 186 3501 γάρ
197 3450 267 3494 τινες·
281 3431 339 3484 ἀλλ’
352 3429 373 3484 εί
386 3430 476 3484 ἐκεῖνοι
493 3429 623 3494 ἀπίθανον,
642 3429 684 3483 καὶ
695 3428 720 3481 αί
734 3427 868 3498 εὐεργεσίαι
911 3435 1040 3501 μονοῦντες
1058 3431 1101 3484 καί
1122 3429 1289 3484 ἐπεσπάσαντο
1309 3429 1342 3490 είς
1363 3428 1468 3484 εὔνοιαν.
1508 3431 1692 3504 Κατεύηφίσατο

83 3509 128 3561 οὐκ
138 3508 274 3563 ἀπώλοντο.
311 3509 378 3571 Τινές
389 3509 415 3562 δέ
432 3509 473 3561 καί
483 3511 567 3570 ζῶσιν,
607 3507 698 3578 Ἔλεγε
712 3506 760 3558 δ’ὁ
780 3507 865 3560 Λεπτί-
909 3505 953 3564 οὐν
967 3510 1069 3582 όδῆμος
1081 3515 1130 3563 τῶν
1143 3510 1201 3562 δέκα
1215 3513 1433 3578 στρατηγῶν,τῶν
1447 3508 1489 3579 μέν
1503 3509 1691 3582 φνγὴν,τῶνδέ

85 3607 127 3654 νης
138 3590 175 3641 ότι
185 3589 209 3641 οί
222 3587 334 3642 πλεῖστοι
349 3587 428 3640 αὐτῶν
441 3588 587 3654 τεθνήκασι,
600 3587 642 3640 καί
652 3585 680 3639 οὐ
689 3585 797 3647 πολλούς
808 3585 866 3655 βλά-
910 3589 1024 3644 θάνατον,
1062 3589 1109 3640 Καὶ
1122 3588 1147 3640 οί
1169 3587 1212 3658 μέν
1233 3587 1280 3658 πρὸ
1298 3590 1341 3652 τῆς
1361 3588 1460 3657 κρίσεως
1476 3587 1581 3660 ἔφυγον,
1601 3591 1691 3656 22’66125

83 3667 168 3736 ψομεν.
209 3665 239 3720 ‘0
250 3667 276 3719 δέ
288 3665 315 3720 ἐκ
329 3669 473 3737 περιτροπῆς
484 3665 544 3719 αὐτδ
563 3665 637 3718 ἔλαθε
645 3663 690 3717 καί
702 3663 785 3733 λέγει,
800 3663 864 3734 μα’λ·
909 3670 937 3722 τδ
950 3667 1066 3738 ἐσόμενον
1078 3665 1157 3719 αὐτῶν
1177 3667 1265 3718 κακόν·
1285 3659 1322 3716 ὧν
1341 3659 1371 3730 ήν
1388 3665 1490 3730 Κόνων,
1504 3667 1529 3728 ός
1542 3668 1583 3719 καί
1597 3667 1690 3736 ἀπῆλθε

85 3745 130 3796 λον
142 3744 270 3817 ὀφείλομεν
285 3743 318 3816 μὴ
335 3747 466 3816 στερίσκειν
481 3745 568 3807 αὐτούς
581 3745 621 3796 διὰ
633 3745 689 3805 τούς
700 3743 807 3805 λοιπούς·
823 3743 864 3795 διά
909 3745 967 3816 πρδς
980 3743 1109 3814 Εὐαγόραν
1124 3742 1167 3796 τδν
1187 3745 1231 3808 τῆς
1246 3743 1343 3813 Κύπρου
1358 3743 1477 3814 ἀρχοντα.
1515 3745 1562 3797 Καὶ
1575 3749 1691 3815 πεποίηκε

86 3822 221 3892 γάρτοῦτο
243 3823 285 3876 καί
305 3825 395 3885 πάντας
413 3829 530 3895 τιμῶντες
548 3822 683 3894 ὀφθήσεσθε
706 3821 748 3874 καί
762 3819 778 3887 ή
794 3820 864 3883 πόλις
908 3823 979 3894 φίλον
993 3822 1036 3875 τύν
1057 3821 1160 3874 Κόνωνα
1181 3825 1216 3891 τῦρ
1229 3821 1328 3890 Περσῶν
1351 3822 1471 3892 βασιλεῖό
1493 3823 1635 3895 Εὐαγόρας·
1659 3823 1690 3894 ἦν

85 3901 147 3962 δόξει
162 3899 225 3954 εἶναι
239 3901 316 3968 καλή.
334 3903 411 3955 ch.
857 3939 861 3944 -
908 3903 956 3973 γάρ
969 3901 1036 3972 έχων
1050 3901 1109 3971 πρδς
1121 3892 1194 3953 αὐτὸν
1210 3899 1302 3970 φιλίαν.
1340 3901 1375 3954 Τδ
1389 3907 1522 3967 τηνικαῦτα
1537 3903 1563 3956 δέ
1574 3905 1597 3956 οί
1612 3907 1689 3959 Λακε-

122 3983 180 4047 476,
192 3983 236 4044 ⁹4·
246 3978 294 4040 Τὰς
308 3978 351 4050 μέν
364 3978 503 4050 συμφορὰς]
514 3977 585 4031 θέλει
596 3975 682 4039 ῑίπῑῗί,
696 3973 718 4028 εἶ
729 3975 800 4045 ἔτυχε
812 3991 864 4027 κῑί·
908 3983 1031 4052 δαιμόνιοι
1041 3977 1136 4050 σχολήν
1149 3979 1250 4050 ἀγοντες
1261 3984 1340 4040 κακῶς
1352 3979 1447 4034 ἐποίουν
1462 3980 1492 4034 τὰ
1507 3987 1551 4035 τοῦ
1562 3983 1687 4053 βασιλέως·

85 4059 192 4110 δυνεῦσαι
206 4058 247 4110 καί
260 4057 392 4112 ἀποθανεῖν
406 4059 462 4121 τούς
477 4053 503 4111 εὐ
520 4056 668 4123 ποιήσοντας
685 4055 763 4126 ύμᾶς,
778 4053 820 4107 καί
833 4049 862 4116 δή
908 4060 922 4112 ό
942 4061 967 4113 δέ
982 4059 1067 4113 Κόνων
1084 4061 1168 4133 καιρρῦ
1185 4057 1322 4129 λαθόμενος
1345 4057 1511 4130 ἐπηγγείλατο
1524 4064 1690 4132 περιγενέσθαι

86 4139 211 4192 ἀπόλοντο
223 4139 265 4192 καί
275 4138 315 4190 διὰ
327 4140 416 4200 ιιαντδς
432 4138 564 4208 ἐκέχρηντο
580 4136 743 4207 τῇσνμρορᾷ.
768 4133 862 4186 ’λδικον
908 4137 1036 4204 αδεῶν,εί
1051 4135 1124 4189 λάθοι
1138 4135 1194 4207 παρ’
1209 4134 1283 4190 αὐτοῦ
1306 4139 1453 4208 στράτευμα.
1490 4139 1537 4193 Καὶ
1555 4138 1584 4206 δή
1605 4140 1690 4194 λαθὼν

85 4213 129 4270 οὐν
146 4217 287 4270 κινδυνεύειν
302 4216 345 4287 μέν
363 4217 396 4278 ῶς
416 4216 456 4270 ἐπί
469 4217 594 4286 φανεροῖς,
610 4214 729 4274 σωθέντας
740 4211 768 4265 δέ
786 4212 864 4282 στερί·
907 4220 949 4272 καὶ
961 4218 1094 4290 meam„
1106 4215 1154 4288 [ἐν]
1169 4217 1249 4289 Κνίδῳ
1266 4221 1309 4284 τῆς
1322 4218 1411 4289 Καρίας
1421 4218 1483 4272 κατὰ
1493 4221 1689 4292 Λακεδαιμονίων

85 4298 180 4349 Φῑεῦίαῑ
192 4299 236 4362 τῆς
248 4294 344 4357 ἐλπίδος
358 4296 400 4348 καί
409 4299 453 4362 τῆς
463 4297 544 4366 τῑμῆς·
557 4294 634 4346 TCV·
908 4297 1019 4366 ἐνίκησε,
1031 4297 1073 4350 καί
1086 4295 1220 4363 ἐπανῆλθεν
1236 4294 1268 4358 είς
1281 4296 1325 4359 τάς
1338 4295 1453 4365 Ἇθήνας,
1468 4297 1512 4351 οὐκ
1530 4297 1689 4370 ἀποστραφείς

120 4375 183 4440 476,
196 4389 241 4444 ε9.
256 4373 371 4443 Τούτων]
383 4379 433 4426 τῶν
445 4371 620 4441 ἀτυχημάτων.
635 4369 663 4422 Ρ.
908 4377 1074 4448 κατηγορίαις
1086 4373 1168 4428 αὐτοῦ,
1180 4375 1261 4429 TCV.

121 4455 178 4522 477,
194 4453 220 4505 5.
232 4452 299 4505 [Ιάνυ
310 4451 392 4506 τοίνυν
403 4449 527 4522 ἀχθοίμην
540 4451 580 4518 ἀν]
595 4447 722 4502 Ἐντεῦθεν
735 4446 863 4518 προοιμιά-
944 4461 1006 4525 477,
1026 4473 1067 4525 ¹9·
1082 4453 1140 4506 Οὐδ’
1160 4451 1273 4519 ἡντινοῦν
1286 4451 1397 4524 ἀφορμήν
1421 4453 1523 4524 λαθὼν]
1549 4455 1687 4524 μηδεμίαν,

86 4534 150 4592 Zeta!
161 4529 258 4601 μέλλων
271 4529 351 4602 ἐτέρας
363 4531 459 4602 μερίδος
469 4530 586 4600 ἄρχεσθαί
598 4531 642 4580 τοῦ
654 4527 743 4597 λόγου,
755 4528 799 4577 τῠΰ
810 4524 865 4596 περί
907 4537 996 4606 φήσῃ,
1013 4531 1125 4605 ἀφορμήν
1136 4532 1221 4585 λαθὼν
1236 4531 1301 4601 παρὰ
1312 4535 1355 4598 γῆς
1377 4531 1472 4594 πόλεως
1487 4532 1690 4603 κατεναυμάχησε

86 4613 133 4661 τῶν
144 4607 249 4661 πολιτῶν
263 4608 389 4682 δηλονότι.
402 4608 560 4662 BFRSTYP.
602 4603 644 4667 Ὦς
656 4603 785 4676 φιλόπολις
795 4605 865 4656 συνά-
908 4613 1126 4685 Λακεδαιμονίους,
1148 4611 1284 4682 στρατηγός
1302 4610 1454 4682 ἀποδειχθείς
1473 4609 1538 4682 παρά
1561 4611 1688 4682 βασιλέως.

85 4687 183 4757 χόεται,
201 4687 222 4740 εί
233 4689 342 4750 σπανίζει
351 4687 470 4758 γενναίων
489 4685 583 4758 ἀνδρῶν
599 4684 615 4751 ἡ
629 4684 708 4746 πόλις.
746 4682 823 4745 Ἄξιον
837 4683 864 4737 δέ
906 4693 988 4747 TCV.

86 4761 179 4832 τίῆὐθς
189 4769 232 4832 τῆς
245 4765 467 4837 ἐννοίαεέγαῦθαῑ·
493 4761 723 4835 Τύγέρᾶλίθθίίὶδί
736 4761 861 4828 ἐίῑίπὸῗί,
943 4775 1005 4840 477,
1020 4785 1065 4825 κο.
1078 4768 1126 4822 Καὶ
1138 4768 1193 4831 τούς
1206 4771 1322 4839 πρότερον
1336 4770 1389 4832 τοῖς
1400 4769 1486 4830 ἄλλοις
1496 4767 1687 4841 ἐπιτάττοντας]

88 4850 154 4923 είμή
170 4853 281 4924 φαίνοιτο
296 4851 389 4924 ίχουσα
406 4851 532 4923 γενναίους
550 4849 674 4919 εὐεργέτας
690 4847 706 4914 ἡ
725 4849 809 4912 πόλις,
828 4847 864 4902 ἐν·
907 4851 958 4904 Οὐκ
968 4849 1036 4904 εἶπεν
1053 4848 1142 4902 εἴθισεν
1158 4847 1286 4902 ὐπακούειν
1301 4847 1380 4920 ύμῶν.
1418 4848 1503 4901 Καίτοι
1518 4867 1547 4918 γε
1558 4845 1688 4913 ἠκολούθει

87 4933 236 5003 δεικνυμένου
250 4931 336 5004 [ἐστί]
349 4929 393 4998 τὴν
408 4929 513 4994 εῦνοιαν,
528 4929 559 4996 ἢν
576 4927 629 4998 ἔχει
640 4929 671 4998 τῇ
685 4925 769 4990 πόλει,
782 4925 864 4990 άλλως
907 4937 943 5002 τῷ
956 4931 1036 5001 λέγειν
1049 4927 1219 4990 ἐπιτάττοντας
1234 4929 1286 4989 τοῖς
1301 4926 1387 4989 άλλοις
1399 4927 1428 4980 τό
1446 4925 1485 4996 ὐφ’
1502 4924 1570 4996 ὐμῶν
1590 4923 1687 4979 ἐπιτάτ-

88 5029 114 5063 τε
127 5011 164 5064 καί
174 5012 337 5084 βαρυνομένου
348 5011 377 5065 τδ
387 5011 494 5064 διάθεσιν
507 5008 574 5078 ἐχειν
587 5007 671 5069 αὐτούς
682 5008 737 5070 τούς
747 5008 862 5074 πολίτας,
907 5011 1005 5064 τεσθαι·
1023 5008 1097 5073 ἀλλ’,
1118 5005 1199 5072 ἐπειδὴ
1215 5009 1289 5059 τοῦτο
1303 5005 1347 5059 οὐκ
1366 5003 1421 5076 είχε
1435 5003 1499 5076 παρά
1510 5009 1553 5071 τῆς
1564 5005 1685 5077 ίστορίας,

87 5089 120 5151 ῶς
129 5089 185 5159 μηδέ
194 5089 284 5144 ἐθέλειν
293 5090 351 5162 ύπέρ
362 5095 405 5158 τῆς
415 5089 560 5158 ἐνεγκούσης
569 5087 725 5152 κινδυνεύειν,
739 5087 819 5142 TCV.
908 5087 996 5143 είθισεν
1017 5087 1114 5141 ἀκούειν
1130 5085 1198 5156 ὐμῶν
1214 5084 1302 5151 εἶπεν,
1316 5085 1444 5154 ἐπειδήπερ
1456 5083 1628 5154 προσεδέξαντο
1643 5083 1685 5136 τδν

123 5173 186 5238 477,
202 5188 229 5238 9.
250 5169 296 5222 Καί
309 5170 357 5241 γὰρ
375 5171 415 5223 καί
432 5169 513 5223 τόλλα
530 5167 630 5238 ἀγαθά]
643 5167 692 5234 Τῆς
711 5166 783 5233 αὐτῆς
799 5166 863 5220 ἐστιν
908 5169 963 5240 περὶ
975 5171 1017 5234 τῆς
1029 5165 1219 5238 είρήνηςλόγον,
1233 5163 1330 5236 ἐγίνετο
1344 5165 1418 5220 πάλιν
1426 5159 1443 5217 ό
1455 5162 1530 5234 λόγος
1538 5162 1596 5236 πρός
1607 5165 1685 5217 Δακε-

90 5249 176 5312 έννοίας
189 5249 324 5318 κατασκευὴ
336 5253 379 5304 τοῦ
390 5250 498 5322 ῥήτορος.
541 5246 640 5316 Ἐπειδὴ
651 5247 678 5301 δέ
689 5247 811 5302 συνέθαινε
824 5248 864 5300 καί
909 5247 1047 5308 δαιμονίους
1061 5247 1092 5315 τῇ
1103 5243 1183 5300 πόλει.
1195 5245 1276 5298 TCV.
