4114 6088
667 395 889 454 mmmm·
911 393 1206 452 ΠΡΟΛΕΙῸΜΕΝΑ.
1677 404 1733 454 510

144 521 284 590 Ἑλλήνων,
304 517 373 584 ούτός
387 520 451 575 έστιν
465 523 479 574 ὁ
493 524 575 594 καιρδς
587 523 601 575 ὁ
613 525 692 585 διδούς
706 524 780 578 πάλιν
796 522 840 589 τήν
855 523 913 594 ἦγε·
958 523 1076 593 Ιήροῦντος
1092 522 1191 588 σύνηθες
1203 520 1229 574 δὲ
1240 520 1307 590 αύτῷ
1319 525 1391 573 τοῦτο
1405 523 1494 586 ποιεῖν,
1508 521 1618 590 κρύπτειν
1638 521 1680 593 μέν
1692 524 1734 584 τάς

140 604 227 674 μονίαν
241 606 272 673 τῇ
284 601 365 655 πόλει.
385 599 427 662 Ἐξ
445 600 526 672 έτίρου
539 601 565 655 δέ
577 603 592 654 δ
604 603 709 672 περιέχει
729 603 757 655 τὸ
770 597 925 673 ἀναγκαῖον,”
959 599 1049 670 ἀρχάς,
1071 600 1097 653 έκ
1121 599 1147 652 δέ
1160 607 1204 652 τοῦ
1220 599 1302 660 τέλους
1325 599 1458 670 άρχεσθαι,
1481 599 1506 652 έν
1519 595 1556 661 οίς
1575 603 1732 672 συναρπάζειν

137 682 170 732 δι’
183 676 212 732 ού
225 681 266 732 καὶ
276 679 352 750 ρόὸον
366 677 413 745 ήδη
430 681 482 739 τοῖς
501 679 628 732 ἀκούουσιν
644 681 783 751 ἐργάζεται,
805 680 915 741 συνιστάς
959 679 1072 749 βούλεται
1095 681 1150 740 τοὶνς
1165 677 1308 743 ἀκούοντας,
1327 679 1360 740 ῶς
1374 677 1431 748 ύπέρ
1445 679 1660 750 ὁμολογουμένων.
1698 681 1733 733 Ού

138 759 254 824 έξήκοντα
273 759 302 809 ἀν
324 756 363 810 έπὶ
381 755 425 822 τήν
447 756 553 823 Ἀττικήν
575 759 717 824 Φίλιππον,
735 759 756 812 εί
779 758 812 830 μὴ
830 757 915 812 Ὀλύν-
957 759 1005 829 γάρ
1018 755 1048 825 ήν
1065 761 1151 830 όμοιον
1166 758 1233 820 ιύθύς
1247 761 1369 828 μάχεσθαι
1381 759 1439 829 πρός
1451 758 1679 829 ἀμφισόητούμενον
1692 761 1734 812 καὶ

139 839 188 889 θιοι
207 839 343 900 σώζοιντο,
367 837 431 888 ὥστε
463 835 549 898 αύτούς
570 837 735 908 μοόουμένους
755 837 842 891 λοιπύν
865 843 913 890 τῶν
956 839 989 898 ῶς
1011 837 1068 907 ύπέρ
1089 837 1296 908 ὁμολογουμένων
1317 839 1467 907 προτρέπειν,
1483 837 1566 898 άλλως
1587 838 1667 889 τεκαὶ
1689 843 1732 890 τοῦ

138 913 246 983 πράξεων
261 912 400 983 ἐρρωμένως
420 912 572 983 ἀντέχεσθαι.
612 909 731 985 Ἕκατέρα
745 915 771 968 δέ
787 921 835 968 τῶν
854 915 913 968 ἀπο-
957 914 1091 985 ἀναγκαίου
1104 915 1239 976 δεικνύντος
1254 914 1296 967 τὸν
1317 913 1433 984 ἐσόμενον
1452 915 1572 979 κίνδυνον,
1594 914 1616 968 εἰ
1628 915 1733 987 ῥᾳθυμή-

137 992 234 1052 δείξεων
249 991 406 1054 Θουκυδίδου,
427 991 469 1043 καὶ
483 989 597 1058 εἰληπται
618 991 643 1045 έκ
659 997 701 1059 τῆς
721 993 862 1064 Κορινθίων,
881 993 914 1056 ὡς
949 1011 1032 1066 Ισαιεν.
1069 994 1147 1046 Τοῦτο
1167 989 1266 1062 μίνούν
1286 992 1338 1045 έστὶ
1351 993 1379 1046 τδ
1395 999 1490 1062 πριῖντον
1514 995 1583 1064 μέρος
1599 999 1647 1047 τῶν
1659 1013 1731 1065 κερα-

137 1069 209 1140 ἰρην,
225 1069 384 1140 δημηγορίας.
424 1069 471 1122 ὶίαὶ
488 1069 536 1140 γάρ
559 1069 598 1124 ἰπὶ
619 1073 768 1141 προστασίαν
785 1077 833 1124 τῶν
854 1069 913 1122 Ἓλ-
956 1070 1042 1125 λαίων.
1079 1071 1114 1124 Τὸ
1127 1071 1153 1124 δέ
1171 1071 1292 1141 δεύτερον,
1305 1072 1365 1140 όπερ
1380 1069 1434 1140 ἔχει
1448 1071 1491 1124 τδν
1505 1073 1559 1141 περὶ
1574 1078 1622 1124 τῶν
1633 1076 1730 1144 χρημά·

136 1147 218 1212 λήνων
233 1149 335 1217 προάγει
348 1147 403 1208 τούς
421 1148 623 1218 Λακεδαιμονίους
633 1149 647 1200 ό
659 1149 783 1220 ίίορίνθιος
794 1149 834 1200 καὶ
842 1149 916 1218 ροὸεῖ
941 1165 1005 1202 ’των
1018 1150 1107 1221 λόγον,
1122 1149 1146 1211 έξ
1157 1149 1298 1211 ἀντιθέσεως
1315 1148 1441 1220 εἰσήγαγε,
1463 1173 1473 1199 ι
1490 1151 1545 1221 περὶ
1556 1151 1583 1203 δέ
1594 1153 1730 1222 χρημάτων

135 1226 210 1278 πάλιν
222 1222 258 1288 οίς
269 1226 388 1278 δείκνυσιν
402 1225 453 1296 ὁδῷ
466 1226 607 1294 βαδίζοντας
619 1226 658 1280 ἰπὶ
670 1225 714 1292 τὴν
724 1227 912 1294 Πελοπόννησον
959 1230 1062 1298 ιπόρυυ
1086 1249 1097 1278 ν
1118 1227 1208 1298 λέγων,
1232 1227 1298 1279 ἀλλά
1317 1229 1391 1281 πόθεν
1411 1227 1642 1298 έξομενχρήματας
1660 1231 1732 1282 ὁκαὶ

139 1304 288 1370 Ἆθηναίους·
310 1304 344 1375 [ὁ]
364 1304 444 1366 καλῶς
463 1305 493 1356 ἀν
508 1323 543 1367 τις
561 1304 624 1359 εἴποι
639 1305 667 1359 τδ
681 1306 815 1376 ἀναγκαῖον
836 1304 909 1358 εἶναι.
956 1305 1022 1379 αύτῷ
1038 1307 1214 1378 χαλεπώτατον
1231 1305 1295 1360 εἰναι
1307 1307 1394 1360 δοκοῦν
1409 1307 1470 1377 μετὰ
1490 1311 1637 1373 κατασκευῆς
1648 1328 1731 1378 προοι-

136 1383 183 1436 ίίαὶ
196 1388 272 1436 ταῦτα
290 1382 333 1454 μέν
347 1382 402 1452 περὶ
413 1387 456 1434 τοῦ
470 1383 562 1436 οἰκεῖον
579 1381 643 1436 εἶναι
656 1389 687 1455 τῇ
702 1384 772 1438 πόλει
784 1384 825 1437 τδν
838 1383 912 1436 πόλι·
956 1389 1043 1455 μιακῆς
1062 1385 1192 1455 εἰσήγαγε,
1203 1383 1395 1455 προθεραπεύσας
1410 1383 1488 1455 ἑαυτῷ
1501 1385 1543 1436 τὸν
1557 1383 1678 1454 ἀκροατήν
1690 1387 1731 1439 καὶ

136 1480 193 1531 μον.
231 1461 280 1513 Τὸν
302 1459 328 1514 δέ
350 1461 405 1530 περὶ
418 1467 465 1513 τῶν
487 1463 621 1532 χρημάτων
636 1463 713 1534 λόγον
736 1462 867 1533 ίγύμναοεν
888 1461 912 1524 έξ
954 1464 1215 1535 προεπαγγελλόμενος
1225 1463 1387 1532 κατορθώσειν
1399 1461 1485 1524 αύτούς
1498 1463 1602 1528 άπαντα,
1618 1463 1640 1516 εἰ
1655 1465 1730 1534 μόνον

135 1538 286 1602 ἀντιθέσεως,
298 1537 408 1600 συνιστὰς
420 1539 535 1609 ύπάρχειν
546 1541 744 1613 ίκανάτῇπύλτι,
756 1540 777 1592 εἰ
785 1541 912 1610 βούλοιντο
954 1545 1072 1596 πεισθεῖεν
1087 1543 1162 1614 αύτῷ.
1201 1543 1235 1595 Τὸ
1249 1541 1276 1594 δέ
1285 1541 1367 1610 τρίτον
1385 1541 1409 1602 έξ
1418 1540 1560 1602 ἀντιθέσεως
1574 1549 1680 1612 φανερῶς
1690 1544 1731 1596 καὶ

134 1617 208 1670 λῦσαι
221 1616 263 1670 τὶν
283 1617 371 1686 νόμον,
383 1619 411 1668 όν
426 1617 550 1680 Εύόουλος
564 1618 659 1686 έθηκεν.
701 1618 746 1672 Ἐν
759 1616 781 1690 ᾧ
794 1619 836 1672 καὶ
853 1621 911 1672 θαυ-
955 1620 1071 1692 λαμπρῶς
1083 1621 1236 1692 είσηγμένης.
1266 1619 1338 1672 Ἔστι
1346 1621 1427 1672 τοίνυν
1444 1619 1474 1671 τά
1486 1619 1603 1672 ἀνωτάτω
1613 1621 1731 1690 κεφάλαια

135 1697 233 1766 μάσειεν
247 1695 276 1748 ἀν
293 1714 328 1756 τις
345 1694 418 1748 αύτοῦ
437 1695 481 1760 τήν
504 1699 666 1768 μεταχείρισιν
685 1698 726 1749 καὶ
745 1697 911 1768 τδύπερὸάλ-
954 1703 997 1751 τοῦ
1015 1699 1092 1769 λόγου
1112 1701 1170 1763 δύο,
1191 1700 1220 1750 τδ
1239 1699 1358 1770 συμφέρον
1383 1699 1425 1750 καὶ
1442 1699 1470 1750 τδ
1490 1699 1603 1752 δυνατόν.
1651 1700 1729 1752 ὶίατα-

134 1774 180 1826 λον
192 1778 234 1840 τῆς
244 1775 390 1840 δεινότητος.
427 1773 507 1836 Εἰδὼς
518 1774 565 1845 γάρ
579 1777 768 1845 δυσχερέστατον
788 1773 852 1828 εἰναι
867 1776 909 1828 τὸν
954 1779 1064 1838 σκευάζει
1084 1777 1110 1830 δέ
1129 1777 1168 1828 διά
1182 1777 1222 1848 μέν
1239 1781 1282 1828 τοῦ
1298 1777 1458 1849 συμρέροντος
1475 1775 1503 1828 τδ
1517 1777 1577 1846 μήτε
1599 1775 1729 1846 ἀλλότριον

133 1851 212 1920 λόγον
227 1854 280 1913 τοῖς
292 1851 406 1904 ἀκούουσι
420 1853 461 1904 καὶ
471 1851 514 1905 οῦκ
524 1854 553 1905 ἀν
569 1852 645 1919 ἡδέως
653 1853 822 1922 προσιεμένους
830 1853 910 1920 ἀλλην
953 1853 1018 1908 εἶναι
1029 1855 1072 1908 τόν
1084 1856 1193 1926 πόλεμον
1209 1856 1268 1927 μήτε
1281 1854 1338 1924 ύπίρ
1349 1861 1449 1924 μικρῶν.
1486 1855 1636 1926 Τῷμὲνγάρ
1648 1859 1728 1910 δοκεῖν

134 1929 245 2000 ἀνάγκην
266 1930 349 1992 αἰετοῖς
362 1930 469 2002 έρίστησι
491 1934 601 2002 μείζονα.
639 1931 707 1998 Φησὶ
721 1931 768 2001 γάρ
789 1932 841 1984 δεῖν
860 1931 909 1984 τίσι
954 1933 993 1987 ἰπὶ
1005 1933 1100 2004 Θρᾴκης
1118 1933 1200 1998 έσται,
1223 1938 1253 2005 τῇ
1273 1933 1299 1986 δέ
1314 1931 1417 2002 ἀληθείᾳ
1435 1932 1493 2002 ύπὶρ
1512 1932 1585 1999 αύτῆς
1607 1932 1726 2001 Ἆττικῆς,

132 2011 211 2079 ρέρειν
239 2011 352 2074 ἕκαστον,
380 2009 408 2062 ού
434 2015 483 2063 τῶν
507 2011 630 2065 πλουσίων
659 2011 745 2080 μόνον,
777 2009 843 2061 ἀλλὰ
869 2013 910 2064 καί
952 2011 1010 2082 ύπὲρ
1031 2012 1109 2065 αθτιῖνν
1137 2011 1277 2079 Ἀθηναίων,
1303 2009 1360 2080 ύπὶρ
1385 2011 1468 2078 δόξης,
1497 2010 1554 2082 ύπέρ
1580 2012 1727 2082 ριλοτιμίας.

135 2090 235 2141 πάντων
250 2087 346 2152 ἁπλῶς,
357 2089 392 2140 ἵν’
405 2087 578 2160 εύλαὸούμενοι
592 2087 637 2154 τὴν
655 2087 681 2142 έκ
692 2094 740 2141 τῶν
755 2087 849 2140 οἰκείων
861 2087 909 2140 εἰσ·
952 2091 1033 2142 Τοῦτο
1042 2089 1068 2143 δὲ
1081 2090 1197 2152 ποικίλως
1207 2091 1390 2154 κατεσκεύασεν,
1402 2089 1430 2141 ού
1443 2089 1517 2159 μόνον
1529 2089 1555 2142 έκ
1564 2095 1613 2142 τῶν
1625 2089 1728 2153 ἐνδόξων

133 2165 212 2236 ρσρδν
238 2167 342 2220 έλωνται
366 2167 409 2220 τδν
437 2168 513 2237 ν’όμον
539 2167 678 2238 ἐξαλεῖψαι,
700 2167 732 2218 δι’
758 2168 787 2218 δν
811 2167 910 2219 δοκοῦσι
953 2166 994 2218 καί
1007 2173 1196 2238 προτρεπτικῶν,
1210 2167 1277 2220 ἀλλά
1289 2169 1331 2221 καὶ
1342 2169 1425 2222 ἐκτῶν
1440 2167 1621 2240 ἀντικειμένων,
1637 2171 1729 2232 δεικνύς

133 2246 208 2316 μικρά
222 2247 360 2317 κερδαίνειν.
399 2245 446 2298 ὶίαὶ
467 2245 518 2299 έοτι
533 2251 606 2300 τοῦτο
619 2245 648 2299 τθ
670 2248 739 2317 μέρος
761 2245 908 2316 περιεκτικδν
953 2243 997 2311 ύση
1021 2245 1125 2315 αἰσχύνη
1149 2247 1190 2298 καὶ
1216 2247 1274 2298 ὁσον
1293 2247 1385 2307 ὄνειδος
1407 2247 1528 2316 περιέσται
1550 2250 1581 2318 τῇ
1599 2247 1684 2310 πόλει,
1707 2248 1729 2300 εἰ

133 2325 220 2392 μέρους
244 2327 287 2376 τοῦ
314 2324 418 2376 δυνατοῦ
443 2329 492 2376 τῶν
521 2323 658 2391 ὶὶθηναίων.
697 2324 744 2376 ὶίαὶ
769 2325 798 2376 δν
821 2325 909 2394 τρόπον
951 2325 1093 2392 περιίδοῦσα
1103 2327 1189 2377 τοῦτον
1199 2324 1241 2377 τδν
1253 2325 1362 2396 πόλεμον
1375 2323 1431 2394 ύπὲρ
1440 2330 1488 2376 τῶν
1502 2323 1597 2376 οἰκείων
1612 2325 1652 2376 καὶ
1670 2325 1727 2396 ύπίρ

132 2401 159 2453 έν
178 2403 231 2462 ταῖς
249 2405 409 2462 κατασκευαῖς
427 2409 470 2454 τοῦ
484 2403 614 2472 προσήκειν
633 2401 715 2463 αύτοῖς
736 2402 778 2455 τδν
795 2403 905 2472 πόλεμον
951 2404 994 2466 τῆς
1005 2403 1087 2470 χώρας
1104 2401 1177 2468 αύτῆς
1192 2403 1373 2456 κινδυνεύσειεν.
1412 2401 1476 2454 Εἶτα
1495 2402 1537 2454 καὶ
1552 2401 1578 2455 έκ
1591 2406 1634 2454 τοῦ
1650 2401 1727 2466 ζήλου

132 2480 263 2548 μετέστησε
276 2479 318 2531 τδν
337 2479 412 2548 ρόόον
425 2479 461 2532 ἐπ’
474 2479 568 2544 αύτούς,
583 2481 625 2532 ἵνα
647 2479 679 2550 μὴ
696 2481 728 2542 ῶς
743 2479 800 2550 ύπέρ
820 2479 907 2532 Ὀλυν-
951 2483 995 2530 τοῦ
1007 2480 1064 2550 πρός
1076 2480 1117 2532 τθν
1136 2481 1264 2552 πολέμιον,
1276 2481 1309 2542 ὡς
1323 2480 1425 2551 αἰσχρόν
1440 2479 1533 2533 ἐκεῖνον
1549 2479 1591 2550 μὲν
1604 2479 1643 2530 διὰ
1656 2479 1726 2548 ριλο-

131 2557 202 2620 θίων,
223 2555 323 2618 ἀλλ’ὡς
336 2557 393 2628 ύπὲρ
410 2557 488 2610 αύτῶν
503 2559 680 2628 βουλεύωνται,
692 2563 781 2612 τοῦτον
794 2557 836 2612 τδν
851 2561 907 2630 τρό-
951 2558 1036 2610 πονίαν
1051 2558 1145 2610 ἅπαντα
1161 2560 1303 2628 κατορθοῦν,
1320 2557 1454 2624 Ἀθηναίους
1473 2557 1513 2620 δὲ,
1529 2558 1570 2610 καὶ
1583 2562 1658 2612 ταῦτα
1672 2560 1727 2620 τούς

134 2658 182 2691 πον
194 2638 314 2692 κάνταῦθα
330 2641 483 2709 περιέστησεν
503 2640 585 2702 αύτοῖς
599 2643 730 2711 ρροντίδα,
750 2640 783 2711 μή
800 2641 907 2712 περὶτοῦ
952 2637 1019 2698 θεοὺς
1038 2636 1141 2706 ἔχοντας
1156 2637 1197 2689 κῖὶ
1216 2635 1260 2702 τὴν
1278 2637 1355 2706 τέχην
1368 2638 1553 2706 συθαφθμέθθθν
1570 2636 1643 2706 μηδὲν
1660 2637 1725 2698 ἔξω*

130 2721 184 2770 δεῖν
199 2719 332 2788 λαμῦάνειν
345 2717 371 2771 έκ
380 2725 429 2770 τῶν
444 2725 541 2784 κοινῶν,
557 2719 614 2770 ἀλλ’
631 2721 695 2779 ὁπως
708 2717 812 2771 οίσουσιν
822 2717 850 2770 έκ
858 2725 906 2771 τῶν
952 2714 1009 2784 μήθ’
1022 2715 1111 2768 ἑαυτῶν
1130 2715 1190 2786 μήτε
1203 2721 1251 2767 τῶν
1263 2716 1406 2784 κρειττόνων
1419 2715 1614 2784 διαπράττεσθαι.
1643 2715 1725 2768 Ταῦτα

129 2797 239 2862 οἰκείων,
257 2798 300 2848 ίνα
324 2798 392 2848 δυοῖν
417 2798 531 2868 αίρέσεων
553 2799 726 2868 προκειμένων,
753 2801 796 2850 τοῦ
823 2817 849 2850 τε
873 2795 905 2868 μή
951 2793 994 2865 μὲν
1014 2799 1057 2846 τοῦ
1075 2796 1244 2865 συμφέροντος.
1281 2794 1315 2845 Tb
1339 2793 1364 2846 δί
1381 2793 1482 2846 δυνατδν
1502 2792 1538 2864 ἀρ’
1564 2792 1663 2862 ἑκάτερα
1679 2793 1723 2858 τὴν

131 2876 264 2946 λαμόάνετν
281 2875 353 2946 μικρά
373 2875 414 2928 καὶ
431 2879 475 2928 τοῦ
493 2875 551 2946 πρὸς
567 2875 610 2941 τήν
626 2877 710 2946 χρείαν
730 2875 854 2946 είσρέρειν,
877 2877 906 2928 ἀν
951 2872 1064 2943 έργασίαν
1084 2873 1145 2943 ἔχει.
1185 2873 1290 2942 ὶίαὶγάρ
1310 2871 1442 2924 τθοίκεῖον
1461 2871 1559 2937 ἐξήτασε
1579 2871 1619 2922 καὶ
1634 2871 1663 2922 τό
1677 2877 1724 2924 τῶν
1831 2933 1835 2946 ,

129 2955 189 3026 δέη,
202 2953 293 3018 πολλά,
306 2953 411 3006 έλωνται
423 2959 471 3006 τῶν
481 2953 618 3006 έλαττόνων
630 2953 776 3014 ἀποστάντες
786 2953 817 3006 τά
828 2953 906 3006 οἰκεῖα
950 2951 1084 3022 πολεμίων.
1126 2949 1198 3002 Ἀλλά
1218 2951 1246 3002 τδ
1272 2949 1314 3020 μὶν
1335 2949 1437 3014 οἰκεῖον,
1458 2951 1490 3011 ὡς
1509 2952 1537 3000 ἂν
1555 2949 1662 3020 ύπάρξειε
1684 2953 1724 3003 καὶ

129 3034 275 3102 κερδαίνειν.
292 3031 338 3084 ίίαὶ
347 3030 433 3104 έμοιγε
444 3031 560 3085 δοκεῖκαὶ
569 3033 611 3086 τδν
619 3033 722 3103 περὶτῆς
732 3031 818 3097 διπλῆς
829 3051 904 3102 παρα-
949 3031 1022 3084 πόθεν
1035 3030 1065 3083 τά
1077 3031 1200 3100 χρήματα·
1212 3030 1327 3096 δηλονότι
1337 3029 1541 3100 ὁμολογουμένων
1553 3029 1596 3098 μέν
1606 3029 1722 3094 ὁπλιτῶν,

129 3115 217 3178 σκενής
227 3109 304 3181 λόγον
317 3109 357 3162 διά
368 3114 440 3164 τοῦτο
453 3112 611 3176 πεποιῆσθαι,
625 3111 672 3180 ούχ
681 3111 724 3162 ἵνα
738 3110 781 3162 δύο
794 3112 906 3181 δυνάμεις
950 3107 1155 3179 ὁμολογουμένων
1168 3107 1194 3160 δέ
1207 3109 1306 3172 ίττπέων,
1320 3107 1482 3178 αύταρκούσης
1492 3107 1517 3160 δέ
1532 3109 1625 3173 καὶτῆς
1641 3107 1725 3162 Ὀλυν-

128 3189 208 3249 όντως
228 3187 431 3251 έξαποσιείλωσι,
448 3186 492 3254 τὴν
512 3188 555 3258 μέν
576 3187 615 3240 έπὶ
632 3187 802 3250 Μακεδονίαν,
822 3185 866 3251 τήν
880 3189 906 3240 δέ
950 3187 1008 3238 θίων
1024 3187 1085 3258 μετά
1104 3190 1147 3252 τῆς
1170 3184 1298 3252 Ἀθηναίων
1317 3187 1451 3256 δυνάμεως.
1472 3189 1558 3256 Διόπερ
1579 3187 1619 3240 καὶ
1638 3187 1652 3240 ὁ
1670 3190 1724 3258 περὶ

128 3267 171 3320 έπὶ
190 3265 234 3332 τήν
253 3266 386 3330 Ὄλυνθον,
406 3265 464 3317 ἀλλ’
480 3267 523 3318 ἵνα
540 3265 682 3336 ρτιόηθέντες
703 3263 747 3329 τήν
769 3263 905 3335 ύπεμόολήν
949 3263 1301 3335 τούτωνῶςὸμολογονμένων
1313 3263 1473 3334 παρείληπται
1483 3265 1569 3334 λόγος,
1589 3265 1623 3317 Tb
1635 3266 1660 3319 δέ
1678 3272 1722 3318 τοῦ

128 3351 180 3398 τῶν
195 3343 373 3414 ἀναλωμάτων,
387 3342 408 3395 εί
422 3343 517 3414 ἀνάγκη
529 3345 625 3413 γένοιτο
640 3342 666 3396 ἐκ
682 3349 730 3396 τῶν
746 3342 841 3396 οἰκείων
856 3344 904 3398 εἰσ·
948 3343 1073 3398 Φιλίππου
1091 3343 1162 3396 έλυσε
1179 3343 1293 3406 δυνατὸν,
1313 3342 1437 3405 ἀποδείξας
1455 3345 1544 3414 σαθρόν
1559 3343 1667 3413 ύπάρχον
1682 3345 1722 3396 διά

126 3425 218 3495 ρέρειν,
240 3424 305 3494 πάσῃ
325 3425 413 3494 γνώμη
438 3423 480 3474 καὶ
513 3423 586 3476 παντὶ
609 3424 692 3494 τρόπῳ
714 3427 762 3474 τῶν
784 3425 904 3485 θεωρικῶν
947 3421 1041 3484 πολλάς
1054 3423 1095 3475 καὶ
1108 3423 1216 3494 μεγάλας
1230 3419 1321 3486 αἰτίας,
1342 3422 1367 3473 αθ
1385 3423 1544 3492 σημαίνονται
1561 3421 1600 3472 διά
1609 3428 1656 3474 τῶν
1667 3424 1721 3475 καθ’

127 3503 262 3556 ἀποστῶσι.
300 3501 387 3570 Τρίτον
401 3501 466 3553 έστὶν
480 3503 505 3553 έν
525 3500 561 3554 έτι
572 3507 620 3554 τῶν
635 3501 775 3554 λυπούντων
790 3501 848 3572 πρδς
859 3503 904 3568 τήν
948 3507 1060 3555 ἕκαστον.

125 3581 252 3634 ύπόθισιν.
289 3579 368 3631 Τοῦτο
394 3578 419 3631 δέ
445 3577 496 3631 ἰστὶ
521 3582 565 3630 τοῦ
587 3579 712 3632 Φιλίππου
739 3581 767 3632 τδ
790 3581 902 3634 δυνατόν.
987 3579 1129 3648 Ἀναγκαῖον
1148 3579 1173 3631 δέ
1187 3577 1251 3629 έστιν
1270 3576 1426 3630 ἀναλαόόντα
1445 3575 1565 3630 διελέσθαι
1583 3577 1625 3630 τ’σν
1644 3577 1721 3647 λόγον

125 3657 209 3711 Τοῦτο
221 3657 302 3710 τοίνυν
319 3657 412 3710 διέλυσε
428 3655 588 3728 Θουκυδιδείῳ
610 3658 781 3728 μεταχειρίσει,
797 3659 903 3728 καθάπερ
947 3659 987 3710 καὶ
1000 3657 1076 3718 δεῖξαι
1098 3658 1126 3708 δν
1147 3657 1236 3726 τρόπον
1255 3654 1322 3725 αύτῷ
1344 3659 1470 3724 προῆκται.
1517 3653 1611 3708 Οὐκοῦν
1631 3654 1656 3708 έν
1678 3657 1728 3726 μέν·

127 3735 221 3796 ἐκεῖνος
231 3734 256 3788 έν
269 3737 322 3796 ταῖς
339 3734 477 3795 Σικελικαῖς
494 3735 654 3804 δημηγορίαις
668 3736 709 3786 καὶ
726 3733 864 3805 Ἰσοκράτης
879 3735 903 3788 έν
947 3743 981 3807 τῷ
994 3737 1102 3806 προτέρην
1115 3734 1236 3804 προοιμίιρ
1249 3733 1323 3797 δῆλός
1332 3731 1382 3784 ἰστι
1394 3731 1435 3784 καὶ
1445 3731 1474 3783 τθ
1489 3731 1551 3784 κατά
1562 3730 1592 3783 τά
1605 3733 1721 3802 χρήματα

126 3819 165 3886 τῷ
176 3813 346 3884 Πανηγυρικῷ.
384 3809 425 3876 ὶὶίή
437 3811 503 3881 έχων
516 3811 563 3881 γάρ
573 3811 697 3882 ἀρνεῖσθαι
709 3811 903 3874 ὁτιόΦίλιππος
946 3815 1109 3883 διοικούμενος
1118 3813 1173 3864 ὁθεν
1183 3811 1275 3872 έξουσιν
1287 3809 1310 3861 οί
1321 3815 1473 3880 στρατιῶται.
1512 3807 1721 3863 ίίαὶείωθετοῦτο

125 3891 230 3962 δύναμιν
247 3890 309 3961 έχει,
330 3889 392 3942 κατά
405 3891 474 3960 μέρος
486 3888 560 3955 αύτίγν
574 3889 662 3942 διελὼν
680 3891 720 3942 καὶ
732 3893 905 3960 κατακερματί-
946 3897 1024 3947 ποιεῖν
1042 3893 1116 3962 [τοῦ]
1133 3891 1291 3960 συναρπάζειν
1306 3889 1347 3941 τόν
1362 3887 1499 3959 ἀκροατὴν,
1515 3888 1545 3940 τὶ
1561 3889 1659 3958 δεύτερα
1674 3891 1721 3958 πρὸ

128 3989 173 4032 σας
186 3969 243 4041 πρδς
258 3971 345 4040 μέρος,
365 3968 533 4040 ἀσθενέστερον
548 3963 663 4041 τῷλόγῳ
682 3971 827 4036 κατέστησε,
848 3971 904 4032 τούς
945 3977 993 4023 τῶν
1004 3971 1192 4041 προηγουμένων
1205 3967 1319 4039 εἰσάγων.
1361 3965 1402 4028 Ὧς
1410 3967 1457 4037 γάρ
1467 3965 1667 4038 ὁμολογουμένου
1679 3973 1721 4019 τοῦ

126 4050 288 4120 έρεστηκότας
300 4047 343 4118 μέν
363 4047 459 4108 σκαιούς
474 4050 527 4108 ταῖς
545 4050 654 4118 γνώμαις
671 4047 778 4111 δεικνύς,
804 4048 859 4108 τούς
877 4047 903 4100 δέ
946 4052 983 4103 ότι
997 4049 1055 4118 ύπὲρ
1070 4047 1147 4100 αύτῶν
1162 4046 1230 4099 έσται
1244 4047 1257 4098 ὁ
1269 4046 1391 4116 πόλεμος,
1406 4046 1470 4098 ούτω
1480 4046 1522 4098 τθν
1537 4047 1590 4116 περὶ
1601 4051 1649 4098 τῶν
1658 4065 1723 4116 χρη-

126 4127 262 4189 έπιόούλως
276 4127 452 4196 διακειμένους,
465 4127 521 4188 τούς
534 4125 560 4179 δέ
573 4125 682 4187 ἀσθενεῖς
696 4125 849 4195 ὁπάρχοντας
859 4127 902 4196 ρύ-
947 4129 1029 4202 μάτων
1042 4130 1146 4182 ποιεῖται
1163 4125 1249 4196 λόγον.
1271 4125 1355 4177 ίίαίτοι
1369 4145 1398 4196 γε
1415 4125 1530 4194 πρότερον
1545 4124 1720 4193 ἀποδειχθῆναι

126 4225 180 4259 σει·
197 4208 255 4276 ὅπερ
268 4203 360 4266 ἐκεῖνος
374 4204 485 4272 ἐποίησεν
501 4204 540 4257 ἐπὶ
549 4207 591 4270 τής
605 4203 721 4274 βασιλέως
730 4204 862 4272 δυνάμεως.
947 4206 995 4258 ἔδει
1006 4206 1106 4274 πότερόν
1117 4223 1175 4258 ποτε
1190 4201 1280 4264 οἰκεῖος
1292 4202 1369 4256 αύτῶν
1386 4203 1400 4254 ὁ
1417 4202 1540 4272 πόλεμος,
1560 4203 1661 4272 πότερον
1676 4203 1719 4254 ούκ

163 4284 198 4336 (δ’)
223 4283 271 4355 μὴν
291 4283 385 4354 δμοίως
406 4282 553 4354 simma&
567 4283 689 4354 ἔχρθῦατν
710 4281 748 4335 ἰπὶ
768 4287 816 4334 τῶν
831 4287 902 4350 τριῶν
945 4284 1042 4345 οἰκεῖος.
1083 4281 1112 4338 ‘0
1124 4285 1150 4337 δέ
1166 4287 1239 4336 τοῦτο
1253 4285 1333 4353 ὥσπερ
1349 4282 1550 4353 ὁμολογούμενον
1571 4283 1720 4350 συναρπάσας

125 4363 231 4426 τούτων,
249 4363 309 4433 άπερ
324 4361 413 4432 έραμεν
435 4361 583 4414 ἀντικεῖσθαι
603 4361 668 4432 αύτῷ
686 4357 800 4430 πρὸςτήν
817 4359 901 4412 ύπόθε-
946 4363 993 4417 ἀπθ
1005 4369 1053 4416 τῶν
1062 4365 1178 4435 δευτέρων
1193 4364 1303 4433 ἄρχεται.
1340 4365 1422 4416 Τοῦτο
1436 4361 1462 4414 δέ
1475 4363 1589 4428 πεποίηκε
1599 4363 1640 4415 καὶ
1650 4361 1675 4414 έν
1685 4369 1720 4432 τῷ

125 4463 176 4504 σιν,
198 4441 253 4495 ούδέ
270 4441 332 4494 κατθι
347 4441 476 4502 ἀντιθέσεις
494 4441 603 4510 ἀπαντᾷ·
619 4439 684 4492 ἀλλὰ
695 4441 724 4493 το
737 4441 779 4510 μέν
796 4445 900 4509 πρῶτον,
945 4445 999 4514 περὶ
1010 4449 1053 4497 τοῦ
1064 4445 1180 4514 στεφάνου
1192 4443 1271 4512 λόγῳ,
1309 4441 1417 4507 Μηδέπω
1428 4440 1476 4510 γάρ
1488 4439 1606 4504 συστήσας
1617 4440 1718 4508 πότερον

124 4521 159 4572 δι’
172 4517 201 4573 ού
217 4521 389 4582 κατασκευάζει
406 4519 497 4572 οἰκεῖον
510 4517 574 4572 εἰναι
587 4519 629 4572 τόν
643 4519 766 4590 πόλεμον,
780 4519 813 4579 ίος
826 4537 902 4589 προη·
946 4521 1018 4575 αύτθν
1028 4523 1043 4588 ἢ
1052 4523 1210 4592 ίίτησιρῶντα
1219 4519 1472 4588 ἀπολογήσασθαιδεῖ,
1485 4519 1636 4587 συναρπάσας
1646 4521 1718 4570 τοῦτο

124 4601 258 4670 γούμενον.
296 4595 332 4652 Ού
342 4598 503 4668 προελθόντος
517 4599 558 4650 καὶ
570 4603 788 4668 προκεχωρηκυιῶν
798 4595 845 4664 ήδη
854 4603 901 4650 τῶν
944 4601 977 4662 ῶς
990 4601 1190 4672 ὁμολογούμενον
1208 4597 1273 4660 ἀξιοῖ
1288 4599 1343 4659 τούς
1359 4597 1490 4657 ἀκούοντας
1508 4595 1638 4664 έπιτρέπειν
1655 4595 1720 4666 αύτῷ

125 4683 292 4742 κατασκευῶν,
313 4677 453 4744 λεληθότως
474 4682 517 4743 τῆς
540 4677 681 4739 ἀντιθέσεως
701 4677 742 4730 καὶ
762 4675 903 4738 ἀνυπόπτως
946 4679 999 4730 καθ’
1015 4679 1045 4744 ἣν
1061 4678 1173 4748 βούλεται
1185 4677 1250 4738 τάξιν
1267 4677 1381 4746 προάγειν
1400 4675 1443 4727 τὀν
1456 4674 1542 4742 λόγον.
1581 4673 1615 4725 Tb
1627 4673 1653 4724 δέ
1667 4673 1720 4725 δεύ-

127 4758 229 4829 μνήμην
243 4758 381 4825 πεποίηται.
419 4757 488 4811 Μετά
509 4757 557 4829 γάρ
579 4757 608 4811 τδ
629 4757 747 4819 πολλάκις
772 4757 902 4819 ἀποδείξεις
946 4773 1015 4826 τερον
1031 4759 1100 4828 μέρος
1111 4759 1155 4809 τοῦ
1167 4753 1241 4808 αύτοῦ
1255 4754 1383 4824 προοιμίου
1401 4753 1535 4818 λεληθυῖαν
1550 4752 1603 4822 ἔχει
1620 4749 1664 4816 τήν
1678 4752 1717 4804 έν-

124 4835 273 4901 ποιήοασθαι
285 4841 329 4889 τοῦ
345 4838 397 4889 δεῖν
411 4841 459 4888 τῶν
471 4837 621 4907 πραγμάτων
634 4835 777 4906 ἀντέχεσθαι
793 4834 902 4906 ίπήγαγε
945 4833 1016 4896 δειξιν
1030 4839 1073 4888 τοῦ
1084 4835 1222 4887 πεποιθέναι
1233 4837 1285 4894 τοῖς
1301 4831 1446 4902 λογισμοῖς,
1462 4831 1502 4884 καὶ
1520 4831 1558 4882 ὁτι
1572 4827 1648 4890 ούδεὶς
1662 4829 1717 4899 βελς

128 4945 139 4970 ν
158 4920 210 4972 Νῦν
224 4919 300 4990 γὶρθ
318 4921 405 4981 πάντες
425 4919 539 4989 ἐθρύλουν
552 4919 585 4981 ὡς
602 4917 742 4981 ’θλυνθὶως
759 4918 900 4990 ἐκπολεμω-
944 4914 1013 4966 τίονα
1034 4911 1197 4983 εἰσηγήσεσιν.
1245 4910 1276 4964 Ἦ
1299 4911 1347 4982 γὰρ
1367 4910 1400 4971 είτ
1415 4910 1521 4970 ἅπαντας
1543 4907 1598 4970 τοὶς
1617 4907 1719 4979 ῥήτορας

128 5023 139 5042 ι
158 5015 198 5048 σαι
218 4998 265 5051 δεῖ.
289 5019 299 5046 ν
324 4997 356 5049 Ὃ
375 4999 448 5050 δοκεῖ
461 4999 542 5066 ῶσπερ
557 4995 678 5067 ἀναίρεσιν
702 4996 845 5067 έργάζεσθαι
859 5000 902 5062 τῆς
945 4991 1076 5063 πρόκλησις
1089 4991 1233 5062 θαρροῦθτύς
1249 4989 1299 5042 έῦτῑ
1319 4988 1361 5042 καὶ
1374 4989 1514 5048 πῑπῡῑθόῖος
1534 4992 1569 5058 τῷ
1587 4989 1716 5058 σκέμμαῖῑν

125 5075 278 5136 ἀντιθέσεως.
316 5075 357 5137 Τίς
376 5075 423 5146 γάρ
436 5077 465 5127 δν
485 5074 631 5152 τολμήσειεν
657 5074 786 5146 ἀλλότριον
805 5073 841 5128 έτι
855 5075 900 5144 ρά-
944 5073 976 5124 δι’
993 5068 1238 5142 ούπροαποκρούεται
1259 5069 1314 5130 τούς
1331 5067 1446 5138 περὶτῶν
1462 5067 1596 5138 χρημάτων
1615 5064 1718 5120 ἀντικει-

125 5171 192 5206 ακειν
208 5149 272 5205 εἰναι
286 5153 328 5206 τδν
339 5151 448 5224 πόλεμον
465 5155 494 5207 δν
512 5151 578 5208 οῦτοι
589 5153 707 5216 πολλάκις
716 5155 901 5215 κατασκευάζειν
946 5155 1029 5223 μένους
1041 5151 1139 5221 λόγους.
1176 5149 1269 5202 ’Ἅπασα
1282 5147 1330 5218 γάρ
1343 5145 1358 5213 ί]
1374 5145 1456 5200 έννοια
1467 5145 1483 5213 ἡ
1493 5145 1546 5218 περὶ
1559 5149 1601 5212 τῆς
1612 5144 1719 5215 προκλή-
