4032 6094
702 451 767 512 XX.
792 451 894 512 ΠΡΟΣ
915 451 1125 512 ΛΕΙίῚΊΝίίλ.
1661 461 1717 514 643

103 581 293 654 θλιςάφελίσθαι.
332 579 537 653 Συγκατατίθεται
552 577 649 635 ούνκαλ
663 581 733 645 αύτδς
747 585 799 646 τοῖς
812 583 886 654 λεγο·
934 585 964 636 ἃν
978 583 1002 636 οί
1016 584 1196 638 πλουσιώτατοι
1214 587 1399 654 λειτουργεῖνσιν,
1420 580 1492 645 αύτθς
1509 575 1646 655 ἀφαιρεῖται
1663 586 1718 647 τούς

104 663 193 732 μένοις,
205 661 238 724 όνς
251 659 295 714 ούκ
308 659 374 732 έχων
383 659 469 732 ῥᾳδίως
483 657 629 732 ἀντιλέγειν,
641 661 679 714 ότι
692 661 886 734 μετασοήσονεαι
932 661 1141 726 πλουσιωτάτους,
1158 661 1238 733 νέμων
1250 663 1304 725 ταῖς
1316 662 1496 732 τριηραρχίαις,
1508 663 1572 716 ὥστε
1586 661 1654 724 εύθδς
1665 662 1719 714 άλί-

104 739 137 802 εἰς
158 741 214 802 τούς
234 739 429 801 πλουσιωτάτους
452 737 478 792 αί
497 739 657 811 λειτουργίαι.
693 739 765 794 Οθτω
784 741 886 795 πιθανδν
933 742 1031 794 σκεσθαι
1052 741 1127 812 4εῆ
1150 741 1193 794 ιδν
1217 741 1346 807 Λεπτίνην.
1386 737 1461 796 Ἐκεῖ
1474 740 1516 812 μέν
1535 735 1583 812 γάρ
1603 739 1718 794 ἀπαντῶν

104 818 181 873 ἰδόντι
192 819 267 874 τεκαὶ
278 820 397 890 συμφέρον
416 817 550 888 προτείνειν
562 818 687 886 Λεπτίνης.
725 819 768 872 Λιδ
787 820 828 872 καί
844 837 886 892 με·
933 823 968 890 τῷ
981 819 1063 890 νόμερ,
1077 819 1162 882 Ὅπως
1176 820 1205 872 ἀν
1217 817 1241 872 οί
1254 819 1434 874 πλουσιώτατοι
1446 818 1620 891 λειτουργῶσι,
1634 819 1714 890 λίγει-

103 897 176 950 θόδου
188 898 266 952 δεῖται
278 895 378 968 ἰσχυροῖς
391 897 449 968 πρδς
460 895 505 963 τήν
518 895 596 954 λύσιν.
635 895 676 960 Τίς
686 891 730 950 σύν
741 897 758 966 ή
771 899 885 969 μέθοδοςς
932 899 1038 952 δείκνυσι
1056 898 1082 952 δί
1099 897 1115 966 4
1129 899 1240 953 πολιτεία
1262 899 1348 970 ψεῦδος
1360 899 1390 950 δν
1403 898 1432 952 τθ
1450 899 1506 961 τούς
1524 897 1720 962 πλουσιωτάτους

104 978 194 1048 μερίζει
220 976 262 1038 τὰς
282 975 434 1048 λειτουργίαις
458 975 521 1030 κατά
541 977 670 1048 πρόσωπον
689 977 764 1048 δίχα,
785 977 840 1039 τούς
860 995 887 1030 τε
931 977 1094 1049 λειτουργεῖν,
1109 980 1215 1049 νίμουσα
1228 980 1282 1039 ταῖς
1295 977 1461 1048 τρεηραρχίαις
1473 979 1572 1041 αύτούς·
1591 981 1654 1033 ὥστε
1669 987 1719 1042 τῶς

104 1057 228 1127 μετοίκους
247 1055 295 1126 ἰδίᾳ
315 1055 356 1108 καί
373 1055 429 1118 τούς
447 1055 548 1117 πολίτας
570 1055 652 1122 τιθείς.
689 1055 761 1127 Μίγα
784 1055 832 1128 γάρ
856 1053 889 1117 είς
933 1059 962 1110 ἀν
975 1058 1000 1110 οῖ
1013 1058 1192 1112 πλουσιώτατοι
1204 1056 1420 1128 λειτουργήσαιενς
1438 1055 1536 1122 ήλύσις
1549 1056 1576 1109 δέ
1593 1061 1636 1124 τῆς
1649 1056 1716 1110 ἀντι·

102 1135 240 1206 καθαίρεσιν
252 1134 266 1187 ό
276 1137 319 1187 τού
330 1133 437 1201 πλήθους
447 1135 571 1207 μερισμός,
584 1137 664 1206 ὥσπερ
675 1133 773 1202 αύξησιν
788 1134 890 1205 όάθρσι-
933 1137 1019 1200 θέσεως
1032 1137 1094 1190 κατὰ
1109 1135 1208 1207 μείωσιν
1222 1137 1323 1208 γίγσντ,
1339 1133 1379 1188 διδ
1393 1136 1422 1190 τό
1437 1134 1470 1206 μὴ
1486 1135 1553 1206 ἔχειν
1571 1137 1615 1189 τόν
1626 1137 1718 1208 ῥήτορα

103 1213 164 1282 σμδς
178 1214 297 1283 περιέχει·
316 1213 397 1282 ὥσπερ
407 1213 481 1266 πάλιν
494 1211 519 1266 ἰν
533 1215 586 1275 ταῖς
598 1212 752 1284 παραόσλαῖς
764 1213 887 1284 χρήσιμον
933 1214 1107 1287 ἀνατρεπτικήν
1131 1215 1286 1287 ἀντιλογίαν,
1313 1215 1437 1285 βιάζεσθαι
1455 1215 1482 1269 θλ
1502 1211 1549 1269 ύπδ
1564 1219 1607 1282 τῆς
1626 1217 1718 1286 φύσεως

102 1289 204 1361 ήμῖντδ
219 1293 343 1362 θεώρημα.
381 1291 428 1346 ίίαί
440 1291 489 1362 γάρ
507 1290 581 1345 κάκεῖ
592 1292 729 1363 μερίζοντες
747 1298 797 1345 τῶν
811 1311 889 1363 πραγ·
932 1299 980 1346 τῶν
999 1298 1152 1366 πραγμάτων
1169 1293 1202 1357 εἰς
1221 1298 1294 1348 τοῦτο
1312 1295 1494 1366 κστσφίρισθαι.
1533 1292 1600 1347 Εἶτα
1618 1294 1659 1347 καί
1672 1293 1717 1360 τὴν

104 1371 187 1438 μάτων
207 1366 252 1434 τὴν
274 1369 343 1436 φύσιν
366 1370 541 1440 μεγαλοποεεῖν
562 1371 695 1441 δυνάμεθα,
718 1369 842 1424 κάνταῦθα
861 1371 887 1423 δὲ
933 1372 1029 1442 βλάόην
1049 1373 1116 1435 εύθυς
1134 1373 1248 1445 τῇλύσει
1263 1373 1391 1440 συνάπτει,
1411 1373 1523 1443 προσθείς
1542 1375 1597 1436 τοὶις
1612 1375 1719 1436 ἅπαντας

104 1447 250 1520 μεριζόμενα
268 1445 298 1499 τὰ
320 1453 369 1500 τῶν
388 1448 545 1519 λειτουργιῶν
563 1449 702 1519 καθαίρεσιν
720 1449 793 1520 φίρτι.
841 1449 888 1501 ίίαὶ
932 1449 1046 1512 ἀπίστους
1060 1453 1119 1522 πρός
1132 1451 1217 1514 αύτούς
1229 1451 1365 1522 μίλλοντας
1378 1451 1497 1522 γίνεσθαι.
1510 1451 1592 1506 TCV.

103 1525 172 1580 ούδέν
186 1525 275 1579 κωλύει
286 1525 315 1579 τό
329 1525 388 1579 αύτδ
409 1527 524 1597 θεώρημα
542 1525 667 1598 καθαιρεῖν
681 1527 722 1580 καί
733 1525 812 1589 αὔξειν
825 1528 887 1581 κατόν
968 1531 1037 1592 46σ,
1052 1529 1096 1584 σθ.
1111 1527 1241 1597 ίίολλεύς]
1254 1525 1349 1588 ἀτελεῖς
1360 1526 1487 1593 δηλονότι.
1503 1530 1533 1581 P.

103 1607 218 1676 διάφορον
228 1604 318 1676 λόγον·
332 1604 430 1676 καλγδιρ
441 1604 457 1672 ἡ
468 1605 604 1674 πηλικότης
621 1604 689 1660 οἶδεν
706 1605 785 1668 αύξειν
804 1625 831 1660 τε
845 1607 887 1660 καί
967 1605 1036 1670 463,
1062 1623 1085 1661 ι,
1101 1603 1176 1672 Θήσω
1189 1606 1270 1658 τοίνυν
1288 1605 1355 1678 ίγόν]
1368 1603 1440 1658 λίετά
1458 1603 1503 1670 τήν
1521 1603 1643 1678 ἀναίρεσιν
1661 1625 1718 1659 συν·

104 1687 198 1752 μειοῦν.
236 1681 291 1736 Λύει
302 1681 329 1736 δέ
341 1689 377 1754 τῷ
387 1681 449 1736 κατθι
462 1679 596 1755 συνδρομὴν
610 1685 758 1756 θεωρήματι,
773 1686 832 1756 ὅπερ
842 1705 887 1738 κα·
931 1685 1023 1756 δρομή·
1039 1680 1066 1737 έκ
1077 1683 1212 1756 περιουσίας
1225 1683 1273 1756 γίιρ
1285 1688 1361 1737 ταῦτα
1371 1681 1439 1755 λέγει
1451 1682 1549 1738 λοιπόν.
1564 1679 1645 1741 ch.

102 1761 188 1814 λούειν
202 1759 415 1832 ἀντιπερίστασιν.
454 1761 691 1835 Συγκατατιθίμενος
710 1763 758 1834 γόιρ
776 1765 828 1826 τοῖς
845 1762 888 1816 λε·
968 1763 1033 1829 463,
1053 1769 1080 1818 6.
1095 1763 1238 1830 Φανήσετει
1258 1761 1305 1834 γὰρ
1324 1761 1380 1816 αύδλ
1400 1762 1496 1816 πολλοῦ
1509 1764 1551 1816 δεῖ
1556 1767 1565 1832 1
1582 1763 1637 1817 ἀντί
1653 1765 1713 1826 τού,

103 1840 218 1910 γομένοις
232 1837 279 1892 ύπδ
292 1840 410 1893 Λεπτίνου
430 1841 544 1911 βούλεται
562 1843 634 1908 δῆθεν
649 1841 689 1894 διὰ
711 1846 756 1894 τοῦ
770 1847 888 1914 μερισμοῦ
932 1843 988 1898 ούδέ
1000 1843 1073 1912 αύτῆς
1089 1848 1132 1910 τῆς
1150 1842 1268 1914 αἰσχύνης
1281 1841 1357 1907 ἀξιον,
1374 1835 1440 1908 οῖον,
1461 1841 1517 1896 ούδθ
1532 1839 1660 1914 ἰσόρροπον
1674 1847 1718 1909 τῆς

103 1917 149 1984 τὴν
172 1915 295 1990 ἀιρίθτιαν
316 1921 360 1972 τοῦ
379 1918 457 1991 λόγου
477 1919 573 1992 μαθεῖν,
596 1921 638 1974 καί
656 1919 677 1974 εἰ
695 1919 728 1992 μὴ
743 1922 888 1992 φαινόμενος
932 1921 1063 1993 αἰσχύνης,
1077 1921 1134 1975 ἀλλ’
1152 1921 1258 1976 ἔλαττον
1271 1922 1367 1992 κάρδος·
1384 1922 1447 1974 ὥστε
1462 1923 1578 1988 Λεπτίνης
1595 1919 1628 1984 είς
1645 1920 1717 1983 δόξαν

104 1997 180 2062 ἰοτιν,
196 1995 253 2049 ἀλλ’
268 1995 360 2066 ἀληθὴς
373 1997 387 2050 ό
400 1998 486 2070 λόγος.
499 1999 580 2052 TCV.
932 2003 1027 2072 ζημιῶν
1039 2000 1132 2056 ούδίιπσ
1147 2000 1230 2071 φιλεῖ,
1243 1997 1309 2052 ἀλλά
1323 2001 1491 2070 πονηρεύεται.

141 2079 209 2140 46ο,
228 2075 268 2130 13.
286 2073 340 2128 Είαλ
351 2075 399 2148 γὰρ
414 2077 491 2142 δήπου
512 2077 567 2148 παρ’
581 2077 659 2152 ύμῖν]
676 2077 828 2150 ’Λλίξανδρος
843 2080 886 2152 μίν
967 2082 1036 2147 463,
1055 2087 1096 2134 16.
1112 2080 1189 2133 Πόσοι
1200 2080 1287 2147 δήποτ’
1302 2078 1380 2148 εἰσίν]
1395 2077 1452 2133 ’Aah
1466 2083 1509 2132 τού
1528 2079 1600 2133 κόσοι
1615 2079 1660 2140 ἕως
1673 2083 1717 2132 τού

104 2153 266 2226 έξηγοόμενός
285 2173 358 2226 φησιν
380 2155 418 2208 ότι
440 2155 489 2208 ἔδει
509 2158 717 2228 πανηγυριζούσης
734 2162 776 2226 τῆς
794 2158 889 2222 πόλεως
933 2159 1069 2230 ἑστιάτορες
1081 2159 1183 2232 οἰνδτμία
1196 2158 1287 2231 στιγμή
1302 2157 1399 2231 μεταξύ.
1413 2157 1444 2214 Β.

104 2234 167 2303 μήτε
179 2235 235 2296 τούς
245 2231 325 2296 ξένους
336 2233 397 2305 μήτε
409 2235 465 2296 τοὶνς
477 2237 601 2306 μετοίκους
613 2240 817 2308 πορρωτάτωτῶν
827 2238 888 2292 ἀπο-
967 2237 1014 2291 Ἳν’
1026 2234 1070 2291 ούν
1089 2241 1219 2310 τριάκοντα
1236 2239 1378 2310 ἄνθρωποι]
1391 2235 1426 2290 ού
1442 2237 1510 2308 λίγιι
1523 2242 1571 2290 τῶν
1589 2237 1718 2306 τριάκοντα

102 2311 213 2366 λαύσεων
226 2313 381 2366 καθεστάναι.
422 2311 578 2386 Ἐχυρήγουν
591 2318 672 2370 τοίνυν
684 2317 726 2370 καί
737 2316 806 2372 αύτοὶ
816 2318 890 2385 θηλο-
934 2317 1044 2382 πλείους,
1060 2317 1118 2370 ἀλλ’
1130 2319 1189 2372 όταν
1201 2317 1309 2380 πολλούς
1322 2319 1413 2388 δῶμεν,
1430 2316 1559 2387 ίαορύνους
1575 2315 1714 2386 τριάκοντα.

103 2391 156 2442 νύτι
169 2389 317 2444 καλείστίων
330 2390 752 2468 ἀλλήλους,ῖναμηδε“ιςάμοιροςή
767 2397 829 2449 κατὰ
841 2395 886 2464 τήν
968 2399 1035 2463 463,
1060 2415 1101 2468 19.
1121 2396 1187 2450 Ἀλλ’
1202 2397 1291 2470 ἴσμεν]
1305 2396 1392 2458 ’Λλλος
1408 2393 1614 2467 ἵρύκῠςίίῡσῑωςν
1627 2394 1668 2448 *ύί
1682 2399 1718 2466 ἵῷ

102 2469 176 2522 πόλιν
188 2473 230 2536 τῆς
246 2471 375 2541 μετουσίας
388 2477 436 2524 τῶν
449 2472 548 2543 ἑορτῶν.
586 2474 667 2536 Λόξειε
679 2475 701 2526 δ’
714 2477 743 2528 δν
758 2475 888 2546 μαλλονό
932 2477 986 2529 καθ’
996 2477 1109 2531 ύπόόεσιν
1124 2477 1240 2548 κέχρηται
1253 2477 1364 2550 σχήματι
1377 2475 1403 2529 ln
1417 2476 1561 2546 περιουσίας,
1578 2473 1694 2529 BFSYP.

102 2549 274 2620 Λημοσθένης,
289 2550 329 2602 διὰ
341 2553 383 2618 τῆς
395 2551 547 2622 έπαγομένης
559 2551 652 2617 ἰννσίας
663 2554 721 2625 πρδς
733 2553 778 2620 τήν
793 2553 888 2610 ἀντίθε-
968 2555 1030 2618 463,
1043 2571 1088 2610 σο.
1104 2555 1144 2608 Ἇν
1157 2575 1201 2626 περ
1214 2555 1230 2622 ίγ
1242 2553 1312 2618 πόλις
1324 2550 1350 2622 ή,
1366 2549 1474 2626 πολλοί]
1487 2552 1558 2606 Πολύ
1571 2557 1606 2624 τῷ
1616 2551 1718 2622 ριλοπό·

103 2645 141 2678 σιν
156 2627 278 2694 ἀπαντῶν,
295 2627 451 2700 ἰσχυροτέραν
466 2629 540 2696 αύτήν
558 2635 647 2686 ποιεῖν.
683 2633 714 2685 Τί
736 2633 784 2705 γὰρ
804 2635 887 2704 ἕτερον
932 2632 1035 2686 λιδικαί
1048 2634 1077 2688 τδ
1093 2633 1141 2688 ἀπό
1155 2637 1198 2700 τῆς
1211 2633 1303 2696 εύνοίαις
1316 2609 1384 2700 ήθος.
1420 2632 1456 2685 Ού
1473 2631 1521 2704 γάρ
1535 2629 1716 2702 ἀφίησινήδε-

104 2703 158 2758 εἶπε
173 2707 287 2774 Λεπτίνης
298 2707 313 2773 ἰ,
327 2708 365 2759 ότι
373 2707 464 2760 πολλοὶ
475 2715 523 2762 τῶν
535 2711 655 2780 μετοίκων
665 2711 707 2764 καί
718 2717 766 2764 τῶν
777 2713 887 2766 πολιτῶν
932 2710 970 2773 ξιλ
983 2713 1047 2783 τύχη
1062 2717 1104 2780 τῆς
1117 2711 1212 2775 πόλεως
1225 2714 1312 2766 σπάνιν
1327 2712 1441 2784 γινίσθει
1454 2711 1623 2782 λειτουργιῶν,
1638 2710 1716 2770 οωζο·

103 2783 150 2844 ίξω
163 2783 320 2856 λειτουργιῶν
333 2786 477 2853 καθεστᾶσι,
489 2785 534 2854 τὴν
547 2787 657 2842 ἀτέλειαν
672 2789 784 2862 ίχοντεςς
798 2790 826 2844 ού
839 2791 887 2863 μήν
933 2792 1005 2862 μένης
1019 2796 1062 2858 τῆς
1074 2791 1177 2854 πόλεως.

102 2863 178 2925 οὕτως
190 2863 260 2934 ἔχει,
275 2863 331 2915 ἀλλ’
347 2863 379 2926 εἰς
391 2864 433 2917 τδν
447 2867 565 2940 μερισμόν
580 2867 735 2939 μεταόιθάζει
746 2869 789 2922 τόν
801 2869 888 2941 ἀκροα-
967 2872 1029 2936 463,
1045 2887 1089 2925 σε.
1106 2869 1176 2925 Είεν.
1216 2868 1283 2924 Είθὲ
1303 2867 1350 2939 δή]
1366 2869 1451 2932 Ἄλλος
1468 2869 1555 2939 τρόπις
1573 2869 1716 2933 uwel*

102 2939 158 3008 τήν,
170 2943 213 2994 ίνα
225 2943 278 2994 καθ’
291 2943 404 3013 ἑκάτερον
418 2947 488 3016 μέρος
499 2945 514 3013 ή
536 2945 654 3010 ἀπόδειξις
670 2948 831 3020 εὗμαθεατίρα
850 2952 889 3020 γέ·
932 2952 1022 3016 τεύθεν,
1033 2953 1072 3006 ότι
1086 2951 1183 3022 βέλτιον
1194 2947 1227 3013 εἰς
1235 2949 1375 3004 συντίλειαν
1388 2948 1493 3020 ἀγαγεῖν
1503 2947 1545 3010 τὰς
1555 2948 1715 3021 λειτουργίας.

102 3039 187 3088 νηται·
211 3019 266 3074 εἶτα
281 3022 323 3074 καί
340 3021 381 3073 διδ
400 3027 449 3076 τῶν
461 3023 534 3086 ξένων
549 3027 590 3079 καί
606 3029 724 3098 μετοίκων
744 3025 788 3094 τήν
803 3028 829 3081 ἐκ
845 3047 885 3082 πε·
932 3031 979 3084 ίίαί
992 3036 1028 3102 τῷ
1038 3032 1094 3084 καθ’
1106 3029 1219 3085 ίιπόθεσιν
1234 3029 1351 3100 κίχρηται
1365 3027 1486 3099 σχήματι,
1498 3026 1532 3078 ἵν’
1543 3025 1570 3079 ἰκ
1581 3028 1717 3098 περιουσίας

102 3103 208 3173 ριουσίας
220 3099 373 3172 λειτουργίαν
388 3104 502 3158 δείκνυσι.
514 3106 668 3178 Ζητεῖγάρὴ
682 3107 751 3169 πόλις
760 3106 804 3160 οἰκ
821 3105 845 3161 εί
854 3127 888 3170 τις
932 3110 973 3162 καὶ
990 3110 1069 3182 τούτῳ
1088 3109 1350 3184 χρώμενοςφιιίνηται,
1389 3103 1454 3159 Είτα
1467 3105 1581 3158 συνάπτει
1592 3105 1666 3159 πάλιν
1682 3111 1718 3178 τῷ

103 3183 213 3251 με’τοικος
222 3181 374 3251 χορηγήσει,
387 3181 445 3234 ἀλλ’
457 3182 482 3238 τί
499 3203 533 3246 τις
545 3185 647 3253 πολίτης
661 3190 691 3256 τῇ
708 3185 788 3240 πόλει.
802 3187 882 3243 TCV.
932 3185 993 3240 κατὰ
1006 3187 1106 3258 μείωσιν
1124 3189 1283 3258 συγκριτικήν·
1300 3183 1450 3246 ἀντεξετάζει
1462 3181 1510 3256 γάρ
1525 3181 1569 3234 τόν
1584 3180 1645 3234 κατά
1660 3201 1716 3236 συν.

138 3264 204 3325 46α,
220 3264 261 3324 ι4.
277 3259 328 3312 ’ον
343 3259 461 3332 ίκατίρων
476 3261 528 3317 έστί
539 3265 591 3328 τοῖς
602 3265 760 3337 εύρημίνοις]
775 3265 809 3328 ὡς
823 3265 888 3320 ἀντι·
930 3266 1026 3320 τίλειαιν
1037 3267 1128 3338 τρόπον
1140 3267 1192 3328 τοῖς
1205 3263 1399 3336 ἰπαγγίλμαοιν.

101 3336 317 3408 καταλλαξαμίνης
330 3339 373 3402 τῆς
385 3338 480 3402 πόλεως
497 3341 556 3412 πρὸς
573 3343 627 3406 τούς
642 3342 766 3414 εὐεργέτας
779 3341 823 3408 τήν
843 3345 888 3414 χό-
966 3345 1030 3414 463,
1043 3351 1088 3407 14.
1103 3343 1147 3406 Εἰς
1168 3341 1307 3396 συντέλειαν
1323 3339 1447 3411 ἀγαγεῖν]
1462 3337 1549 3398 Ἄλλος
1566 3339 1654 3409 τρύῡῠς
1672 3337 1715 3403 &qv

101 3434 148 3485 ριν.
163 3414 278 3486 Εύρίαθαι
287 3417 333 3486 γάρ
346 3413 397 3470 ἔστι
412 3417 441 3471 τό
454 3418 541 3472 λαόεῖν
552 3421 605 3474 ἀνθ’
617 3419 652 3474 ὧν
663 3441 697 3483 τις
709 3421 794 3475 ἔδωκε.
805 3423 884 3476 ch.
931 3421 1026 3476 ἰνθειαν
1039 3423 1209 3494 διορθούμενος
1218 3419 1280 3475 κατθ
1292 3418 1442 3492 μετάληψιν,
1456 3415 1490 3478 ὣς
1501 3415 1526 3469 ἓν
1540 3419 1594 3478 ταῖς
1604 3435 1717 3488 ww?-

138 3497 200 3560 46²,
213 3493 253 3548 15.
262 3493 316 3546 Τῶν
330 3494 378 3566 γάρ
391 3494 423 3558 εἰς
434 3497 477 3550 τόν
490 3499 619 3572 πόλεμον]
632 3501 679 3554 Λύο
691 3497 731 3554 διά
743 3504 785 3567 τῆς
796 3500 888 3564 ἰννοίας
931 3519 950 3572 χ
952 3502 996 3563 ίαις
1014 3503 1114 3566 ποιῆσαι
1134 3499 1179 3552 κάν
1202 3500 1256 3559 ταῖς
1273 3497 1417 3568 χορηγίαις·
1439 3493 1524 3566 καλτῇ
1544 3497 1671 3564 παραδόσει
1688 3496 1717 3548 τ“ο

101 3572 190 3638 ταύτης
207 3571 302 3625 ἀνύσει·
319 3573 345 3625 έν
362 3573 415 3644 μὲν,
431 3575 469 3630 ότι
487 3575 564 3641 ούδείς
578 3577 665 3645 ἀτελής
680 3584 728 3633 τῶν
747 3577 889 3640 εἰςτδνπό·
932 3579 1028 3648 βέλτιον
1042 3579 1153 3648 εύρίσεει.
1191 3573 1291 3630 Βέλτιον
1306 3575 1354 3645 γὰρ
1372 3575 1461 3636 τούτο,
1476 3573 1559 3643 φηθῑίι
1573 3574 1612 3626 ύῖῑ
1624 3574 1717 3643 βίῑίύ·

101 3650 189 3720 λεμον,
213 3652 276 3704 ὥστε
297 3653 432 3722 χρησίμους
448 3657 573 3724 φαίνεσθαι
591 3659 666 3730 ταύτῃ
686 3659 741 3720 τούς
759 3655 888 3728 είληφότας
931 3675 986 3726 τηιι
997 3655 1043 3722 τήν
1055 3653 1331 3723 αίσθησινύποκλίπτει.

101 3723 147 3792 τηε
159 3725 280 3792 κειται,
293 3729 348 3798 περι
360 3725 396 3781 σι
409 3730 423 3783 ε
437 3733 512 3796 ποτε.
525 3737 643 3790 Λεπτίνου
657 3736 741 3807 mm·
755 3737 838 3806 ειεροι
850 3735 886 3800 ει,
968 3737 1030 3802 εει,
1045 3731 1280 3805 σπερματίας]
1295 3731 1386 3791 θάνεν
1397 3727 1718 3800 νίιίιτεῖετειιεεεκίευ

99 3805 144 3856 ἵνα
165 3803 199 3875 μί
213 3823 247 3867 τις
269 3803 351 3872 οίηται
366 3807 408 3871 είις
428 3809 580 3885 λειτουργίας
597 3813 640 3876 τίς
659 3813 732 3875 αύτλς
750 3811 815 3866 εἰναι
834 3815 888 3876 ταῖς
932 3813 1075 3868 συνετέλουν
1090 3811 1154 3878 πλήν
1168 3815 1216 3864 τῶν
1231 3809 1300 3862 ίννία
1313 3808 1453 3880 ἀρχόντων.
1466 3806 1496 3859 Ρ.

101 3883 223 3954 εἰσφοραῖς
234 3885 464 3958 ῑαλτρῑηραρχίσες.
483 3893 519 3945 Τό
531 3891 556 3946 δέ
571 3913 581 3942 ι
597 3895 626 3960 ήν
638 3887 710 3956 ούτυς
725 3893 885 3964 ἀφαιρεῖται»
967 3899 1037 3960 464,
1053 3894 1079 3948 3.
1091 3892 1162 3946 θθτω
1173 3891 1255 3946 τοίνυν
1269 3889 1347 3960 τινές]
1362 3885 1479 3940 Ἔπαινον
1491 3885 1544 3957 ἔχει
1558 3891 1606 3938 τῶν
1620 3885 1716 3939 οἰκείων

101 3963 169 4016 τεθέν
188 3967 231 4016 τοῦ
249 3963 329 4034 βιαίου
341 3967 382 4018 καί
402 3971 445 4034 τῆς
459 3969 552 4035 ἀδικίας
565 3971 682 4038 πλείστην
705 3969 808 4042 ἔμφασιν
824 3970 886 4041 ἔχει.
931 3974 1047 4038 πίστεων,
1065 3973 1098 4035 ένς
1118 3972 1196 4034 ούδείς
1216 3969 1324 4040 ἀναιρεῖν
1344 3963 1404 4020 αύτδ
1427 3963 1516 4036 ἰσχύει.
1554 3964 1669 4034 θίάχεται
1690 3965 1717 4018 δέ

105 4041 250 4114 ’Λφαιρεῖται
268 4045 316 4114 γάρ
329 4064 363 4106 τις
380 4045 491 4114 ἐκείνων,
507 4048 544 4104 ὧν
564 4052 597 4122 μή
609 4049 660 4104 ἰστι
676 4051 770 4122 κύριος,
787 4049 814 4102 ού
827 4049 888 4103 κατθι
933 4051 1001 4122 ῖτίρρ
1023 4052 1071 4104 τινί
1088 4049 1220 4115 ἀντιθέσει,
1241 4049 1275 4110 όις
1293 4047 1340 4118 άρα
1362 4041 1494 4100 πλουτούσί
1507 4061 1584 4107 τινες,
1608 4042 1718 4105 ἀτελείας

100 4123 178 4191 νόμον
188 4119 333 4190 λαμόάνων,
346 4123 412 4178 ἀλλά
424 4127 549 4200 πολεμίων
562 4131 644 4202 τρόπιρ
654 4131 791 4200 χρώμενος,
805 4127 886 4182 TCV.
933 4131 1121 4202 ἐπειλημμένοι·
1141 4131 1172 4197 ἣν
1186 4129 1238 4182 λόει
1252 4127 1305 4181 κατ’
1320 4127 1408 4196 άμφοε,
1427 4124 1603 4195 φιλανθρώπως
1621 4123 1662 4175 ῑΙλ
1680 4123 1716 4175 ύῑ·

137 4206 205 4275 θθλι
225 4205 263 4256 18-
284 4201 342 4254 οὗδ’
363 4205 403 4268 οὓς
423 4201 495 4271 ούτος
515 4209 620 4281 ἔγραψε]
635 4207 699 4280 Ῐίρδς
715 4207 828 4261 σύστασιν
845 4213 888 4261 τοῦ
933 4210 1015 4270 καίως.
1035 4199 1038 4204 ’
1054 4207 1084 4260 Ei
1097 4207 1139 4278 μέν
1152 4206 1240 4268 ἀδίκως
1253 4205 1294 4259 καλ
1307 4203 1438 4276 κλέψαντες
1449 4201 1565 4272 ίχουσιν·
1582 4199 1631 4254 ἔδει
1641 4219 1716 4266 κατη·

99 4279 191 4333 οἰκείου
211 4281 288 4352 νόμου
309 4285 382 4336 τοῦτό
399 4305 481 4356 φησιν.
520 4288 553 4343 Εἰ
572 4289 620 4360 γάρ
640 4287 746 4350 αύτδςό
772 4289 889 4356 Λεπτίνης
931 4289 1030 4360 γυρεῖν·
1055 4286 1076 4341 τί
1100 4287 1126 4340 δέ
1146 4283 1215 4340 ούδλν
1238 4283 1466 4354 παρανομήσαντες,
1493 4282 1649 4352 συκοφαντεῖς
1672 4277 1716 4340 τὴν

99 4359 198 4420 τούτους
212 4357 286 4425 ἀνῆκε
298 4365 334 4433 τῷ
344 4363 426 4436 νόμῳ,
443 4365 546 4434 εύδηλον
559 4365 592 4429 ὡς
608 4366 665 4437 ούχί
676 4365 825 4437 λειτουργίαι
839 4371 888 4419 τῶν
934 4369 1021 4440 μέμψιν
1043 4368 1195 4438 ποιούμενος.
1233 4363 1297 4418 Εἶτα
1318 4365 1351 4426 ὡς
1372 4363 1425 4415 οὐδ’
1450 4361 1532 4414 ίσεοθε
1557 4359 1717 4430 εύπορεότεροι

99 4439 225 4509 πολεμίων
239 4440 359 4508 ίίίῡίῑαῑ·
371 4443 451 4500 ‘'PCV·
931 4448 1051 4500 δείκνυσιν
1063 4443 1091 4499 ἰκ
1102 4451 1144 4512 τῆς
1159 4443 1311 4515 ἀφαιρίσεως.
1348 4441 1426 4495 Τοῦτο
1437 4441 1486 4512 γδρ
1494 4435 1525 4508 ήν
1537 4439 1601 4494 άλλο
1615 4442 1658 4504 τῆς
1673 4438 1716 4491 ἀν·

138 4521 206 4581 462,
223 4533 267 4570 2².
281 4518 367 4591 Τούτῳ
377 4525 385 4590 ]
401 4525 505 4597 Λεπτίνη
519 4523 624 4592 δηλαδή.
639 4527 668 4579 P.
932 4527 1044 4587 τιθίσεως
1056 4525 1134 4597 μίρος.
1147 4523 1228 4577 TCV.

136 4597 167 4649 Οί
187 4597 229 4669 μὲν
248 4599 330 4652 τοίνυν
344 4601 520 4658 πλουσιώτατοι
532 4601 542 4675 ]
552 4603 658 4674 Μερίσας
678 4602 720 4665 τάς
737 4603 889 4674 λειτουργίας
970 4605 1059 4672 ’Λλλης
1070 4603 1211 4663 ἀντιθέσεως
1223 4603 1332 4654 ύπτεται.
1361 4597 1432 4653 Ἔστι
1443 4597 1469 4652 θλ
1481 4595 1576 4664 δηλαδή
1588 4599 1631 4649 τού
1643 4593 1717 4649 αύτού

100 4673 136 4737 τίς
151 4693 177 4728 τε
190 4675 291 4738 πολίτας
308 4679 418 4744 καὶτοὺς
433 4681 573 4752 μετοίκους,
593 4681 634 4734 καί
656 4681 746 4746 ταύτην
761 4679 814 4734 κατ’
829 4679 888 4750 ἰριύ-
932 4683 1072 4754 κεραλαίου.
1107 4679 1179 4734 Ἔστι
1192 4681 1218 4733 δέ
1232 4679 1294 4734 κατθι
1306 4681 1406 4751 μείωσιν
1421 4679 1585 4749 συγκριτικῶς.
1598 4675 1714 4730 θ’ΒθΥΤ.

99 4773 171 4823 τησιν
193 4753 373 4827 ἐργασάμενος,
402 4763 477 4830 ζητεῖ
494 4761 549 4813 καθ’
574 4757 687 4830 ἑκάτερον
711 4761 781 4830 με’ρος
801 4760 890 4821 πόσους
969 4765 1031 4824 464,
1047 4779 1073 4830 7.
1092 4758 1154 4830 ’ίδίρ
1170 4760 1196 4812 δί
1215 4777 1277 4820 τινες
1298 4757 1479 4827 πλουτήσουσι]
1494 4755 1539 4808 Καὶ
1552 4757 1626 4807 τοῦτο
1642 4753 1716 4808 πάλιν

101 4833 208 4888 εἰσποιεῖ
221 4837 352 4906 Λεπτίνης,
369 4841 410 4896 καλ
423 4842 511 4902 πόσους
525 4843 573 4892 τῶν
586 4837 697 4905 πενήτων
712 4837 824 4908 ἀφίησιν·
841 4837 888 4892 εἶτ’
934 4841 1034 4913 μερίζει.
1076 4837 1137 4909 Ὶδίρ
1151 4838 1284 4893 πλουτοῦσι
1294 4839 1351 4908 γάρ·
1368 4843 1435 4903 πῶςς
1453 4838 1555 4905 πότερον
1568 4833 1718 4906 ἀφῃρημένοι

102 4913 142 4967 ἀπὶ
155 4917 248 4978 τούτοις
262 4916 353 4987 ἐξαιρεῖ
361 4915 416 4978 τούς
429 4919 491 4970 πάνυ
509 4917 718 4983 πλουσιωτάτους,
732 4918 765 4980 όνς
779 4916 818 4970 ἀεὶ
835 4921 889 4980 ταῖς
933 4920 964 4973 τὰ
975 4924 1018 4986 τῆς
1032 4917 1143 4984 πόλεως,
1158 4919 1174 4984 ή
1195 4917 1332 4979 ἀδικοῦντες
1345 4916 1446 4981 ούθίνας
1460 4913 1536 4986 εἰμέν
1550 4913 1715 4986 ύρηρημένοε,

101 5000 269 5068 τριηραρχίαις
283 4996 464 5067 νεμεμημένους
510 4997 643 5052 (λύκοΰντδ
658 5000 730 5069 μέσον
744 4997 890 5070 ύπολειρθή·
933 4999 1081 5068 κατηγορεῖν
1104 4996 1145 5049 καὶ
1171 4995 1324 5068 ἀφαιρεῖσθαι
1346 4997 1420 5048 δεῖ-
1441 4994 1592 5064 καὶγίνεται
1614 4991 1630 5058 ἡ
1649 4991 1717 5054 λύσις

102 5093 187 5140 σεται,
213 5083 261 5130 τῶν
282 5076 473 5129 πλουσιωτάτων
497 5073 667 5148 ύρηρημίνων.
712 5073 806 5130 (λύκούν
823 5077 890 5138 εύθύς
933 5077 1019 5130 τούτου
1043 5073 1265 5146 μεταληπτικὴ-·
1284 5073 1307 5128 εί
1325 5073 1432 5128 δίούθίν
1447 5073 1601 5136 ἀδικοῦντες,
1621 5071 1649 5124 σύ
1666 5069 1715 5143 χρὴ

103 5153 226 5224 ἐξελέγχει
237 5159 280 5207 τοῦ
296 5157 372 5224 νόμου
384 5153 412 5207 τό
425 5159 520 5225 πρῶτον
537 5155 634 5226 νόημα,
650 5151 711 5227 ίνῷ
731 5155 759 5208 τδ
774 5157 889 5228 μέγιστον
935 5157 1082 5226 βασκαίνειν.
1097 5145 1177 5208 ch.

104 5237 148 5299 τῆς
162 5233 221 5302 όλης
235 5236 385 5306 νομοθεσίας.
418 5237 535 5307 Λέγοντος
549 5235 596 5308 γάρ
610 5239 653 5289 τοῦ
666 5237 792 5303 Λεπτίνου,
806 5235 890 5298 Ὅπως
969 5239 1031 5300 464,
1060 5238 1099 5298 14.
1121 5234 1166 5286 ίίαλ
1183 5231 1230 5305 μὴν
1251 5232 1305 5304 περὶ
1329 5235 1372 5286 τού
1392 5251 1420 5302 γε
1444 5229 1476 5304 μὴ
1494 5229 1558 5284 εῖναι
1580 5228 1714 5300 χρήματα]

1554 5325 1589 5370 ἰί.
