<?xml version="1.0" encoding="UTF-8"?>
<!DOCTYPE html PUBLIC "-//W3C//DTD XHTML 1.0 Transitional//EN"
    "http://www.w3.org/TR/xhtml1/DTD/xhtml1-transitional.dtd">
<html xmlns="http://www.w3.org/1999/xhtml" xml:lang="en" lang="en">
 <head>
  <title>
</title>
<meta http-equiv="Content-Type" content="text/html;charset=utf-8" />
  <meta name='ocr-system' content='tesseract 3.04.00' />
  <meta name='ocr-capabilities' content='ocr_page ocr_carea ocr_par ocr_line ocrx_word'/>
</head>
<body>
  <div class='ocr_page' id='page_1' title='image "./oratoresatticia00unkngoog/oratoresatticia00unkngoog_0720.png"; bbox 0 0 3934 6350; ppageno 0'>
   <div class='ocr_carea' id='block_1_1' title="bbox 266 357 1335 420">
    <p class='ocr_par' dir='ltr' id='par_1_1' title="bbox 266 357 1335 420">
     <span class='ocr_line' id='line_1_1' title="bbox 266 357 1335 420; baseline 0 -2"><span class='ocrx_word' id='word_1_1' title='bbox 266 367 323 420; x_wconf 78' lang='lat' dir='ltr'><em>m</em></span> <span class='ocrx_word' id='word_1_2' title='bbox 806 357 951 418; x_wconf 78' lang='grc' dir='ltr'><strong>Σλθλίλ</strong></span> <span class='ocrx_word' id='word_1_3' title='bbox 972 357 1037 418; x_wconf 84' lang='grc' dir='ltr'><strong>ΕΙΣ</strong></span> <span class='ocrx_word' id='word_1_4' title='bbox 1057 358 1335 419; x_wconf 65' lang='lat' dir='ltr'><strong>mmmm.</strong></span> 
     </span>
    </p>
   </div>
   <div class='ocr_carea' id='block_1_2' title="bbox 260 485 1831 646">
    <p class='ocr_par' dir='ltr' id='par_1_2' title="bbox 260 485 1831 646">
     <span class='ocr_line' id='line_1_2' title="bbox 261 485 1829 568; baseline 0.001 -26"><span class='ocrx_word' id='word_1_5' title='bbox 261 489 318 550; x_wconf 80' lang='grc' dir='ltr'><strong>τούς</strong></span> <span class='ocrx_word' id='word_1_6' title='bbox 330 488 419 550; x_wconf 86' lang='grc' dir='ltr'><strong>τόνιους</strong></span> <span class='ocrx_word' id='word_1_7' title='bbox 439 486 516 542; x_wconf 76' lang='grc' dir='ltr'><strong>εἰπεῖν</strong></span> <span class='ocrx_word' id='word_1_8' title='bbox 535 487 703 562; x_wconf 76' lang='grc' dir='ltr'><strong>παρῃτήσατο.</strong></span> <span class='ocrx_word' id='word_1_9' title='bbox 741 485 805 541; x_wconf 76' lang='grc' dir='ltr'><strong>Εἶτα</strong></span> <span class='ocrx_word' id='word_1_10' title='bbox 819 487 881 559; x_wconf 83' lang='grc' dir='ltr'><strong>μετά</strong></span> <span class='ocrx_word' id='word_1_11' title='bbox 898 485 943 554; x_wconf 84' lang='grc' dir='ltr'><strong>τήν</strong></span> <span class='ocrx_word' id='word_1_12' title='bbox 957 487 1045 542; x_wconf 90' lang='grc' dir='ltr'><strong>ἀνακι-</strong></span> <span class='ocrx_word' id='word_1_13' title='bbox 1090 487 1218 552; x_wconf 77' lang='grc' dir='ltr'><strong>ἀντδθεσις.</strong></span> <span class='ocrx_word' id='word_1_14' title='bbox 1257 489 1330 553; x_wconf 63' lang='lat' dir='ltr'><strong>&#39;um</strong></span> <span class='ocrx_word' id='word_1_15' title='bbox 1349 490 1512 562; x_wconf 84' lang='grc' dir='ltr'><strong>καταγίνεται</strong></span> <span class='ocrx_word' id='word_1_16' title='bbox 1524 490 1674 562; x_wconf 77' lang='grc' dir='ltr'><strong>καθαρῖνςείς</strong></span> <span class='ocrx_word' id='word_1_17' title='bbox 1688 489 1727 559; x_wconf 82' lang='grc' dir='ltr'><strong>τήν</strong></span> <span class='ocrx_word' id='word_1_18' title='bbox 1739 497 1829 568; x_wconf 67' lang='grc' dir='ltr'><strong>κειεθφιυ</strong></span> 
     </span>
     <span class='ocr_line' id='line_1_3' title="bbox 260 564 1831 646; baseline 0.004 -26"><span class='ocrx_word' id='word_1_19' title='bbox 260 567 398 639; x_wconf 89' lang='grc' dir='ltr'><strong>φαλαίωσιν</strong></span> <span class='ocrx_word' id='word_1_20' title='bbox 412 566 477 620; x_wconf 82' lang='grc' dir='ltr'><strong>ἀλλο</strong></span> <span class='ocrx_word' id='word_1_21' title='bbox 488 564 554 629; x_wconf 82' lang='grc' dir='ltr'><strong>ιίδος</strong></span> <span class='ocrx_word' id='word_1_22' title='bbox 564 565 840 638; x_wconf 84' lang='grc' dir='ltr'><strong>ονγγνιίιμηςύφείλετο.</strong></span> <span class='ocrx_word' id='word_1_23' title='bbox 864 565 1044 622; x_wconf 82' lang='grc' dir='ltr'><strong>Ἐπιδουλεθων</strong></span> <span class='ocrx_word' id='word_1_24' title='bbox 1090 565 1139 638; x_wconf 81' lang='grc' dir='ltr'><strong>μὴν</strong></span> <span class='ocrx_word' id='word_1_25' title='bbox 1152 573 1200 622; x_wconf 74' lang='grc' dir='ltr'><strong>τῶν</strong></span> <span class='ocrx_word' id='word_1_26' title='bbox 1214 567 1271 638; x_wconf 86' lang='grc' dir='ltr'><strong>περὶ</strong></span> <span class='ocrx_word' id='word_1_27' title='bbox 1285 567 1329 622; x_wconf 85' lang='grc' dir='ltr'><strong>τδν</strong></span> <span class='ocrx_word' id='word_1_28' title='bbox 1352 567 1518 640; x_wconf 73' lang='grc' dir='ltr'><strong>Ἀνδροτίωνα</strong></span> <span class='ocrx_word' id='word_1_29' title='bbox 1524 609 1535 634; x_wconf 87' lang='grc'><strong>,</strong></span> <span class='ocrx_word' id='word_1_30' title='bbox 1547 569 1578 636; x_wconf 86' lang='grc' dir='ltr'><strong>ήν</strong></span> <span class='ocrx_word' id='word_1_31' title='bbox 1599 569 1681 640; x_wconf 82' lang='grc' dir='ltr'><strong>ἔφησεν</strong></span> <span class='ocrx_word' id='word_1_32' title='bbox 1699 572 1831 646; x_wconf 74' lang='grc' dir='ltr'><strong>θίίένανδρις</strong></span> 
     </span>
    </p>
   </div>
   <div class='ocr_carea' id='block_1_3' title="bbox 260 645 1832 803">
    <p class='ocr_par' dir='ltr' id='par_1_3' title="bbox 260 645 1832 803">
     <span class='ocr_line' id='line_1_4' title="bbox 261 645 1832 719; baseline 0.001 -21"><span class='ocrx_word' id='word_1_33' title='bbox 261 647 320 718; x_wconf 83' lang='grc' dir='ltr'><strong>γάρ,</strong></span> <span class='ocrx_word' id='word_1_34' title='bbox 335 646 410 718; x_wconf 86' lang='grc' dir='ltr'><strong>φησὶ,</strong></span> <span class='ocrx_word' id='word_1_35' title='bbox 424 646 466 699; x_wconf 88' lang='grc' dir='ltr'><strong>καὶ</strong></span> <span class='ocrx_word' id='word_1_36' title='bbox 478 646 507 699; x_wconf 79' lang='grc' dir='ltr'><strong>ού</strong></span> <span class='ocrx_word' id='word_1_37' title='bbox 525 648 627 718; x_wconf 80' lang='grc' dir='ltr'><strong>γνώμης</strong></span> <span class='ocrx_word' id='word_1_38' title='bbox 639 645 811 718; x_wconf 84' lang='grc' dir='ltr'><strong>διαμαρτάνων</strong></span> <span class='ocrx_word' id='word_1_39' title='bbox 833 646 946 718; x_wconf 63' lang='grc' dir='ltr'><strong>ἔγραφεν.</strong></span> <span class='ocrx_word' id='word_1_40' title='bbox 988 645 1045 700; x_wconf 80' lang='grc' dir='ltr'><strong>Ἐπὶ</strong></span> <span class='ocrx_word' id='word_1_41' title='bbox 1088 649 1202 718; x_wconf 76' lang='grc' dir='ltr'><strong>δευτέραν</strong></span> <span class='ocrx_word' id='word_1_42' title='bbox 1225 649 1292 702; x_wconf 79' lang='grc' dir='ltr'><strong>εἶναι</strong></span> <span class='ocrx_word' id='word_1_43' title='bbox 1308 647 1434 702; x_wconf 82' lang='grc' dir='ltr'><strong>ύπόθεαιν.</strong></span> <span class='ocrx_word' id='word_1_44' title='bbox 1474 646 1541 719; x_wconf 83' lang='grc' dir='ltr'><strong>’θρα</strong></span> <span class='ocrx_word' id='word_1_45' title='bbox 1560 647 1587 700; x_wconf 89' lang='grc' dir='ltr'><strong>δέ</strong></span> <span class='ocrx_word' id='word_1_46' title='bbox 1609 649 1645 700; x_wconf 87' lang='grc' dir='ltr'><strong>ότι</strong></span> <span class='ocrx_word' id='word_1_47' title='bbox 1661 650 1704 719; x_wconf 88' lang='grc' dir='ltr'><strong>κρδ</strong></span> <span class='ocrx_word' id='word_1_48' title='bbox 1721 653 1832 718; x_wconf 76' lang='grc' dir='ltr'><strong>τ’ήςίέιειιι</strong></span> 
     </span>
     <span class='ocr_line' id='line_1_5' title="bbox 260 723 1830 803; baseline 0.005 -25"><span class='ocrx_word' id='word_1_49' title='bbox 260 725 354 789; x_wconf 83' lang='grc' dir='ltr'><strong>τούτοις</strong></span> <span class='ocrx_word' id='word_1_50' title='bbox 368 725 450 792; x_wconf 89' lang='grc' dir='ltr'><strong>τίθησι</strong></span> <span class='ocrx_word' id='word_1_51' title='bbox 460 724 548 778; x_wconf 87' lang='grc' dir='ltr'><strong>λοιπδν</strong></span> <span class='ocrx_word' id='word_1_52' title='bbox 559 723 604 792; x_wconf 80' lang='grc' dir='ltr'><strong>τήν</strong></span> <span class='ocrx_word' id='word_1_53' title='bbox 616 723 664 778; x_wconf 83' lang='grc' dir='ltr'><strong>ἀπδ</strong></span> <span class='ocrx_word' id='word_1_54' title='bbox 675 729 718 782; x_wconf 85' lang='grc' dir='ltr'><strong>τοῦ</strong></span> <span class='ocrx_word' id='word_1_55' title='bbox 731 726 824 780; x_wconf 86' lang='grc' dir='ltr'><strong>δικαίου</strong></span> <span class='ocrx_word' id='word_1_56' title='bbox 834 724 1044 795; x_wconf 71' lang='grc' dir='ltr'><strong>ἀντίθεσινιπρο-</strong></span> <span class='ocrx_word' id='word_1_57' title='bbox 1088 723 1191 791; x_wconf 79' lang='grc' dir='ltr'><strong>ίιλύσις</strong></span> <span class='ocrx_word' id='word_1_58' title='bbox 1211 729 1254 779; x_wconf 80' lang='grc' dir='ltr'><strong>καὶ</strong></span> <span class='ocrx_word' id='word_1_59' title='bbox 1271 725 1455 796; x_wconf 80' lang='grc' dir='ltr'><strong>συμπέπλεκται</strong></span> <span class='ocrx_word' id='word_1_60' title='bbox 1480 729 1514 799; x_wconf 74' lang='grc' dir='ltr'><strong>τῇ</strong></span> <span class='ocrx_word' id='word_1_61' title='bbox 1538 725 1653 782; x_wconf 85' lang='grc' dir='ltr'><strong>ἀντιθέσει</strong></span> <span class='ocrx_word' id='word_1_62' title='bbox 1670 728 1697 782; x_wconf 88' lang='grc' dir='ltr'><strong>τδ</strong></span> <span class='ocrx_word' id='word_1_63' title='bbox 1715 729 1830 803; x_wconf 81' lang='grc' dir='ltr'><strong>ἐνανιίενρε.</strong></span> 
     </span>
    </p>
   </div>
   <div class='ocr_carea' id='block_1_4' title="bbox 260 802 1830 1036">
    <p class='ocr_par' dir='ltr' id='par_1_4' title="bbox 260 802 1830 1036">
     <span class='ocr_line' id='line_1_6' title="bbox 260 802 1146 876; baseline 0.002 -20"><span class='ocrx_word' id='word_1_64' title='bbox 260 804 343 871; x_wconf 81' lang='grc' dir='ltr'><strong>δήλως</strong></span> <span class='ocrx_word' id='word_1_65' title='bbox 365 802 408 876; x_wconf 82' lang='grc' dir='ltr'><strong>μέν</strong></span> <span class='ocrx_word' id='word_1_66' title='bbox 427 803 455 856; x_wconf 91' lang='grc' dir='ltr'><strong>ού</strong></span> <span class='ocrx_word' id='word_1_67' title='bbox 473 805 562 867; x_wconf 85' lang='grc' dir='ltr'><strong>τιθείς’</strong></span> <span class='ocrx_word' id='word_1_68' title='bbox 579 803 635 859; x_wconf 86' lang='grc' dir='ltr'><strong>ούδί</strong></span> <span class='ocrx_word' id='word_1_69' title='bbox 649 803 698 876; x_wconf 75' lang='grc' dir='ltr'><strong>γθφ</strong></span> <span class='ocrx_word' id='word_1_70' title='bbox 712 810 811 876; x_wconf 84' lang='grc' dir='ltr'><strong>γυμνῖις</strong></span> <span class='ocrx_word' id='word_1_71' title='bbox 824 807 948 876; x_wconf 83' lang='grc' dir='ltr'><strong>συνέφερε·</strong></span> <span class='ocrx_word' id='word_1_72' title='bbox 969 805 1043 858; x_wconf 82' lang='grc' dir='ltr'><strong>κόθεν</strong></span> <span class='ocrx_word' id='word_1_73' title='bbox 1089 805 1146 858; x_wconf 84' lang='grc' dir='ltr'><strong>ίὶΥ.</strong></span> 
     </span>
     <span class='ocr_line' id='line_1_7' title="bbox 261 877 1830 956; baseline 0.001 -21"><span class='ocrx_word' id='word_1_74' title='bbox 261 877 305 936; x_wconf 81' lang='grc' dir='ltr'><strong>σύν</strong></span> <span class='ocrx_word' id='word_1_75' title='bbox 318 882 334 950; x_wconf 77' lang='grc' dir='ltr'><strong>ί]</strong></span> <span class='ocrx_word' id='word_1_76' title='bbox 354 881 419 955; x_wconf 79' lang='grc' dir='ltr'><strong>ἀρχὴ</strong></span> <span class='ocrx_word' id='word_1_77' title='bbox 431 887 475 952; x_wconf 79' lang='grc' dir='ltr'><strong>τῆς</strong></span> <span class='ocrx_word' id='word_1_78' title='bbox 487 882 642 950; x_wconf 76' lang='grc' dir='ltr'><strong>ἀντιθέσειοςς</strong></span> <span class='ocrx_word' id='word_1_79' title='bbox 657 885 775 956; x_wconf 80' lang='grc' dir='ltr'><strong>θαυμάζω</strong></span> <span class='ocrx_word' id='word_1_80' title='bbox 788 883 833 950; x_wconf 75' lang='grc' dir='ltr'><strong>δὲ,</strong></span> <span class='ocrx_word' id='word_1_81' title='bbox 847 883 870 940; x_wconf 83' lang='grc' dir='ltr'><em>ὦ</em></span> <span class='ocrx_word' id='word_1_82' title='bbox 882 886 967 956; x_wconf 80' lang='grc' dir='ltr'><strong>ἀνδρες</strong></span> <span class='ocrx_word' id='word_1_83' title='bbox 978 885 1044 936; x_wconf 84' lang='grc' dir='ltr'><strong>δικα-</strong></span> <span class='ocrx_word' id='word_1_84' title='bbox 1123 881 1186 952; x_wconf 82' lang='grc'><strong>735,</strong></span> <span class='ocrx_word' id='word_1_85' title='bbox 1204 899 1244 938; x_wconf 85' lang='grc'><strong>10.</strong></span> <span class='ocrx_word' id='word_1_86' title='bbox 1262 882 1321 936; x_wconf 83' lang='grc' dir='ltr'><strong>Ὅτι</strong></span> <span class='ocrx_word' id='word_1_87' title='bbox 1334 883 1360 936; x_wconf 85' lang='grc' dir='ltr'><strong>αὶ</strong></span> <span class='ocrx_word' id='word_1_88' title='bbox 1373 883 1458 946; x_wconf 79' lang='grc' dir='ltr'><strong>λύσεις</strong></span> <span class='ocrx_word' id='word_1_89' title='bbox 1472 887 1518 950; x_wconf 83' lang='grc' dir='ltr'><strong>τῆς</strong></span> <span class='ocrx_word' id='word_1_90' title='bbox 1531 883 1668 948; x_wconf 72' lang='grc' dir='ltr'><strong>ἀποθέσεως</strong></span> <span class='ocrx_word' id='word_1_91' title='bbox 1677 884 1704 939; x_wconf 84' lang='grc' dir='ltr'><strong>τθ</strong></span> <span class='ocrx_word' id='word_1_92' title='bbox 1716 887 1793 941; x_wconf 87' lang='grc' dir='ltr'><strong>δίκαιον</strong></span> <span class='ocrx_word' id='word_1_93' title='bbox 1801 911 1830 944; x_wconf 74' lang='grc' dir='ltr'><strong>ει.</strong></span> 
     </span>
     <span class='ocr_line' id='line_1_8' title="bbox 261 959 1830 1036; baseline 0.001 -20"><span class='ocrx_word' id='word_1_94' title='bbox 261 963 332 1027; x_wconf 84' lang='grc' dir='ltr'><strong>σταὶ,</strong></span> <span class='ocrx_word' id='word_1_95' title='bbox 344 967 388 1030; x_wconf 82' lang='grc' dir='ltr'><strong>τῆς</strong></span> <span class='ocrx_word' id='word_1_96' title='bbox 400 962 523 1026; x_wconf 76' lang='grc' dir='ltr'><strong>ἀναιδείας</strong></span> <span class='ocrx_word' id='word_1_97' title='bbox 536 963 620 1017; x_wconf 84' lang='grc' dir='ltr'><strong>αύτοῖν.</strong></span> <span class='ocrx_word' id='word_1_98' title='bbox 641 962 773 1034; x_wconf 84' lang='grc' dir='ltr'><strong>θαύμασον</strong></span> <span class='ocrx_word' id='word_1_99' title='bbox 785 964 811 1018; x_wconf 88' lang='grc' dir='ltr'><strong>δέ</strong></span> <span class='ocrx_word' id='word_1_100' title='bbox 820 961 865 1030; x_wconf 83' lang='grc' dir='ltr'><strong>τήν</strong></span> <span class='ocrx_word' id='word_1_101' title='bbox 877 963 1042 1036; x_wconf 75' lang='grc' dir='ltr'><strong>μεταχείρισιν</strong></span> <span class='ocrx_word' id='word_1_102' title='bbox 1087 961 1190 1031; x_wconf 81' lang='grc' dir='ltr'><strong>φάλαιον</strong></span> <span class='ocrx_word' id='word_1_103' title='bbox 1200 959 1313 1032; x_wconf 74' lang='grc' dir='ltr'><strong>ἔχουσιν.</strong></span> <span class='ocrx_word' id='word_1_104' title='bbox 1350 960 1448 1014; x_wconf 78' lang='grc' dir='ltr'><strong>Οὐκοῦν</strong></span> <span class='ocrx_word' id='word_1_105' title='bbox 1460 961 1554 1033; x_wconf 85' lang='grc' dir='ltr'><strong>φαντρά</strong></span> <span class='ocrx_word' id='word_1_106' title='bbox 1564 963 1662 1033; x_wconf 88' lang='grc' dir='ltr'><strong>γίγονεν</strong></span> <span class='ocrx_word' id='word_1_107' title='bbox 1674 963 1691 1030; x_wconf 84' lang='grc' dir='ltr'><strong>ή</strong></span> <span class='ocrx_word' id='word_1_108' title='bbox 1701 965 1794 1034; x_wconf 81' lang='grc' dir='ltr'><strong>διαίρεσις</strong></span> <span class='ocrx_word' id='word_1_109' title='bbox 1801 970 1830 1020; x_wconf 86' lang='grc' dir='ltr'><strong>ιιὶ</strong></span> 
     </span>
    </p>
   </div>
   <div class='ocr_carea' id='block_1_5' title="bbox 260 1037 1830 1194">
    <p class='ocr_par' dir='ltr' id='par_1_5' title="bbox 260 1037 1830 1194">
     <span class='ocr_line' id='line_1_9' title="bbox 260 1037 1830 1116; baseline -0.003 -22"><span class='ocrx_word' id='word_1_110' title='bbox 260 1043 299 1096; x_wconf 87' lang='grc' dir='ltr'><strong>δτι</strong></span> <span class='ocrx_word' id='word_1_111' title='bbox 312 1043 359 1116; x_wconf 84' lang='grc' dir='ltr'><strong>πφδ</strong></span> <span class='ocrx_word' id='word_1_112' title='bbox 372 1047 416 1110; x_wconf 82' lang='grc' dir='ltr'><strong>τῆς</strong></span> <span class='ocrx_word' id='word_1_113' title='bbox 429 1045 516 1105; x_wconf 90' lang='grc' dir='ltr'><strong>θέσεως</strong></span> <span class='ocrx_word' id='word_1_114' title='bbox 527 1043 634 1110; x_wconf 83' lang='grc' dir='ltr'><strong>ήλύσις,</strong></span> <span class='ocrx_word' id='word_1_115' title='bbox 645 1044 688 1096; x_wconf 88' lang='grc' dir='ltr'><strong>καὶ</strong></span> <span class='ocrx_word' id='word_1_116' title='bbox 696 1043 875 1115; x_wconf 82' lang='grc' dir='ltr'><strong>συμπέπλεκται</strong></span> <span class='ocrx_word' id='word_1_117' title='bbox 884 1047 916 1116; x_wconf 81' lang='grc' dir='ltr'><strong>τῇ</strong></span> <span class='ocrx_word' id='word_1_118' title='bbox 925 1042 1043 1097; x_wconf 74' lang='grc' dir='ltr'><strong>ἀντιθέσει</strong></span> <span class='ocrx_word' id='word_1_119' title='bbox 1088 1041 1155 1111; x_wconf 73' lang='grc' dir='ltr'><strong>μάλα</strong></span> <span class='ocrx_word' id='word_1_120' title='bbox 1165 1037 1305 1112; x_wconf 75' lang='grc' dir='ltr'><strong>τηλαυγὴς,</strong></span> <span class='ocrx_word' id='word_1_121' title='bbox 1327 1041 1365 1094; x_wconf 85' lang='grc' dir='ltr'><strong>δτι</strong></span> <span class='ocrx_word' id='word_1_122' title='bbox 1376 1040 1406 1094; x_wconf 91' lang='grc' dir='ltr'><strong>τθ</strong></span> <span class='ocrx_word' id='word_1_123' title='bbox 1420 1040 1467 1112; x_wconf 77' lang='grc' dir='ltr'><strong>μὲν</strong></span> <span class='ocrx_word' id='word_1_124' title='bbox 1481 1040 1619 1112; x_wconf 84' lang='grc' dir='ltr'><strong>ἀσύμφορον</strong></span> <span class='ocrx_word' id='word_1_125' title='bbox 1631 1040 1704 1096; x_wconf 70' lang='grc' dir='ltr'><strong>αύτοῦν</strong></span> <span class='ocrx_word' id='word_1_126' title='bbox 1719 1047 1830 1099; x_wconf 77' lang='grc' dir='ltr'><strong>αατταιεόι.</strong></span> 
     </span>
     <span class='ocr_line' id='line_1_10' title="bbox 261 1119 1829 1194; baseline 0.003 -20"><span class='ocrx_word' id='word_1_127' title='bbox 261 1121 290 1174; x_wconf 82' lang='grc' dir='ltr'><strong>εδ</strong></span> <span class='ocrx_word' id='word_1_128' title='bbox 313 1119 461 1194; x_wconf 88' lang='grc' dir='ltr'><strong>ἐναντίωμα.</strong></span> <span class='ocrx_word' id='word_1_129' title='bbox 499 1121 529 1174; x_wconf 95' lang='grc' dir='ltr'><strong>Τί</strong></span> <span class='ocrx_word' id='word_1_130' title='bbox 550 1123 599 1193; x_wconf 86' lang='grc' dir='ltr'><strong>γάρ</strong></span> <span class='ocrx_word' id='word_1_131' title='bbox 623 1141 711 1192; x_wconf 78' lang='grc' dir='ltr'><strong>φησινς</strong></span> <span class='ocrx_word' id='word_1_132' title='bbox 744 1123 759 1174; x_wconf 87' lang='grc' dir='ltr'><strong>θ</strong></span> <span class='ocrx_word' id='word_1_133' title='bbox 784 1122 845 1193; x_wconf 86' lang='grc' dir='ltr'><strong>μετά</strong></span> <span class='ocrx_word' id='word_1_134' title='bbox 874 1121 1043 1193; x_wconf 75' lang='grc' dir='ltr'><strong>Ἀνδροτίωνος</strong></span> <span class='ocrx_word' id='word_1_135' title='bbox 1087 1139 1142 1172; x_wconf 89' lang='grc' dir='ltr'><strong>σται</strong></span> <span class='ocrx_word' id='word_1_136' title='bbox 1154 1121 1187 1172; x_wconf 88' lang='grc' dir='ltr'><strong>δι’</strong></span> <span class='ocrx_word' id='word_1_137' title='bbox 1198 1119 1395 1191; x_wconf 72' lang='grc' dir='ltr'><strong>ἐπιχειρημάτων</strong></span> <span class='ocrx_word' id='word_1_138' title='bbox 1408 1121 1473 1186; x_wconf 86' lang='grc' dir='ltr'><strong>δύο,</strong></span> <span class='ocrx_word' id='word_1_139' title='bbox 1489 1124 1534 1172; x_wconf 85' lang='grc' dir='ltr'><strong>τοῦ</strong></span> <span class='ocrx_word' id='word_1_140' title='bbox 1548 1139 1575 1174; x_wconf 87' lang='grc' dir='ltr'><strong>τι</strong></span> <span class='ocrx_word' id='word_1_141' title='bbox 1590 1119 1689 1192; x_wconf 69' lang='grc' dir='ltr'><strong>ἀσαφοῦς</strong></span> <span class='ocrx_word' id='word_1_142' title='bbox 1699 1123 1829 1178; x_wconf 81' lang='grc' dir='ltr'><strong>καὶτούάδν-</strong></span> 
     </span>
    </p>
   </div>
   <div class='ocr_carea' id='block_1_6' title="bbox 208 1199 1897 2692">
    <p class='ocr_par' dir='ltr' id='par_1_6' title="bbox 260 1199 1897 1906">
     <span class='ocr_line' id='line_1_11' title="bbox 260 1199 1830 1273; baseline 0.002 -20"><span class='ocrx_word' id='word_1_143' title='bbox 260 1199 488 1273; x_wconf 86' lang='grc' dir='ltr'><strong>ἀπανθρωποτάτως</strong></span> <span class='ocrx_word' id='word_1_144' title='bbox 502 1201 531 1253; x_wconf 84' lang='grc' dir='ltr'><strong>ἀν</strong></span> <span class='ocrx_word' id='word_1_145' title='bbox 545 1202 701 1272; x_wconf 83' lang='grc' dir='ltr'><strong>χρησάμενος</strong></span> <span class='ocrx_word' id='word_1_146' title='bbox 713 1203 765 1264; x_wconf 88' lang='grc' dir='ltr'><strong>τοῖς</strong></span> <span class='ocrx_word' id='word_1_147' title='bbox 782 1201 906 1267; x_wconf 87' lang='grc' dir='ltr'><strong>ιεολίταις,</strong></span> <span class='ocrx_word' id='word_1_148' title='bbox 921 1202 935 1254; x_wconf 85' lang='grc' dir='ltr'><strong>δ</strong></span> <span class='ocrx_word' id='word_1_149' title='bbox 951 1203 1043 1273; x_wconf 90' lang='grc' dir='ltr'><strong>μηδένα</strong></span> <span class='ocrx_word' id='word_1_150' title='bbox 1087 1200 1177 1267; x_wconf 85' lang='grc' dir='ltr'><strong>νάτου,</strong></span> <span class='ocrx_word' id='word_1_151' title='bbox 1191 1199 1253 1272; x_wconf 76' lang='grc' dir='ltr'><strong>μετὰ</strong></span> <span class='ocrx_word' id='word_1_152' title='bbox 1263 1207 1340 1254; x_wconf 85' lang='grc' dir='ltr'><strong>ταῦτα</strong></span> <span class='ocrx_word' id='word_1_153' title='bbox 1351 1199 1518 1267; x_wconf 75' lang='grc' dir='ltr'><strong>δίτέθειταιή</strong></span> <span class='ocrx_word' id='word_1_154' title='bbox 1531 1200 1580 1254; x_wconf 78' lang='grc' dir='ltr'><strong>ἀπὺ</strong></span> <span class='ocrx_word' id='word_1_155' title='bbox 1590 1201 1726 1254; x_wconf 86' lang='grc' dir='ltr'><strong>τοῦδικαίον</strong></span> <span class='ocrx_word' id='word_1_156' title='bbox 1733 1201 1830 1268; x_wconf 76' lang='grc' dir='ltr'><strong>ἀντίθεος</strong></span> 
     </span>
     <span class='ocr_line' id='line_1_12' title="bbox 261 1275 1830 1352; baseline -0.001 -18"><span class='ocrx_word' id='word_1_157' title='bbox 261 1279 332 1334; x_wconf 77' lang='grc' dir='ltr'><strong>ἔλεον</strong></span> <span class='ocrx_word' id='word_1_158' title='bbox 348 1281 403 1352; x_wconf 85' lang='grc' dir='ltr'><strong>περὶ</strong></span> <span class='ocrx_word' id='word_1_159' title='bbox 416 1280 503 1344; x_wconf 82' lang='grc' dir='ltr'><strong>αύτούς</strong></span> <span class='ocrx_word' id='word_1_160' title='bbox 521 1280 713 1351; x_wconf 76' lang='grc' dir='ltr'><strong>ἐπιδειξάμενος,</strong></span> <span class='ocrx_word' id='word_1_161' title='bbox 728 1275 866 1344; x_wconf 75' lang='grc' dir='ltr'><strong>σύτοςτούς</strong></span> <span class='ocrx_word' id='word_1_162' title='bbox 881 1281 985 1344; x_wconf 85' lang='grc' dir='ltr'><strong>κλέπτας</strong></span> <span class='ocrx_word' id='word_1_163' title='bbox 1002 1281 1043 1334; x_wconf 89' lang='grc' dir='ltr'><strong>καὶ</strong></span> <span class='ocrx_word' id='word_1_164' title='bbox 1088 1278 1185 1350; x_wconf 78' lang='grc' dir='ltr'><strong>μᾶλλον</strong></span> <span class='ocrx_word' id='word_1_165' title='bbox 1200 1280 1294 1332; x_wconf 90' lang='grc' dir='ltr'><strong>δίκαιον</strong></span> <span class='ocrx_word' id='word_1_166' title='bbox 1311 1278 1556 1350; x_wconf 78' lang='grc' dir='ltr'><strong>φιλανθρωπεύεσθαι</strong></span> <span class='ocrx_word' id='word_1_167' title='bbox 1570 1279 1626 1341; x_wconf 79' lang='grc' dir='ltr'><strong>τούς</strong></span> <span class='ocrx_word' id='word_1_168' title='bbox 1638 1277 1718 1342; x_wconf 81' lang='grc' dir='ltr'><strong>ἐνδεεῖς</strong></span> <span class='ocrx_word' id='word_1_169' title='bbox 1728 1285 1769 1334; x_wconf 78' lang='grc' dir='ltr'><strong>τοῖιν</strong></span> <span class='ocrx_word' id='word_1_170' title='bbox 1780 1283 1830 1334; x_wconf 79' lang='grc' dir='ltr'><strong>πολι-</strong></span> 
     </span>
     <span class='ocr_line' id='line_1_13' title="bbox 260 1357 1830 1432; baseline 0 -20"><span class='ocrx_word' id='word_1_171' title='bbox 260 1361 316 1422; x_wconf 78' lang='grc' dir='ltr'><strong>τούς</strong></span> <span class='ocrx_word' id='word_1_172' title='bbox 328 1360 360 1414; x_wconf 89' lang='grc' dir='ltr'><strong>τά</strong></span> <span class='ocrx_word' id='word_1_173' title='bbox 372 1359 425 1432; x_wconf 82' lang='grc' dir='ltr'><strong>ίερά</strong></span> <span class='ocrx_word' id='word_1_174' title='bbox 436 1361 553 1432; x_wconf 83' lang='grc' dir='ltr'><strong>χρήματα</strong></span> <span class='ocrx_word' id='word_1_175' title='bbox 562 1361 955 1432; x_wconf 76' lang='grc' dir='ltr'><strong>κατίγονταςφιλανθρωπεύεσθαι</strong></span> <span class='ocrx_word' id='word_1_176' title='bbox 963 1361 1040 1432; x_wconf 86' lang='grc' dir='ltr'><strong>λέγει.</strong></span> <span class='ocrx_word' id='word_1_177' title='bbox 1086 1363 1146 1411; x_wconf 85' lang='grc' dir='ltr'><strong>τῶν.</strong></span> <span class='ocrx_word' id='word_1_178' title='bbox 1183 1357 1249 1412; x_wconf 75' lang='grc' dir='ltr'><strong>Εἶτα</strong></span> <span class='ocrx_word' id='word_1_179' title='bbox 1268 1357 1370 1425; x_wconf 79' lang='grc' dir='ltr'><strong>ἐπῆκται</strong></span> <span class='ocrx_word' id='word_1_180' title='bbox 1391 1357 1422 1412; x_wconf 76' lang='grc' dir='ltr'><strong>τδ</strong></span> <span class='ocrx_word' id='word_1_181' title='bbox 1441 1359 1537 1412; x_wconf 78' lang='grc' dir='ltr'><strong>δίκαιον</strong></span> <span class='ocrx_word' id='word_1_182' title='bbox 1552 1358 1611 1429; x_wconf 85' lang='grc' dir='ltr'><strong>πρθς</strong></span> <span class='ocrx_word' id='word_1_183' title='bbox 1628 1358 1744 1424; x_wconf 85' lang='grc' dir='ltr'><strong>λύσιντής</strong></span> <span class='ocrx_word' id='word_1_184' title='bbox 1761 1358 1830 1412; x_wconf 70' lang='grc' dir='ltr'><strong>ἀντιθὲ·</strong></span> 
     </span>
     <span class='ocr_line' id='line_1_14' title="bbox 261 1436 1829 1511; baseline 0.001 -21"><span class='ocrx_word' id='word_1_185' title='bbox 261 1438 308 1490; x_wconf 88' lang='grc' dir='ltr'><strong>Ιίαὶ</strong></span> <span class='ocrx_word' id='word_1_186' title='bbox 329 1439 366 1494; x_wconf 84' lang='grc' dir='ltr'><strong>ίτι</strong></span> <span class='ocrx_word' id='word_1_187' title='bbox 380 1439 481 1511; x_wconf 83' lang='grc' dir='ltr'><strong>ίτίρννθί</strong></span> <span class='ocrx_word' id='word_1_188' title='bbox 492 1459 538 1494; x_wconf 92' lang='grc' dir='ltr'><strong>που</strong></span> <span class='ocrx_word' id='word_1_189' title='bbox 553 1444 596 1494; x_wconf 87' lang='grc' dir='ltr'><strong>τοῦ</strong></span> <span class='ocrx_word' id='word_1_190' title='bbox 616 1439 694 1511; x_wconf 87' lang='grc' dir='ltr'><strong>λόγον</strong></span> <span class='ocrx_word' id='word_1_191' title='bbox 712 1439 832 1511; x_wconf 72' lang='grc' dir='ltr'><strong>παρέδειξε</strong></span> <span class='ocrx_word' id='word_1_192' title='bbox 851 1439 895 1506; x_wconf 81' lang='grc' dir='ltr'><strong>τὴν</strong></span> <span class='ocrx_word' id='word_1_193' title='bbox 909 1439 1040 1496; x_wconf 87' lang='grc' dir='ltr'><strong>ἀντίθεσιν.</strong></span> <span class='ocrx_word' id='word_1_194' title='bbox 1088 1457 1166 1504; x_wconf 81' lang='grc' dir='ltr'><strong>στοις,</strong></span> <span class='ocrx_word' id='word_1_195' title='bbox 1180 1436 1481 1505; x_wconf 81' lang='grc' dir='ltr'><strong>θκεῖταιάιςκεφάλαιον</strong></span> <span class='ocrx_word' id='word_1_196' title='bbox 1498 1437 1690 1508; x_wconf 74' lang='grc' dir='ltr'><strong>κροηγοδμεννν.</strong></span> <span class='ocrx_word' id='word_1_197' title='bbox 1722 1437 1829 1492; x_wconf 73' lang='grc' dir='ltr'><strong>θίσῶντδ</strong></span> 
     </span>
     <span class='ocr_line' id='line_1_15' title="bbox 261 1510 1827 1590; baseline -0.001 -22"><span class='ocrx_word' id='word_1_198' title='bbox 261 1510 291 1568; x_wconf 91' lang='grc' dir='ltr'><strong>Τί</strong></span> <span class='ocrx_word' id='word_1_199' title='bbox 304 1517 352 1588; x_wconf 90' lang='grc' dir='ltr'><strong>γάρ</strong></span> <span class='ocrx_word' id='word_1_200' title='bbox 373 1535 448 1588; x_wconf 83' lang='grc' dir='ltr'><strong>φησις</strong></span> <span class='ocrx_word' id='word_1_201' title='bbox 469 1517 512 1570; x_wconf 84' lang='grc' dir='ltr'><strong>καὶ</strong></span> <span class='ocrx_word' id='word_1_202' title='bbox 531 1517 596 1570; x_wconf 83' lang='grc' dir='ltr'><strong>οῦτοι</strong></span> <span class='ocrx_word' id='word_1_203' title='bbox 611 1517 670 1588; x_wconf 84' lang='grc' dir='ltr'><strong>πρὶις</strong></span> <span class='ocrx_word' id='word_1_204' title='bbox 690 1517 719 1572; x_wconf 83' lang='grc' dir='ltr'><strong>εδ</strong></span> <span class='ocrx_word' id='word_1_205' title='bbox 736 1518 830 1584; x_wconf 84' lang='grc' dir='ltr'><strong>πλῆθος</strong></span> <span class='ocrx_word' id='word_1_206' title='bbox 843 1519 1041 1590; x_wconf 66' lang='grc' dir='ltr'><strong>προσενήνεκται.</strong></span> <span class='ocrx_word' id='word_1_207' title='bbox 1088 1513 1131 1584; x_wconf 84' lang='grc' dir='ltr'><strong>μὶν</strong></span> <span class='ocrx_word' id='word_1_208' title='bbox 1154 1515 1261 1584; x_wconf 88' lang='grc' dir='ltr'><strong>νόμιμον</strong></span> <span class='ocrx_word' id='word_1_209' title='bbox 1281 1513 1471 1585; x_wconf 81' lang='grc' dir='ltr'><strong>προηγούμενον</strong></span> <span class='ocrx_word' id='word_1_210' title='bbox 1484 1514 1617 1586; x_wconf 60' lang='grc' dir='ltr'><strong>κεφάλαιον</strong></span> <span class='ocrx_word' id='word_1_211' title='bbox 1634 1515 1674 1568; x_wconf 87' lang='grc' dir='ltr'><strong>καὶ</strong></span> <span class='ocrx_word' id='word_1_212' title='bbox 1685 1515 1712 1567; x_wconf 83' lang='grc' dir='ltr'><strong>εδ</strong></span> <span class='ocrx_word' id='word_1_213' title='bbox 1724 1517 1827 1585; x_wconf 70' lang='grc' dir='ltr'><strong>νυμφίαν,</strong></span> 
     </span>
     <span class='ocr_line' id='line_1_16' title="bbox 260 1592 1897 1668; baseline -0.001 -22"><span class='ocrx_word' id='word_1_214' title='bbox 260 1593 357 1649; x_wconf 85' lang='grc' dir='ltr'><strong>Οθκοῦν</strong></span> <span class='ocrx_word' id='word_1_215' title='bbox 376 1596 406 1650; x_wconf 87' lang='grc' dir='ltr'><strong>τδ</strong></span> <span class='ocrx_word' id='word_1_216' title='bbox 428 1595 470 1667; x_wconf 85' lang='grc' dir='ltr'><strong>μέν</strong></span> <span class='ocrx_word' id='word_1_217' title='bbox 489 1599 594 1668; x_wconf 90' lang='grc' dir='ltr'><strong>νόμιμον</strong></span> <span class='ocrx_word' id='word_1_218' title='bbox 612 1597 797 1668; x_wconf 83' lang='grc' dir='ltr'><strong>προηγοῦμενόν</strong></span> <span class='ocrx_word' id='word_1_219' title='bbox 819 1596 870 1650; x_wconf 88' lang='grc' dir='ltr'><strong>ἐστι</strong></span> <span class='ocrx_word' id='word_1_220' title='bbox 892 1597 1040 1668; x_wconf 83' lang='grc' dir='ltr'><strong>κεφάλαιον,</strong></span> <span class='ocrx_word' id='word_1_221' title='bbox 1086 1592 1115 1646; x_wconf 78' lang='grc' dir='ltr'><strong>τὶν</strong></span> <span class='ocrx_word' id='word_1_222' title='bbox 1128 1592 1155 1646; x_wconf 85' lang='grc' dir='ltr'><strong>δέ</strong></span> <span class='ocrx_word' id='word_1_223' title='bbox 1169 1595 1264 1646; x_wconf 88' lang='grc' dir='ltr'><strong>δίκαιον</strong></span> <span class='ocrx_word' id='word_1_224' title='bbox 1278 1592 1387 1661; x_wconf 81' lang='grc' dir='ltr'><strong>εέοῆκται</strong></span> <span class='ocrx_word' id='word_1_225' title='bbox 1401 1593 1467 1648; x_wconf 88' lang='grc' dir='ltr'><strong>κατά</strong></span> <span class='ocrx_word' id='word_1_226' title='bbox 1486 1594 1517 1647; x_wconf 87' lang='grc' dir='ltr'><strong>τδ</strong></span> <span class='ocrx_word' id='word_1_227' title='bbox 1532 1592 1652 1664; x_wconf 72' lang='grc' dir='ltr'><strong>ἑπόμενον</strong></span> <span class='ocrx_word' id='word_1_228' title='bbox 1663 1592 1716 1663; x_wconf 81' lang='grc' dir='ltr'><strong>πρὶς</strong></span> <span class='ocrx_word' id='word_1_229' title='bbox 1729 1593 1785 1645; x_wconf 87' lang='grc' dir='ltr'><strong>λέαιν</strong></span> <span class='ocrx_word' id='word_1_230' title='bbox 1799 1599 1828 1660; x_wconf 88' lang='grc' dir='ltr'><strong>ιτ”,ς</strong></span> <span class='ocrx_word' id='word_1_231' title='bbox 1896 1637 1897 1660; x_wconf 58' lang='grc'><strong>.</strong></span> 
     </span>
     <span class='ocr_line' id='line_1_17' title="bbox 260 1669 1897 1748; baseline 0.004 -21"><span class='ocrx_word' id='word_1_232' title='bbox 260 1673 472 1746; x_wconf 80' lang='grc' dir='ltr'><strong>καὶτδσνμφίρον</strong></span> <span class='ocrx_word' id='word_1_233' title='bbox 485 1675 577 1747; x_wconf 88' lang='grc' dir='ltr'><strong>δμοίως</strong></span> <span class='ocrx_word' id='word_1_234' title='bbox 587 1676 773 1747; x_wconf 74' lang='grc' dir='ltr'><strong>προηγούμενον</strong></span> <span class='ocrx_word' id='word_1_235' title='bbox 787 1681 823 1748; x_wconf 82' lang='grc' dir='ltr'><strong>τῷ</strong></span> <span class='ocrx_word' id='word_1_236' title='bbox 836 1673 1042 1747; x_wconf 78' lang='grc' dir='ltr'><strong>ἀημοσθένει,τ“ο</strong></span> <span class='ocrx_word' id='word_1_237' title='bbox 1087 1669 1236 1734; x_wconf 65' lang='grc' dir='ltr'><strong>ἇνῖῑθίΰῑως.</strong></span> <span class='ocrx_word' id='word_1_238' title='bbox 1250 1674 1278 1727; x_wconf 78' lang='lat' dir='ltr'><strong>S·</strong></span> <span class='ocrx_word' id='word_1_239' title='bbox 1896 1695 1897 1738; x_wconf 70' lang='grc' dir='ltr'><strong>ι</strong></span> 
     </span>
     <span class='ocr_line' id='line_1_18' title="bbox 260 1747 1897 1827; baseline -0.002 -22"><span class='ocrx_word' id='word_1_240' title='bbox 260 1751 288 1806; x_wconf 86' lang='grc' dir='ltr'><strong>δὶ</strong></span> <span class='ocrx_word' id='word_1_241' title='bbox 303 1753 397 1807; x_wconf 88' lang='grc' dir='ltr'><strong>δίκαιον</strong></span> <span class='ocrx_word' id='word_1_242' title='bbox 411 1753 521 1821; x_wconf 72' lang='grc' dir='ltr'><strong>εἰσῆκται</strong></span> <span class='ocrx_word' id='word_1_243' title='bbox 545 1755 608 1808; x_wconf 88' lang='grc' dir='ltr'><strong>κατά</strong></span> <span class='ocrx_word' id='word_1_244' title='bbox 624 1755 653 1808; x_wconf 86' lang='grc' dir='ltr'><strong>τδ</strong></span> <span class='ocrx_word' id='word_1_245' title='bbox 666 1754 812 1827; x_wconf 77' lang='grc' dir='ltr'><strong>Τιμοκράτει</strong></span> <span class='ocrx_word' id='word_1_246' title='bbox 827 1754 961 1827; x_wconf 69' lang='grc' dir='ltr'><strong>ἑπόμενον,</strong></span> <span class='ocrx_word' id='word_1_247' title='bbox 977 1755 1042 1809; x_wconf 88' lang='grc' dir='ltr'><strong>ἀντι·</strong></span> <span class='ocrx_word' id='word_1_248' title='bbox 1121 1751 1184 1822; x_wconf 80' lang='grc'><strong>735,</strong></span> <span class='ocrx_word' id='word_1_249' title='bbox 1201 1757 1242 1806; x_wconf 85' lang='lat'><strong>16.</strong></span> <span class='ocrx_word' id='word_1_250' title='bbox 1256 1751 1286 1804; x_wconf 84' lang='grc' dir='ltr'><strong>Εί</strong></span> <span class='ocrx_word' id='word_1_251' title='bbox 1298 1752 1342 1822; x_wconf 77' lang='grc' dir='ltr'><strong>μέν</strong></span> <span class='ocrx_word' id='word_1_252' title='bbox 1356 1752 1412 1823; x_wconf 91' lang='grc' dir='ltr'><strong>τις]</strong></span> <span class='ocrx_word' id='word_1_253' title='bbox 1429 1749 1563 1806; x_wconf 80' lang='grc' dir='ltr'><strong>Ἐντεῦθεν</strong></span> <span class='ocrx_word' id='word_1_254' title='bbox 1574 1749 1589 1817; x_wconf 83' lang='grc' dir='ltr'><strong>ή</strong></span> <span class='ocrx_word' id='word_1_255' title='bbox 1602 1749 1661 1803; x_wconf 85' lang='grc' dir='ltr'><strong>κατά</strong></span> <span class='ocrx_word' id='word_1_256' title='bbox 1677 1747 1718 1814; x_wconf 85' lang='grc' dir='ltr'><strong>τήν</strong></span> <span class='ocrx_word' id='word_1_257' title='bbox 1730 1749 1785 1802; x_wconf 80' lang='grc' dir='ltr'><strong>λύειν</strong></span> <span class='ocrx_word' id='word_1_258' title='bbox 1799 1752 1827 1818; x_wconf 88' lang='grc' dir='ltr'><strong>μί-</strong></span> <span class='ocrx_word' id='word_1_259' title='bbox 1896 1789 1897 1814; x_wconf 49' lang='grc' dir='ltr'><strong>ι</strong></span> 
     </span>
     <span class='ocr_line' id='line_1_19' title="bbox 260 1825 1828 1906; baseline -0.001 -20"><span class='ocrx_word' id='word_1_260' title='bbox 260 1834 449 1904; x_wconf 80' lang='grc' dir='ltr'><strong>προτεινόμενον</strong></span> <span class='ocrx_word' id='word_1_261' title='bbox 462 1831 528 1904; x_wconf 82' lang='grc' dir='ltr'><strong>πιρά</strong></span> <span class='ocrx_word' id='word_1_262' title='bbox 541 1837 585 1886; x_wconf 83' lang='grc' dir='ltr'><strong>τοῦ</strong></span> <span class='ocrx_word' id='word_1_263' title='bbox 599 1832 729 1890; x_wconf 77' lang='grc' dir='ltr'><strong>ἀντιδίκου,</strong></span> <span class='ocrx_word' id='word_1_264' title='bbox 770 1832 802 1886; x_wconf 87' lang='grc' dir='ltr'>Ὃ</span> <span class='ocrx_word' id='word_1_265' title='bbox 815 1833 842 1887; x_wconf 79' lang='grc' dir='ltr'><strong>δέ</strong></span> <span class='ocrx_word' id='word_1_266' title='bbox 856 1835 1041 1906; x_wconf 75' lang='grc' dir='ltr'><strong>προηγούμενον</strong></span> <span class='ocrx_word' id='word_1_267' title='bbox 1087 1829 1165 1890; x_wconf 79' lang='grc' dir='ltr'><strong>θοθος.</strong></span> <span class='ocrx_word' id='word_1_268' title='bbox 1204 1829 1251 1881; x_wconf 78' lang='grc' dir='ltr'><strong>Καὶ</strong></span> <span class='ocrx_word' id='word_1_269' title='bbox 1265 1829 1317 1883; x_wconf 80' lang='grc' dir='ltr'><strong>ἔστι</strong></span> <span class='ocrx_word' id='word_1_270' title='bbox 1329 1835 1424 1900; x_wconf 82' lang='grc' dir='ltr'><strong>πρῶτος</strong></span> <span class='ocrx_word' id='word_1_271' title='bbox 1437 1831 1514 1892; x_wconf 84' lang='grc' dir='ltr'><strong>τόπος</strong></span> <span class='ocrx_word' id='word_1_272' title='bbox 1526 1825 1596 1892; x_wconf 75' lang='grc' dir='ltr'><strong>οὗτος</strong></span> <span class='ocrx_word' id='word_1_273' title='bbox 1608 1835 1749 1901; x_wconf 74' lang='grc' dir='ltr'><strong>συγκριτικῶς</strong></span> <span class='ocrx_word' id='word_1_274' title='bbox 1757 1829 1828 1899; x_wconf 80' lang='grc' dir='ltr'><strong>ληφθείς</strong></span> 
     </span>
    </p>

    <p class='ocr_par' dir='ltr' id='par_1_7' title="bbox 261 1906 1897 2062">
     <span class='ocr_line' id='line_1_20' title="bbox 262 1906 1897 1984; baseline 0.004 -20"><span class='ocrx_word' id='word_1_275' title='bbox 262 1909 355 1984; x_wconf 76' lang='grc' dir='ltr'><strong>ἐστιτῷ</strong></span> <span class='ocrx_word' id='word_1_276' title='bbox 365 1914 512 1984; x_wconf 85' lang='grc' dir='ltr'><strong>Δημοσθένει</strong></span> <span class='ocrx_word' id='word_1_277' title='bbox 520 1912 821 1984; x_wconf 87' lang='grc' dir='ltr'><strong>κεφάλαιον,Τιμοκφάτει</strong></span> <span class='ocrx_word' id='word_1_278' title='bbox 828 1912 946 1984; x_wconf 84' lang='grc' dir='ltr'><strong>έκόμενον</strong></span> <span class='ocrx_word' id='word_1_279' title='bbox 956 1914 1040 1979; x_wconf 83' lang='grc' dir='ltr'><strong>πάλιν,</strong></span> <span class='ocrx_word' id='word_1_280' title='bbox 1086 1906 1134 1961; x_wconf 82' lang='grc' dir='ltr'><strong>ἀιτδ</strong></span> <span class='ocrx_word' id='word_1_281' title='bbox 1147 1912 1191 1961; x_wconf 91' lang='grc' dir='ltr'><strong>τοῦ</strong></span> <span class='ocrx_word' id='word_1_282' title='bbox 1205 1909 1325 1978; x_wconf 65' lang='grc' dir='ltr'><strong>μείζονος·</strong></span> <span class='ocrx_word' id='word_1_283' title='bbox 1341 1910 1398 1964; x_wconf 75' lang='lat' dir='ltr'><strong>RY·</strong></span> <span class='ocrx_word' id='word_1_284' title='bbox 1419 1970 1422 1976; x_wconf 86' lang='grc'><strong>,</strong></span> <span class='ocrx_word' id='word_1_285' title='bbox 1896 1925 1897 1952; x_wconf 62' lang='grc' dir='ltr'><strong>ί</strong></span> 
     </span>
     <span class='ocr_line' id='line_1_21' title="bbox 261 1984 1828 2062; baseline 0.004 -20"><span class='ocrx_word' id='word_1_286' title='bbox 261 1991 290 2042; x_wconf 89' lang='grc' dir='ltr'><strong>τό</strong></span> <span class='ocrx_word' id='word_1_287' title='bbox 303 2010 329 2044; x_wconf 92' lang='grc' dir='ltr'><strong>τε</strong></span> <span class='ocrx_word' id='word_1_288' title='bbox 341 1992 445 2062; x_wconf 86' lang='grc' dir='ltr'><strong>νόμιμον</strong></span> <span class='ocrx_word' id='word_1_289' title='bbox 458 1992 501 2044; x_wconf 89' lang='grc' dir='ltr'><strong>καὶ</strong></span> <span class='ocrx_word' id='word_1_290' title='bbox 512 1991 541 2044; x_wconf 86' lang='grc' dir='ltr'><strong>τδ</strong></span> <span class='ocrx_word' id='word_1_291' title='bbox 555 1992 684 2062; x_wconf 88' lang='grc' dir='ltr'><strong>συμφέρον.</strong></span> <span class='ocrx_word' id='word_1_292' title='bbox 721 1991 868 2062; x_wconf 82' lang='grc' dir='ltr'><strong>θαυμαστῆς</strong></span> <span class='ocrx_word' id='word_1_293' title='bbox 879 1991 905 2044; x_wconf 83' lang='grc' dir='ltr'><strong>δὶ</strong></span> <span class='ocrx_word' id='word_1_294' title='bbox 916 1991 989 2060; x_wconf 84' lang='grc' dir='ltr'><strong>ούαης</strong></span> <span class='ocrx_word' id='word_1_295' title='bbox 999 1997 1042 2058; x_wconf 81' lang='grc' dir='ltr'><strong>τῆς</strong></span> <span class='ocrx_word' id='word_1_296' title='bbox 1120 1986 1151 2038; x_wconf 56' lang='lat' dir='ltr'><strong>El</strong></span> <span class='ocrx_word' id='word_1_297' title='bbox 1167 1988 1256 2058; x_wconf 67' lang='grc' dir='ltr'><strong>μίντῑς</strong></span> <span class='ocrx_word' id='word_1_298' title='bbox 1269 1987 1438 2059; x_wconf 58' lang='grc' dir='ltr'><strong>ἀγορανόμος]</strong></span> <span class='ocrx_word' id='word_1_299' title='bbox 1459 1986 1521 2042; x_wconf 58' lang='lat' dir='ltr'><strong>‘Mb</strong></span> <span class='ocrx_word' id='word_1_300' title='bbox 1535 1987 1678 2058; x_wconf 61' lang='grc' dir='ltr'><strong>Μλφίθῑνκ</strong></span> <span class='ocrx_word' id='word_1_301' title='bbox 1692 1984 1828 2057; x_wconf 62' lang='grc' dir='ltr'><strong>έίκῑῐῑῑῐπί</strong></span> 
     </span>
    </p>

    <p class='ocr_par' dir='ltr' id='par_1_8' title="bbox 208 2059 1897 2692">
     <span class='ocr_line' id='line_1_22' title="bbox 208 2059 1897 2140; baseline 0.002 -27"><span class='ocrx_word' id='word_1_302' title='bbox 208 2113 211 2118; x_wconf 76' lang='grc'><strong>,</strong></span> <span class='ocrx_word' id='word_1_303' title='bbox 261 2060 324 2114; x_wconf 85' lang='grc' dir='ltr'><strong>κατά</strong></span> <span class='ocrx_word' id='word_1_304' title='bbox 337 2059 382 2126; x_wconf 81' lang='grc' dir='ltr'><strong>τήν</strong></span> <span class='ocrx_word' id='word_1_305' title='bbox 401 2060 521 2114; x_wconf 86' lang='grc' dir='ltr'><strong>ἀντίθεσιν</strong></span> <span class='ocrx_word' id='word_1_306' title='bbox 539 2063 656 2134; x_wconf 87' lang='grc' dir='ltr'><strong>μεθόδου,</strong></span> <span class='ocrx_word' id='word_1_307' title='bbox 680 2060 717 2114; x_wconf 85' lang='grc' dir='ltr'><strong>ἐτι</strong></span> <span class='ocrx_word' id='word_1_308' title='bbox 737 2061 956 2132; x_wconf 78' lang='grc' dir='ltr'><strong>θανμαοιωτίραή</strong></span> <span class='ocrx_word' id='word_1_309' title='bbox 978 2063 1041 2116; x_wconf 78' lang='grc' dir='ltr'><strong>κατὰ</strong></span> <span class='ocrx_word' id='word_1_310' title='bbox 1086 2063 1250 2130; x_wconf 83' lang='grc' dir='ltr'><strong>ἀντεξέτασιν,</strong></span> <span class='ocrx_word' id='word_1_311' title='bbox 1266 2067 1330 2128; x_wconf 89' lang='grc' dir='ltr'><strong>τίνες</strong></span> <span class='ocrx_word' id='word_1_312' title='bbox 1342 2065 1439 2137; x_wconf 85' lang='grc' dir='ltr'><strong>μιῖλλον</strong></span> <span class='ocrx_word' id='word_1_313' title='bbox 1450 2065 1566 2120; x_wconf 82' lang='grc' dir='ltr'><strong>ἀδικοῦσι</strong></span> <span class='ocrx_word' id='word_1_314' title='bbox 1578 2063 1623 2132; x_wconf 86' lang='grc' dir='ltr'><strong>τήν</strong></span> <span class='ocrx_word' id='word_1_315' title='bbox 1635 2063 1828 2133; x_wconf 79' lang='grc' dir='ltr'><strong>κθλιν,ἀσοινόρυι</strong></span> <span class='ocrx_word' id='word_1_316' title='bbox 1896 2107 1897 2140; x_wconf 46' lang='grc' dir='ltr'><strong>γ</strong></span> 
     </span>
     <span class='ocr_line' id='line_1_23' title="bbox 261 2137 1897 2216; baseline -0.001 -24"><span class='ocrx_word' id='word_1_317' title='bbox 261 2137 306 2205; x_wconf 80' lang='grc' dir='ltr'><strong>τήν</strong></span> <span class='ocrx_word' id='word_1_318' title='bbox 324 2141 393 2193; x_wconf 79' lang='grc' dir='ltr'><strong>λύσιν</strong></span> <span class='ocrx_word' id='word_1_319' title='bbox 418 2141 527 2212; x_wconf 87' lang='grc' dir='ltr'><strong>μέθοδος.</strong></span> <span class='ocrx_word' id='word_1_320' title='bbox 566 2139 679 2211; x_wconf 76' lang='grc' dir='ltr'><strong>’λρχεται</strong></span> <span class='ocrx_word' id='word_1_321' title='bbox 700 2140 727 2194; x_wconf 77' lang='grc' dir='ltr'><strong>δὲ</strong></span> <span class='ocrx_word' id='word_1_322' title='bbox 744 2139 792 2196; x_wconf 78' lang='grc' dir='ltr'><strong>ἀπὸ</strong></span> <span class='ocrx_word' id='word_1_323' title='bbox 812 2141 958 2212; x_wconf 69' lang='grc' dir='ltr'><strong>συγκρίσεως</strong></span> <span class='ocrx_word' id='word_1_324' title='bbox 979 2141 1041 2196; x_wconf 89' lang='grc' dir='ltr'><strong>κατά</strong></span> <span class='ocrx_word' id='word_1_325' title='bbox 1086 2143 1128 2196; x_wconf 84' lang='grc' dir='ltr'><strong>καὶ</strong></span> <span class='ocrx_word' id='word_1_326' title='bbox 1151 2144 1265 2198; x_wconf 87' lang='grc' dir='ltr'><strong>δικασταὶ</strong></span> <span class='ocrx_word' id='word_1_327' title='bbox 1285 2143 1348 2198; x_wconf 77' lang='grc' dir='ltr'><strong>κατὰ</strong></span> <span class='ocrx_word' id='word_1_328' title='bbox 1365 2144 1459 2215; x_wconf 90' lang='grc' dir='ltr'><strong>δήμους</strong></span> <span class='ocrx_word' id='word_1_329' title='bbox 1483 2147 1646 2216; x_wconf 84' lang='grc' dir='ltr'><strong>γιγνόμενοι,</strong></span> <span class='ocrx_word' id='word_1_330' title='bbox 1667 2142 1705 2195; x_wconf 86' lang='grc' dir='ltr'><strong>διά</strong></span> <span class='ocrx_word' id='word_1_331' title='bbox 1718 2143 1784 2196; x_wconf 80' lang='grc' dir='ltr'><strong>πενίαν</strong></span> <span class='ocrx_word' id='word_1_332' title='bbox 1799 2140 1828 2192; x_wconf 87' lang='grc' dir='ltr'><strong>ιιὶ</strong></span> <span class='ocrx_word' id='word_1_333' title='bbox 1896 2141 1897 2200; x_wconf 69' lang='grc' dir='ltr'><strong>ί</strong></span> 
     </span>
     <span class='ocr_line' id='line_1_24' title="bbox 261 2214 1827 2296; baseline 0.006 -25"><span class='ocrx_word' id='word_1_334' title='bbox 261 2217 420 2281; x_wconf 79' lang='grc' dir='ltr'><strong>ἀντεξέταοιν.</strong></span> <span class='ocrx_word' id='word_1_335' title='bbox 458 2220 527 2282; x_wconf 90' lang='grc' dir='ltr'><strong>Τίνες</strong></span> <span class='ocrx_word' id='word_1_336' title='bbox 540 2214 583 2272; x_wconf 84' lang='grc' dir='ltr'><strong>οθν</strong></span> <span class='ocrx_word' id='word_1_337' title='bbox 602 2219 699 2291; x_wconf 75' lang='grc' dir='ltr'><strong>μᾶλλον</strong></span> <span class='ocrx_word' id='word_1_338' title='bbox 713 2219 823 2274; x_wconf 87' lang='grc' dir='ltr'><strong>ἀδικοῦσι</strong></span> <span class='ocrx_word' id='word_1_339' title='bbox 836 2218 880 2287; x_wconf 87' lang='grc' dir='ltr'><strong>τήν</strong></span> <span class='ocrx_word' id='word_1_340' title='bbox 894 2219 980 2283; x_wconf 85' lang='grc' dir='ltr'><strong>πόλιν,</strong></span> <span class='ocrx_word' id='word_1_341' title='bbox 1001 2218 1042 2272; x_wconf 85' lang='grc' dir='ltr'><strong>καὶ</strong></span> <span class='ocrx_word' id='word_1_342' title='bbox 1086 2220 1240 2277; x_wconf 70' lang='grc' dir='ltr'><strong>ἀπαιδευσίαν</strong></span> <span class='ocrx_word' id='word_1_343' title='bbox 1254 2224 1296 2276; x_wconf 86' lang='grc' dir='ltr'><strong>καὶ</strong></span> <span class='ocrx_word' id='word_1_344' title='bbox 1307 2223 1417 2296; x_wconf 80' lang='grc' dir='ltr'><strong>ἀπειρίαν</strong></span> <span class='ocrx_word' id='word_1_345' title='bbox 1431 2223 1547 2286; x_wconf 75' lang='grc' dir='ltr'><strong>δόξαντες</strong></span> <span class='ocrx_word' id='word_1_346' title='bbox 1558 2223 1583 2278; x_wconf 90' lang='grc' dir='ltr'><strong>ἐν</strong></span> <span class='ocrx_word' id='word_1_347' title='bbox 1599 2219 1827 2284; x_wconf 66' lang='grc' dir='ltr'><strong>ταῖςεθθύναιςκσιὶσ</strong></span> 
     </span>
     <span class='ocr_line' id='line_1_25' title="bbox 260 2297 1825 2374; baseline 0 -24"><span class='ocrx_word' id='word_1_348' title='bbox 260 2299 323 2360; x_wconf 88' lang='grc' dir='ltr'><strong>τίνες</strong></span> <span class='ocrx_word' id='word_1_349' title='bbox 336 2299 483 2368; x_wconf 86' lang='grc' dir='ltr'><strong>δικαιότεροι</strong></span> <span class='ocrx_word' id='word_1_350' title='bbox 503 2297 667 2352; x_wconf 82' lang='grc' dir='ltr'><strong>καταδάλλειν</strong></span> <span class='ocrx_word' id='word_1_351' title='bbox 691 2297 767 2364; x_wconf 86' lang='grc' dir='ltr'><strong>ιέσὶν,</strong></span> <span class='ocrx_word' id='word_1_352' title='bbox 790 2298 814 2352; x_wconf 84' lang='grc' dir='ltr'><strong>οῖ</strong></span> <span class='ocrx_word' id='word_1_353' title='bbox 828 2298 869 2350; x_wconf 88' lang='grc' dir='ltr'><strong>διά</strong></span> <span class='ocrx_word' id='word_1_354' title='bbox 882 2298 964 2360; x_wconf 87' lang='grc' dir='ltr'><strong>πενίας</strong></span> <span class='ocrx_word' id='word_1_355' title='bbox 984 2297 1040 2350; x_wconf 85' lang='grc' dir='ltr'><strong>κλέ-</strong></span> <span class='ocrx_word' id='word_1_356' title='bbox 1084 2303 1169 2371; x_wconf 77' lang='grc' dir='ltr'><strong>φέναι,</strong></span> <span class='ocrx_word' id='word_1_357' title='bbox 1195 2304 1211 2369; x_wconf 75' lang='grc' dir='ltr'>ἢ</span> <span class='ocrx_word' id='word_1_358' title='bbox 1234 2304 1342 2374; x_wconf 71' lang='grc' dir='ltr'><strong>πμέαόςις</strong></span> <span class='ocrx_word' id='word_1_359' title='bbox 1363 2304 1499 2374; x_wconf 73' lang='grc' dir='ltr'><strong>αἱρεθέντες</strong></span> <span class='ocrx_word' id='word_1_360' title='bbox 1521 2303 1570 2358; x_wconf 72' lang='grc' dir='ltr'><strong>διεδ</strong></span> <span class='ocrx_word' id='word_1_361' title='bbox 1588 2307 1631 2357; x_wconf 75' lang='grc' dir='ltr'><strong>τοῦ</strong></span> <span class='ocrx_word' id='word_1_362' title='bbox 1644 2303 1715 2372; x_wconf 78' lang='grc' dir='ltr'><strong>δήμου</strong></span> <span class='ocrx_word' id='word_1_363' title='bbox 1729 2299 1825 2360; x_wconf 86' lang='grc' dir='ltr'><strong>κλοέσιοι,</strong></span> 
     </span>
     <span class='ocr_line' id='line_1_26' title="bbox 259 2376 1897 2454; baseline 0.005 -25"><span class='ocrx_word' id='word_1_364' title='bbox 259 2377 425 2446; x_wconf 67' lang='grc' dir='ltr'><strong>ψαντες,ὶοί</strong></span> <span class='ocrx_word' id='word_1_365' title='bbox 443 2377 871 2447; x_wconf 83' lang='grc' dir='ltr'><strong>πρίαῦειςαίρεθίντεςκαὶπλούσιοι</strong></span> <span class='ocrx_word' id='word_1_366' title='bbox 885 2379 966 2443; x_wconf 79' lang='grc' dir='ltr'><strong>ὄντες,</strong></span> <span class='ocrx_word' id='word_1_367' title='bbox 986 2376 1041 2430; x_wconf 83' lang='grc' dir='ltr'><strong>εἶτα</strong></span> <span class='ocrx_word' id='word_1_368' title='bbox 1085 2381 1233 2454; x_wconf 80' lang='grc' dir='ltr'><strong>ύφῃρημένοι</strong></span> <span class='ocrx_word' id='word_1_369' title='bbox 1252 2382 1306 2454; x_wconf 86' lang='grc' dir='ltr'><strong>ίερά</strong></span> <span class='ocrx_word' id='word_1_370' title='bbox 1327 2383 1369 2436; x_wconf 87' lang='grc' dir='ltr'><strong>καὶ</strong></span> <span class='ocrx_word' id='word_1_371' title='bbox 1388 2385 1445 2436; x_wconf 85' lang='grc' dir='ltr'><strong>δσια</strong></span> <span class='ocrx_word' id='word_1_372' title='bbox 1468 2383 1590 2454; x_wconf 83' lang='grc' dir='ltr'><strong>χρήματα</strong></span> <span class='ocrx_word' id='word_1_373' title='bbox 1609 2382 1649 2436; x_wconf 84' lang='grc' dir='ltr'><strong>καί</strong></span> <span class='ocrx_word' id='word_1_374' title='bbox 1670 2381 1738 2436; x_wconf 81' lang='grc' dir='ltr'><strong>τολδν</strong></span> <span class='ocrx_word' id='word_1_375' title='bbox 1760 2379 1825 2448; x_wconf 65' lang='grc' dir='ltr'><strong>χρόνον</strong></span> <span class='ocrx_word' id='word_1_376' title='bbox 1896 2409 1897 2438; x_wconf 81' lang='lat'>1</span> 
     </span>
     <span class='ocr_line' id='line_1_27' title="bbox 261 2453 1897 2533; baseline 0.002 -25"><span class='ocrx_word' id='word_1_377' title='bbox 261 2455 423 2526; x_wconf 78' lang='grc' dir='ltr'><strong>ύφελόμενοις</strong></span> <span class='ocrx_word' id='word_1_378' title='bbox 436 2457 562 2509; x_wconf 87' lang='grc' dir='ltr'><strong>καὶτοῦτο</strong></span> <span class='ocrx_word' id='word_1_379' title='bbox 575 2455 601 2508; x_wconf 81' lang='grc' dir='ltr'><strong>δὲ</strong></span> <span class='ocrx_word' id='word_1_380' title='bbox 614 2455 768 2521; x_wconf 84' lang='grc' dir='ltr'><strong>δεῖείδίναι,</strong></span> <span class='ocrx_word' id='word_1_381' title='bbox 784 2456 981 2527; x_wconf 82' lang='grc' dir='ltr'><strong>θτιφοδούμενος</strong></span> <span class='ocrx_word' id='word_1_382' title='bbox 995 2453 1039 2520; x_wconf 81' lang='grc' dir='ltr'><strong>τήν</strong></span> <span class='ocrx_word' id='word_1_383' title='bbox 1086 2459 1309 2533; x_wconf 82' lang='grc' dir='ltr'><strong>ἐκκεκαρπωμένοις</strong></span> <span class='ocrx_word' id='word_1_384' title='bbox 1333 2461 1400 2523; x_wconf 81' lang='grc' dir='ltr'><strong>ἄξιον</strong></span> <span class='ocrx_word' id='word_1_385' title='bbox 1417 2461 1444 2516; x_wconf 79' lang='grc' dir='ltr'><strong>δὲ</strong></span> <span class='ocrx_word' id='word_1_386' title='bbox 1463 2464 1575 2530; x_wconf 77' lang='grc' dir='ltr'><strong>ζητῆσαι</strong></span> <span class='ocrx_word' id='word_1_387' title='bbox 1594 2457 1825 2515; x_wconf 78' lang='grc' dir='ltr'><strong>τοῦτόκυυτθδοιούν</strong></span> <span class='ocrx_word' id='word_1_388' title='bbox 1896 2507 1897 2512; x_wconf 75' lang='grc'><strong>,</strong></span> 
     </span>
     <span class='ocr_line' id='line_1_28' title="bbox 262 2533 1897 2612; baseline -0.002 -26"><span class='ocrx_word' id='word_1_389' title='bbox 262 2534 310 2588; x_wconf 87' lang='grc' dir='ltr'><strong>ἀπδ</strong></span> <span class='ocrx_word' id='word_1_390' title='bbox 324 2538 368 2587; x_wconf 91' lang='grc' dir='ltr'><strong>τοῦ</strong></span> <span class='ocrx_word' id='word_1_391' title='bbox 385 2535 479 2588; x_wconf 83' lang='grc' dir='ltr'><strong>δικαίου</strong></span> <span class='ocrx_word' id='word_1_392' title='bbox 493 2533 675 2606; x_wconf 64' lang='grc' dir='ltr'><strong>ἐφομαρτοῦσαν</strong></span> <span class='ocrx_word' id='word_1_393' title='bbox 690 2534 862 2606; x_wconf 75' lang='grc' dir='ltr'><strong>ἀπανθρωπίαν</strong></span> <span class='ocrx_word' id='word_1_394' title='bbox 878 2538 981 2604; x_wconf 84' lang='grc' dir='ltr'><strong>(πικροῦ</strong></span> <span class='ocrx_word' id='word_1_395' title='bbox 992 2533 1041 2605; x_wconf 81' lang='grc' dir='ltr'><strong>γὰρ</strong></span> <span class='ocrx_word' id='word_1_396' title='bbox 1085 2538 1211 2611; x_wconf 83' lang='grc' dir='ltr'><strong>ῦφορμεῖν.</strong></span> <span class='ocrx_word' id='word_1_397' title='bbox 1249 2540 1316 2607; x_wconf 84' lang='grc' dir='ltr'><strong>Φησὶ</strong></span> <span class='ocrx_word' id='word_1_398' title='bbox 1341 2539 1389 2612; x_wconf 74' lang='grc' dir='ltr'><strong>γὰρ</strong></span> <span class='ocrx_word' id='word_1_399' title='bbox 1407 2541 1463 2602; x_wconf 79' lang='grc' dir='ltr'><strong>τούς</strong></span> <span class='ocrx_word' id='word_1_400' title='bbox 1487 2539 1532 2612; x_wconf 75' lang='grc' dir='ltr'><strong>μέν</strong></span> <span class='ocrx_word' id='word_1_401' title='bbox 1557 2540 1663 2612; x_wconf 82' lang='grc' dir='ltr'><strong>πρίαδεις</strong></span> <span class='ocrx_word' id='word_1_402' title='bbox 1678 2535 1826 2608; x_wconf 74' lang='grc' dir='ltr'><strong>βοηθιίοίειτῖρ</strong></span> <span class='ocrx_word' id='word_1_403' title='bbox 1896 2553 1897 2604; x_wconf 61' lang='grc' dir='ltr'><strong>γ</strong></span> 
     </span>
     <span class='ocr_line' id='line_1_29' title="bbox 261 2611 1897 2692; baseline 0 -28"><span class='ocrx_word' id='word_1_404' title='bbox 261 2611 290 2664; x_wconf 84' lang='grc' dir='ltr'><strong>τδ</strong></span> <span class='ocrx_word' id='word_1_405' title='bbox 314 2614 461 2684; x_wconf 82' lang='grc' dir='ltr'><strong>διορίζεσθαι</strong></span> <span class='ocrx_word' id='word_1_406' title='bbox 481 2613 538 2675; x_wconf 80' lang='grc' dir='ltr'><strong>τούς</strong></span> <span class='ocrx_word' id='word_1_407' title='bbox 558 2611 700 2676; x_wconf 86' lang='grc' dir='ltr'><strong>ἀδικοῦντας</strong></span> <span class='ocrx_word' id='word_1_408' title='bbox 717 2615 786 2681; x_wconf 90' lang='grc' dir='ltr'><strong>δίκην</strong></span> <span class='ocrx_word' id='word_1_409' title='bbox 802 2615 914 2683; x_wconf 82' lang='grc' dir='ltr'><strong>διδόναι)</strong></span> <span class='ocrx_word' id='word_1_410' title='bbox 936 2613 979 2666; x_wconf 81' lang='grc' dir='ltr'><strong>ούκ</strong></span> <span class='ocrx_word' id='word_1_411' title='bbox 993 2611 1041 2666; x_wconf 78' lang='grc' dir='ltr'><strong>ἀπὸ</strong></span> <span class='ocrx_word' id='word_1_412' title='bbox 1084 2619 1171 2690; x_wconf 79' lang='grc' dir='ltr'><strong>νόμῳ,</strong></span> <span class='ocrx_word' id='word_1_413' title='bbox 1186 2619 1242 2680; x_wconf 80' lang='grc' dir='ltr'><strong>τούς</strong></span> <span class='ocrx_word' id='word_1_414' title='bbox 1254 2617 1281 2671; x_wconf 83' lang='grc' dir='ltr'><strong>δέ</strong></span> <span class='ocrx_word' id='word_1_415' title='bbox 1295 2617 1444 2690; x_wconf 70' lang='grc' dir='ltr'><strong>ἀστυνόμους</strong></span> <span class='ocrx_word' id='word_1_416' title='bbox 1457 2619 1502 2672; x_wconf 87' lang='grc' dir='ltr'><strong>καὶ</strong></span> <span class='ocrx_word' id='word_1_417' title='bbox 1513 2618 1628 2681; x_wconf 84' lang='grc' dir='ltr'><strong>δικαστάς</strong></span> <span class='ocrx_word' id='word_1_418' title='bbox 1642 2615 1699 2672; x_wconf 85' lang='grc' dir='ltr'><strong>κστά</strong></span> <span class='ocrx_word' id='word_1_419' title='bbox 1714 2614 1786 2685; x_wconf 60' lang='grc' dir='ltr'><strong>δήμοις</strong></span> <span class='ocrx_word' id='word_1_420' title='bbox 1795 2629 1824 2679; x_wconf 85' lang='grc' dir='ltr'><strong>γε·</strong></span> <span class='ocrx_word' id='word_1_421' title='bbox 1896 2649 1897 2692; x_wconf 67' lang='grc' dir='ltr'><strong>γ</strong></span> 
     </span>
    </p>
   </div>
   <div class='ocr_carea' id='block_1_7' title="bbox 138 2687 1897 2768">
    <p class='ocr_par' dir='ltr' id='par_1_9' title="bbox 138 2687 1897 2768">
     <span class='ocr_line' id='line_1_30' title="bbox 138 2687 1897 2768; baseline -0.001 -26"><span class='ocrx_word' id='word_1_422' title='bbox 138 2693 146 2706; x_wconf 83' lang='grc'><strong>”</strong></span> <span class='ocrx_word' id='word_1_423' title='bbox 261 2695 304 2743; x_wconf 85' lang='grc' dir='ltr'><strong>τοῦ</strong></span> <span class='ocrx_word' id='word_1_424' title='bbox 318 2691 408 2744; x_wconf 87' lang='grc' dir='ltr'><strong>οίκείον</strong></span> <span class='ocrx_word' id='word_1_425' title='bbox 417 2693 548 2762; x_wconf 74' lang='grc' dir='ltr'><strong>προσώπου</strong></span> <span class='ocrx_word' id='word_1_426' title='bbox 559 2692 588 2745; x_wconf 87' lang='grc' dir='ltr'><strong>τδ</strong></span> <span class='ocrx_word' id='word_1_427' title='bbox 600 2691 731 2762; x_wconf 82' lang='grc' dir='ltr'><strong>κεφάλαιον</strong></span> <span class='ocrx_word' id='word_1_428' title='bbox 741 2695 814 2745; x_wconf 87' lang='grc' dir='ltr'><strong>τοῦτο</strong></span> <span class='ocrx_word' id='word_1_429' title='bbox 822 2691 948 2762; x_wconf 80' lang='grc' dir='ltr'><strong>ἐργάζεται</strong></span> <span class='ocrx_word' id='word_1_430' title='bbox 955 2687 1041 2754; x_wconf 88' lang='grc' dir='ltr'><strong>,ἀλλά</strong></span> <span class='ocrx_word' id='word_1_431' title='bbox 1085 2698 1201 2767; x_wconf 69' lang='grc' dir='ltr'><strong>φαμένοις</strong></span> <span class='ocrx_word' id='word_1_432' title='bbox 1224 2695 1258 2766; x_wconf 82' lang='grc' dir='ltr'><strong>μή</strong></span> <span class='ocrx_word' id='word_1_433' title='bbox 1279 2697 1430 2766; x_wconf 76' lang='grc' dir='ltr'><strong>βοηθεῖσθαι.</strong></span> <span class='ocrx_word' id='word_1_434' title='bbox 1469 2698 1558 2752; x_wconf 79' lang='grc' dir='ltr'><strong>Καίτοι</strong></span> <span class='ocrx_word' id='word_1_435' title='bbox 1584 2717 1628 2768; x_wconf 88' lang='grc' dir='ltr'><strong>γε,</strong></span> <span class='ocrx_word' id='word_1_436' title='bbox 1655 2695 1675 2749; x_wconf 89' lang='grc' dir='ltr'><strong>εέ</strong></span> <span class='ocrx_word' id='word_1_437' title='bbox 1691 2695 1705 2748; x_wconf 88' lang='grc' dir='ltr'><strong>θ</strong></span> <span class='ocrx_word' id='word_1_438' title='bbox 1723 2694 1782 2762; x_wconf 89' lang='grc' dir='ltr'><strong>νόμος</strong></span> <span class='ocrx_word' id='word_1_439' title='bbox 1794 2689 1824 2740; x_wconf 81' lang='grc' dir='ltr'><strong>τίν</strong></span> <span class='ocrx_word' id='word_1_440' title='bbox 1896 2755 1897 2764; x_wconf 23' lang='grc' dir='ltr'><strong>γ</strong></span> 
     </span>
    </p>
   </div>
   <div class='ocr_carea' id='block_1_8' title="bbox 243 2761 1897 5210">
    <p class='ocr_par' dir='ltr' id='par_1_10' title="bbox 243 2761 1897 5210">
     <span class='ocr_line' id='line_1_31' title="bbox 261 2761 1823 2846; baseline -0.006 -22"><span class='ocrx_word' id='word_1_441' title='bbox 261 2769 568 2842; x_wconf 76' lang='grc' dir='ltr'><strong>παράπᾶντδκεφάλαιον</strong></span> <span class='ocrx_word' id='word_1_442' title='bbox 584 2771 635 2824; x_wconf 81' lang='grc' dir='ltr'><strong>ἀνω</strong></span> <span class='ocrx_word' id='word_1_443' title='bbox 648 2771 816 2826; x_wconf 84' lang='grc' dir='ltr'><strong>καὶκάτιοτδν</strong></span> <span class='ocrx_word' id='word_1_444' title='bbox 829 2771 932 2824; x_wconf 86' lang='grc' dir='ltr'><strong>Σόλωνα</strong></span> <span class='ocrx_word' id='word_1_445' title='bbox 946 2767 1039 2839; x_wconf 83' lang='grc' dir='ltr'><strong>θρυλεῖ,</strong></span> <span class='ocrx_word' id='word_1_446' title='bbox 1085 2772 1175 2844; x_wconf 84' lang='grc' dir='ltr'><strong>δεσμδν</strong></span> <span class='ocrx_word' id='word_1_447' title='bbox 1198 2772 1312 2842; x_wconf 88' lang='grc' dir='ltr'><strong>ἀφίησιν,</strong></span> <span class='ocrx_word' id='word_1_448' title='bbox 1331 2775 1422 2846; x_wconf 79' lang='grc' dir='ltr'><strong>ὁμοίως</strong></span> <span class='ocrx_word' id='word_1_449' title='bbox 1444 2779 1500 2839; x_wconf 90' lang='grc' dir='ltr'><strong>τοῖς</strong></span> <span class='ocrx_word' id='word_1_450' title='bbox 1528 2779 1601 2831; x_wconf 77' lang='grc' dir='ltr'><strong>πᾶσιν</strong></span> <span class='ocrx_word' id='word_1_451' title='bbox 1617 2773 1703 2845; x_wconf 83' lang='grc' dir='ltr'><strong>ἀφίησι,</strong></span> <span class='ocrx_word' id='word_1_452' title='bbox 1733 2771 1777 2829; x_wconf 62' lang='lat' dir='ltr'><strong>ll&amp;</strong></span> <span class='ocrx_word' id='word_1_453' title='bbox 1792 2761 1823 2818; x_wconf 77' lang='grc' dir='ltr'><strong>οίν</strong></span> 
     </span>
     <span class='ocr_line' id='line_1_32' title="bbox 261 2841 1823 2925; baseline -0.002 -25"><span class='ocrx_word' id='word_1_454' title='bbox 261 2848 302 2900; x_wconf 86' lang='grc' dir='ltr'><strong>καὶ</strong></span> <span class='ocrx_word' id='word_1_455' title='bbox 313 2850 351 2904; x_wconf 85' lang='grc' dir='ltr'><strong>δτι</strong></span> <span class='ocrx_word' id='word_1_456' title='bbox 364 2855 453 2918; x_wconf 84' lang='grc' dir='ltr'><strong>πικρῶς</strong></span> <span class='ocrx_word' id='word_1_457' title='bbox 470 2849 533 2902; x_wconf 87' lang='grc' dir='ltr'><strong>κατά</strong></span> <span class='ocrx_word' id='word_1_458' title='bbox 548 2855 596 2902; x_wconf 84' lang='grc' dir='ltr'><strong>τῶν</strong></span> <span class='ocrx_word' id='word_1_459' title='bbox 615 2849 764 2904; x_wconf 87' lang='grc' dir='ltr'><strong>ἀδικούντων</strong></span> <span class='ocrx_word' id='word_1_460' title='bbox 783 2851 926 2922; x_wconf 85' lang='grc' dir='ltr'><strong>νομοθετεῖ·</strong></span> <span class='ocrx_word' id='word_1_461' title='bbox 948 2847 1040 2909; x_wconf 83' lang='grc' dir='ltr'><strong>ἀξιόπι·</strong></span> <span class='ocrx_word' id='word_1_462' title='bbox 1085 2847 1139 2905; x_wconf 88' lang='grc' dir='ltr'><strong>οίόν</strong></span> <span class='ocrx_word' id='word_1_463' title='bbox 1162 2871 1189 2908; x_wconf 87' lang='grc' dir='ltr'><strong>τε</strong></span> <span class='ocrx_word' id='word_1_464' title='bbox 1207 2857 1260 2916; x_wconf 87' lang='grc' dir='ltr'><strong>τοῖς</strong></span> <span class='ocrx_word' id='word_1_465' title='bbox 1273 2854 1316 2925; x_wconf 79' lang='grc' dir='ltr'><strong>μὶν</strong></span> <span class='ocrx_word' id='word_1_466' title='bbox 1333 2855 1449 2924; x_wconf 86' lang='grc' dir='ltr'><strong>βοηθεῖν,</strong></span> <span class='ocrx_word' id='word_1_467' title='bbox 1461 2861 1517 2917; x_wconf 85' lang='grc' dir='ltr'><strong>τοῖς</strong></span> <span class='ocrx_word' id='word_1_468' title='bbox 1532 2855 1560 2908; x_wconf 80' lang='grc' dir='ltr'><strong>δὲ</strong></span> <span class='ocrx_word' id='word_1_469' title='bbox 1576 2854 1604 2907; x_wconf 85' lang='grc' dir='ltr'><strong>ού</strong></span> <span class='ocrx_word' id='word_1_470' title='bbox 1624 2853 1715 2924; x_wconf 88' lang='grc' dir='ltr'><strong>βοηθεῖν</strong></span> <span class='ocrx_word' id='word_1_471' title='bbox 1731 2841 1823 2908; x_wconf 79' lang='grc' dir='ltr'><strong>ιδιθνςιί</strong></span> 
     </span>
     <span class='ocr_line' id='line_1_33' title="bbox 260 2923 1822 3004; baseline -0.006 -16"><span class='ocrx_word' id='word_1_472' title='bbox 260 2946 316 2988; x_wconf 70' lang='grc' dir='ltr'><strong>στος</strong></span> <span class='ocrx_word' id='word_1_473' title='bbox 329 2927 376 2998; x_wconf 69' lang='grc' dir='ltr'><strong>γὰρ</strong></span> <span class='ocrx_word' id='word_1_474' title='bbox 388 2927 402 2979; x_wconf 74' lang='grc' dir='ltr'><em>ὃ</em></span> <span class='ocrx_word' id='word_1_475' title='bbox 415 2927 513 2980; x_wconf 69' lang='grc' dir='ltr'><strong>Σόλῑνν-</strong></span> <span class='ocrx_word' id='word_1_476' title='bbox 525 2928 583 2982; x_wconf 83' lang='lat' dir='ltr'><strong>RY·</strong></span> <span class='ocrx_word' id='word_1_477' title='bbox 1086 2931 1120 3002; x_wconf 89' lang='grc' dir='ltr'><strong>μή</strong></span> <span class='ocrx_word' id='word_1_478' title='bbox 1133 2952 1168 2996; x_wconf 92' lang='grc' dir='ltr'><strong>τις</strong></span> <span class='ocrx_word' id='word_1_479' title='bbox 1182 2933 1251 3004; x_wconf 90' lang='grc' dir='ltr'><strong>λε’γοι</strong></span> <span class='ocrx_word' id='word_1_480' title='bbox 1264 2935 1302 2987; x_wconf 88' lang='grc' dir='ltr'><strong>δτι</strong></span> <span class='ocrx_word' id='word_1_481' title='bbox 1313 2933 1356 2986; x_wconf 82' lang='grc' dir='ltr'><strong>οῦκ</strong></span> <span class='ocrx_word' id='word_1_482' title='bbox 1371 2932 1471 3004; x_wconf 84' lang='grc' dir='ltr'><strong>ἀφαιρεῖ</strong></span> <span class='ocrx_word' id='word_1_483' title='bbox 1482 2932 1529 3000; x_wconf 80' lang='grc' dir='ltr'><strong>τήν</strong></span> <span class='ocrx_word' id='word_1_484' title='bbox 1551 2931 1710 2987; x_wconf 67' lang='grc' dir='ltr'><strong>δεκαπλασίαν</strong></span> <span class='ocrx_word' id='word_1_485' title='bbox 1721 2933 1760 2980; x_wconf 88' lang='grc' dir='ltr'><strong>ιῖνν</strong></span> <span class='ocrx_word' id='word_1_486' title='bbox 1771 2923 1822 2975; x_wconf 70' lang='grc' dir='ltr'><strong>θον·</strong></span> 
     </span>
     <span class='ocr_line' id='line_1_34' title="bbox 296 3001 1897 3086; baseline -0.007 -18"><span class='ocrx_word' id='word_1_487' title='bbox 296 3006 358 3072; x_wconf 72' lang='lat'><strong>7³4,</strong></span> <span class='ocrx_word' id='word_1_488' title='bbox 374 3023 401 3074; x_wconf 88' lang='lat'><strong>7·</strong></span> <span class='ocrx_word' id='word_1_489' title='bbox 416 3005 517 3075; x_wconf 63' lang='grc' dir='ltr'><strong>Πρῶτον</strong></span> <span class='ocrx_word' id='word_1_490' title='bbox 532 3003 717 3074; x_wconf 62' lang='grc' dir='ltr'><strong>μίθπῦρύτθίκ</strong></span> <span class='ocrx_word' id='word_1_491' title='bbox 732 3005 926 3076; x_wconf 63' lang='grc' dir='ltr'><strong>νόμουςὶΤῠΰτύ</strong></span> <span class='ocrx_word' id='word_1_492' title='bbox 941 3003 992 3057; x_wconf 69' lang='lat' dir='ltr'><strong>lm</strong></span> <span class='ocrx_word' id='word_1_493' title='bbox 1012 3002 1040 3056; x_wconf 70' lang='grc' dir='ltr'><strong>τύ</strong></span> <span class='ocrx_word' id='word_1_494' title='bbox 1088 3011 1183 3082; x_wconf 86' lang='grc' dir='ltr'><strong>νόμων.</strong></span> <span class='ocrx_word' id='word_1_495' title='bbox 1224 3011 1297 3065; x_wconf 76' lang='grc' dir='ltr'><strong>λλλά</strong></span> <span class='ocrx_word' id='word_1_496' title='bbox 1316 3012 1442 3066; x_wconf 84' lang='grc' dir='ltr'><strong>καὶτοῦτο</strong></span> <span class='ocrx_word' id='word_1_497' title='bbox 1463 3014 1567 3083; x_wconf 89' lang='grc' dir='ltr'><strong>σαθρόν.</strong></span> <span class='ocrx_word' id='word_1_498' title='bbox 1604 3001 1822 3068; x_wconf 70' lang='grc' dir='ltr'><strong>Ιλοῦτοίνννεθαίγε·</strong></span> <span class='ocrx_word' id='word_1_499' title='bbox 1896 3083 1897 3086; x_wconf 8' lang='grc' dir='ltr'><strong>γ</strong></span> 
     </span>
     <span class='ocr_line' id='line_1_35' title="bbox 260 3081 1821 3162; baseline 0.002 -26"><span class='ocrx_word' id='word_1_500' title='bbox 260 3087 304 3136; x_wconf 84' lang='grc' dir='ltr'><strong>τοῦ</strong></span> <span class='ocrx_word' id='word_1_501' title='bbox 317 3083 423 3158; x_wconf 86' lang='grc' dir='ltr'><strong>νομίμου</strong></span> <span class='ocrx_word' id='word_1_502' title='bbox 437 3085 580 3152; x_wconf 78' lang='grc' dir='ltr'><strong>προσοίκου-</strong></span> <span class='ocrx_word' id='word_1_503' title='bbox 599 3082 628 3134; x_wconf 87' lang='grc' dir='ltr'><strong>τδ</strong></span> <span class='ocrx_word' id='word_1_504' title='bbox 639 3082 665 3136; x_wconf 85' lang='grc' dir='ltr'><strong>δέ</strong></span> <span class='ocrx_word' id='word_1_505' title='bbox 677 3083 788 3152; x_wconf 84' lang='grc' dir='ltr'><strong>δεύτερον</strong></span> <span class='ocrx_word' id='word_1_506' title='bbox 800 3087 843 3136; x_wconf 89' lang='grc' dir='ltr'><strong>τοῦ</strong></span> <span class='ocrx_word' id='word_1_507' title='bbox 862 3084 938 3154; x_wconf 91' lang='grc' dir='ltr'><strong>νόμον</strong></span> <span class='ocrx_word' id='word_1_508' title='bbox 954 3081 1038 3135; x_wconf 83' lang='grc' dir='ltr'><strong>αθτσῦ.</strong></span> <span class='ocrx_word' id='word_1_509' title='bbox 1085 3107 1152 3160; x_wconf 67' lang='grc' dir='ltr'><strong>ερας</strong></span> <span class='ocrx_word' id='word_1_510' title='bbox 1168 3093 1206 3145; x_wconf 71' lang='grc' dir='ltr'><strong>ότι</strong></span> <span class='ocrx_word' id='word_1_511' title='bbox 1221 3089 1249 3145; x_wconf 81' lang='grc' dir='ltr'><strong>οδ</strong></span> <span class='ocrx_word' id='word_1_512' title='bbox 1264 3091 1319 3162; x_wconf 83' lang='grc' dir='ltr'><strong>περὶ</strong></span> <span class='ocrx_word' id='word_1_513' title='bbox 1341 3095 1385 3144; x_wconf 85' lang='grc' dir='ltr'><strong>τοῦ</strong></span> <span class='ocrx_word' id='word_1_514' title='bbox 1398 3093 1490 3162; x_wconf 82' lang='grc' dir='ltr'><strong>δεσμοῦ</strong></span> <span class='ocrx_word' id='word_1_515' title='bbox 1508 3091 1661 3162; x_wconf 81' lang='grc' dir='ltr'><strong>διαλέγεται,</strong></span> <span class='ocrx_word' id='word_1_516' title='bbox 1673 3085 1731 3140; x_wconf 82' lang='grc' dir='ltr'><strong>ἀλλά</strong></span> <span class='ocrx_word' id='word_1_517' title='bbox 1741 3081 1783 3152; x_wconf 73' lang='grc' dir='ltr'><strong>περὶ</strong></span> <span class='ocrx_word' id='word_1_518' title='bbox 1792 3081 1821 3131; x_wconf 67' lang='grc' dir='ltr'><strong>ῖῠί</strong></span> 
     </span>
     <span class='ocr_line' id='line_1_36' title="bbox 259 3159 1820 3238; baseline 0.003 -22"><span class='ocrx_word' id='word_1_519' title='bbox 259 3163 339 3216; x_wconf 71' lang='grc' dir='ltr'><strong>ΊὉΤ.</strong></span> <span class='ocrx_word' id='word_1_520' title='bbox 1084 3169 1182 3238; x_wconf 88' lang='grc' dir='ltr'><strong>πότεροι</strong></span> <span class='ocrx_word' id='word_1_521' title='bbox 1195 3169 1341 3238; x_wconf 88' lang='grc' dir='ltr'><strong>δικαιότεροί</strong></span> <span class='ocrx_word' id='word_1_522' title='bbox 1349 3168 1409 3222; x_wconf 86' lang='grc' dir='ltr'><strong>εἶσιν</strong></span> <span class='ocrx_word' id='word_1_523' title='bbox 1419 3169 1571 3234; x_wconf 88' lang='grc' dir='ltr'><strong>ἐκτιννύναι,</strong></span> <span class='ocrx_word' id='word_1_524' title='bbox 1581 3169 1606 3222; x_wconf 91' lang='grc' dir='ltr'><strong>οί</strong></span> <span class='ocrx_word' id='word_1_525' title='bbox 1620 3159 1820 3238; x_wconf 71' lang='grc' dir='ltr'><strong>πρέοδεῑςίθῖίιίῖί·</strong></span> 
     </span>
     <span class='ocr_line' id='line_1_37' title="bbox 296 3235 1820 3320; baseline 0 -26"><span class='ocrx_word' id='word_1_526' title='bbox 296 3241 358 3310; x_wconf 79' lang='grc'><strong>734,</strong></span> <span class='ocrx_word' id='word_1_527' title='bbox 374 3259 401 3306; x_wconf 82' lang='lat'><strong>9.</strong></span> <span class='ocrx_word' id='word_1_528' title='bbox 420 3237 508 3310; x_wconf 87' lang='grc' dir='ltr'><strong>Τρίτον</strong></span> <span class='ocrx_word' id='word_1_529' title='bbox 520 3237 564 3311; x_wconf 84' lang='grc' dir='ltr'><strong>δέ]</strong></span> <span class='ocrx_word' id='word_1_530' title='bbox 586 3236 676 3292; x_wconf 83' lang='grc' dir='ltr'><strong>’ίοτέον</strong></span> <span class='ocrx_word' id='word_1_531' title='bbox 691 3239 730 3292; x_wconf 87' lang='grc' dir='ltr'><strong>δτι</strong></span> <span class='ocrx_word' id='word_1_532' title='bbox 744 3236 772 3289; x_wconf 82' lang='grc' dir='ltr'><strong>οὖ</strong></span> <span class='ocrx_word' id='word_1_533' title='bbox 788 3237 856 3307; x_wconf 88' lang='grc' dir='ltr'><strong>λέγει</strong></span> <span class='ocrx_word' id='word_1_534' title='bbox 872 3235 976 3292; x_wconf 88' lang='grc' dir='ltr'><strong>ἐνταῦθα</strong></span> <span class='ocrx_word' id='word_1_535' title='bbox 985 3237 1040 3306; x_wconf 87' lang='grc' dir='ltr'><strong>περὶ</strong></span> <span class='ocrx_word' id='word_1_536' title='bbox 1084 3265 1140 3311; x_wconf 65' lang='lat' dir='ltr'><strong>m,</strong></span> <span class='ocrx_word' id='word_1_537' title='bbox 1155 3247 1171 3314; x_wconf 73' lang='grc' dir='ltr'><strong>ἢ</strong></span> <span class='ocrx_word' id='word_1_538' title='bbox 1186 3248 1211 3300; x_wconf 70' lang='lat'><strong>01</strong></span> <span class='ocrx_word' id='word_1_539' title='bbox 1224 3245 1357 3318; x_wconf 68' lang='grc' dir='ltr'><strong>ᾶσιιιιόμιιι</strong></span> <span class='ocrx_word' id='word_1_540' title='bbox 1370 3249 1411 3301; x_wconf 58' lang='lat' dir='ltr'><strong>xa}</strong></span> <span class='ocrx_word' id='word_1_541' title='bbox 1424 3248 1448 3301; x_wconf 76' lang='grc' dir='ltr'><strong>ιιί</strong></span> <span class='ocrx_word' id='word_1_542' title='bbox 1470 3247 1625 3320; x_wconf 67' lang='grc' dir='ltr'><strong>ἀγορανόμοι</strong></span> <span class='ocrx_word' id='word_1_543' title='bbox 1643 3243 1684 3311; x_wconf 74' lang='grc' dir='ltr'><strong>τήν</strong></span> <span class='ocrx_word' id='word_1_544' title='bbox 1695 3237 1820 3294; x_wconf 64' lang='grc' dir='ltr'><strong>δεκαπλοῦν*</strong></span> 
     </span>
     <span class='ocr_line' id='line_1_38' title="bbox 260 3311 1820 3398; baseline -0.006 -26"><span class='ocrx_word' id='word_1_545' title='bbox 260 3323 304 3372; x_wconf 85' lang='grc' dir='ltr'><strong>τοῖν</strong></span> <span class='ocrx_word' id='word_1_546' title='bbox 315 3319 397 3389; x_wconf 89' lang='grc' dir='ltr'><strong>τρίτον</strong></span> <span class='ocrx_word' id='word_1_547' title='bbox 410 3317 557 3389; x_wconf 86' lang='grc' dir='ltr'><strong>κεφαλαίου,</strong></span> <span class='ocrx_word' id='word_1_548' title='bbox 571 3317 585 3370; x_wconf 82' lang='grc' dir='ltr'><strong>δ</strong></span> <span class='ocrx_word' id='word_1_549' title='bbox 597 3316 648 3370; x_wconf 87' lang='grc' dir='ltr'><strong>ἐστι</strong></span> <span class='ocrx_word' id='word_1_550' title='bbox 661 3321 705 3370; x_wconf 88' lang='grc' dir='ltr'><strong>τοῦ</strong></span> <span class='ocrx_word' id='word_1_551' title='bbox 716 3317 823 3380; x_wconf 85' lang='grc' dir='ltr'><strong>δικαίου,</strong></span> <span class='ocrx_word' id='word_1_552' title='bbox 844 3314 911 3367; x_wconf 86' lang='grc' dir='ltr'><strong>ἀλλά</strong></span> <span class='ocrx_word' id='word_1_553' title='bbox 929 3316 1039 3386; x_wconf 84' lang='grc' dir='ltr'><strong>περὶτοῦ</strong></span> <span class='ocrx_word' id='word_1_554' title='bbox 1084 3327 1146 3379; x_wconf 68' lang='grc' dir='ltr'><strong>διότι</strong></span> <span class='ocrx_word' id='word_1_555' title='bbox 1155 3325 1269 3398; x_wconf 56' lang='grc' dir='ltr'><strong>ἔκλεψας,</strong></span> <span class='ocrx_word' id='word_1_556' title='bbox 1306 3326 1342 3379; x_wconf 70' lang='grc' dir='ltr'><strong>οὗ</strong></span> <span class='ocrx_word' id='word_1_557' title='bbox 1356 3327 1410 3398; x_wconf 59' lang='grc' dir='ltr'><strong>περὶ</strong></span> <span class='ocrx_word' id='word_1_558' title='bbox 1423 3331 1468 3380; x_wconf 65' lang='grc' dir='ltr'><strong>τις</strong></span> <span class='ocrx_word' id='word_1_559' title='bbox 1487 3329 1566 3398; x_wconf 63' lang='grc' dir='ltr'><strong>νόμοι,</strong></span> <span class='ocrx_word' id='word_1_560' title='bbox 1576 3325 1624 3397; x_wconf 59' lang='grc' dir='ltr'><strong>γὰρ</strong></span> <span class='ocrx_word' id='word_1_561' title='bbox 1639 3323 1770 3392; x_wconf 45' lang='lat' dir='ltr'><strong>flamm,</strong></span> <span class='ocrx_word' id='word_1_562' title='bbox 1781 3311 1820 3364; x_wconf 78' lang='grc' dir='ltr'><strong>ἀλλ’</strong></span> 
     </span>
     <span class='ocr_line' id='line_1_39' title="bbox 261 3389 1819 3476; baseline -0.004 -28"><span class='ocrx_word' id='word_1_563' title='bbox 261 3399 435 3468; x_wconf 85' lang='grc' dir='ltr'><strong>συμφέροντος.</strong></span> <span class='ocrx_word' id='word_1_564' title='bbox 471 3397 558 3468; x_wconf 89' lang='grc' dir='ltr'><strong>Τρίτον</strong></span> <span class='ocrx_word' id='word_1_565' title='bbox 570 3396 596 3450; x_wconf 90' lang='grc' dir='ltr'><strong>δέ</strong></span> <span class='ocrx_word' id='word_1_566' title='bbox 609 3395 680 3458; x_wconf 83' lang='grc' dir='ltr'><strong>αύτδς</strong></span> <span class='ocrx_word' id='word_1_567' title='bbox 692 3395 805 3450; x_wconf 87' lang='grc' dir='ltr'><strong>ἐκάλεσεν</strong></span> <span class='ocrx_word' id='word_1_568' title='bbox 818 3395 921 3448; x_wconf 79' lang='grc' dir='ltr'><strong>ἐνταῦθα</strong></span> <span class='ocrx_word' id='word_1_569' title='bbox 935 3395 964 3448; x_wconf 86' lang='grc' dir='ltr'><strong>τδ</strong></span> <span class='ocrx_word' id='word_1_570' title='bbox 978 3414 1039 3466; x_wconf 86' lang='grc' dir='ltr'><strong>συμ-</strong></span> <span class='ocrx_word' id='word_1_571' title='bbox 1085 3404 1143 3460; x_wconf 64' lang='lat' dir='ltr'><strong>abrb</strong></span> <span class='ocrx_word' id='word_1_572' title='bbox 1157 3406 1212 3458; x_wconf 59' lang='grc' dir='ltr'><strong>καθ’</strong></span> <span class='ocrx_word' id='word_1_573' title='bbox 1226 3405 1296 3458; x_wconf 57' lang='lat' dir='ltr'><strong>{mh</strong></span> <span class='ocrx_word' id='word_1_574' title='bbox 1311 3405 1415 3468; x_wconf 65' lang='grc' dir='ltr'><strong>ξξιιιςγιι</strong></span> <span class='ocrx_word' id='word_1_575' title='bbox 1437 3407 1514 3476; x_wconf 66' lang='grc' dir='ltr'><strong>μόιοι</strong></span> <span class='ocrx_word' id='word_1_576' title='bbox 1530 3405 1678 3466; x_wconf 52' lang='lat' dir='ltr'><strong><em>mlum,</em></strong></span> <span class='ocrx_word' id='word_1_577' title='bbox 1692 3400 1745 3459; x_wconf 69' lang='grc' dir='ltr'><strong>ιίιςι</strong></span> <span class='ocrx_word' id='word_1_578' title='bbox 1753 3389 1819 3446; x_wconf 79' lang='grc' dir='ltr'><strong>δακνό-</strong></span> 
     </span>
     <span class='ocr_line' id='line_1_40' title="bbox 259 3467 1820 3553; baseline -0.004 -12"><span class='ocrx_word' id='word_1_579' title='bbox 259 3477 347 3546; x_wconf 67' lang='grc' dir='ltr'><strong>φὲΡΘθε</strong></span> <span class='ocrx_word' id='word_1_580' title='bbox 363 3475 391 3529; x_wconf 70' lang='grc' dir='ltr'><strong>ῦῦ</strong></span> <span class='ocrx_word' id='word_1_581' title='bbox 402 3477 461 3548; x_wconf 66' lang='grc' dir='ltr'><strong>πρὶν</strong></span> <span class='ocrx_word' id='word_1_582' title='bbox 473 3475 517 3542; x_wconf 58' lang='grc' dir='ltr'><strong>τήν</strong></span> <span class='ocrx_word' id='word_1_583' title='bbox 531 3476 597 3540; x_wconf 68' lang='grc' dir='ltr'><strong>τέξῑθ</strong></span> <span class='ocrx_word' id='word_1_584' title='bbox 611 3481 660 3530; x_wconf 60' lang='grc' dir='ltr'><strong>τῶν</strong></span> <span class='ocrx_word' id='word_1_585' title='bbox 675 3475 827 3546; x_wconf 60' lang='grc' dir='ltr'><strong>ῑῑθᾰλῖίωθι</strong></span> <span class='ocrx_word' id='word_1_586' title='bbox 842 3474 907 3528; x_wconf 56' lang='lat' dir='ltr'><strong>m&amp;</strong></span> <span class='ocrx_word' id='word_1_587' title='bbox 923 3475 982 3546; x_wconf 55' lang='grc' dir='ltr'><strong>πρὶν</strong></span> <span class='ocrx_word' id='word_1_588' title='bbox 994 3473 1038 3542; x_wconf 63' lang='grc' dir='ltr'><strong>τὴν</strong></span> <span class='ocrx_word' id='word_1_589' title='bbox 1084 3501 1149 3553; x_wconf 91' lang='grc' dir='ltr'><strong>τεροι</strong></span> <span class='ocrx_word' id='word_1_590' title='bbox 1168 3483 1332 3536; x_wconf 84' lang='grc' dir='ltr'><strong>καταδάλλιιν</strong></span> <span class='ocrx_word' id='word_1_591' title='bbox 1347 3483 1424 3548; x_wconf 87' lang='grc' dir='ltr'><strong>είσὶν,</strong></span> <span class='ocrx_word' id='word_1_592' title='bbox 1444 3483 1470 3536; x_wconf 92' lang='grc' dir='ltr'><strong>οί</strong></span> <span class='ocrx_word' id='word_1_593' title='bbox 1492 3483 1535 3536; x_wconf 77' lang='grc' dir='ltr'><strong>διὰ</strong></span> <span class='ocrx_word' id='word_1_594' title='bbox 1551 3483 1634 3538; x_wconf 89' lang='grc' dir='ltr'><strong>πενίαν</strong></span> <span class='ocrx_word' id='word_1_595' title='bbox 1649 3480 1772 3549; x_wconf 50' lang='lat' dir='ltr'><strong>W·</strong></span> <span class='ocrx_word' id='word_1_596' title='bbox 1784 3467 1820 3534; x_wconf 65' lang='grc' dir='ltr'><strong>λέ</strong></span> 
     </span>
     <span class='ocr_line' id='line_1_41' title="bbox 259 3553 1819 3632; baseline 0.002 -25"><span class='ocrx_word' id='word_1_597' title='bbox 259 3556 387 3627; x_wconf 88' lang='grc' dir='ltr'><strong>διαίρεσιν.</strong></span> <span class='ocrx_word' id='word_1_598' title='bbox 422 3555 458 3611; x_wconf 83' lang='grc' dir='ltr'><strong>Τδ</strong></span> <span class='ocrx_word' id='word_1_599' title='bbox 475 3555 524 3628; x_wconf 87' lang='grc' dir='ltr'><strong>γάρ</strong></span> <span class='ocrx_word' id='word_1_600' title='bbox 546 3558 651 3627; x_wconf 86' lang='grc' dir='ltr'><strong>νόμιμον</strong></span> <span class='ocrx_word' id='word_1_601' title='bbox 666 3555 797 3626; x_wconf 84' lang='grc' dir='ltr'><strong>κεφάλαιον</strong></span> <span class='ocrx_word' id='word_1_602' title='bbox 817 3553 849 3617; x_wconf 86' lang='grc' dir='ltr'><strong>είς</strong></span> <span class='ocrx_word' id='word_1_603' title='bbox 868 3554 912 3607; x_wconf 88' lang='grc' dir='ltr'><strong>δύο</strong></span> <span class='ocrx_word' id='word_1_604' title='bbox 929 3553 1037 3618; x_wconf 84' lang='grc' dir='ltr'><strong>διεῖλεν,</strong></span> <span class='ocrx_word' id='word_1_605' title='bbox 1083 3561 1192 3630; x_wconf 79' lang='grc' dir='ltr'><strong>πρόσδεις</strong></span> <span class='ocrx_word' id='word_1_606' title='bbox 1205 3561 1338 3632; x_wconf 78' lang='grc' dir='ltr'><strong>αἱρεθέντες</strong></span> <span class='ocrx_word' id='word_1_607' title='bbox 1351 3561 1392 3614; x_wconf 88' lang='grc' dir='ltr'><strong>καὶ</strong></span> <span class='ocrx_word' id='word_1_608' title='bbox 1405 3561 1518 3617; x_wconf 85' lang='grc' dir='ltr'><strong>πλούσιοι</strong></span> <span class='ocrx_word' id='word_1_609' title='bbox 1538 3563 1621 3626; x_wconf 79' lang='grc' dir='ltr'><strong>ὄντες,</strong></span> <span class='ocrx_word' id='word_1_610' title='bbox 1639 3558 1690 3612; x_wconf 83' lang='grc' dir='ltr'><strong>εἶτα</strong></span> <span class='ocrx_word' id='word_1_611' title='bbox 1701 3553 1819 3626; x_wconf 61' lang='grc' dir='ltr'><strong>ύφτλίβίθῑ·</strong></span> 
     </span>
     <span class='ocr_line' id='line_1_42' title="bbox 261 3631 1820 3712; baseline -0.003 -24"><span class='ocrx_word' id='word_1_612' title='bbox 261 3633 294 3697; x_wconf 87' lang='grc' dir='ltr'><strong>είς</strong></span> <span class='ocrx_word' id='word_1_613' title='bbox 308 3655 334 3689; x_wconf 88' lang='grc' dir='ltr'><strong>τε</strong></span> <span class='ocrx_word' id='word_1_614' title='bbox 347 3635 377 3689; x_wconf 86' lang='grc' dir='ltr'><strong>τδ</strong></span> <span class='ocrx_word' id='word_1_615' title='bbox 390 3637 532 3707; x_wconf 82' lang='grc' dir='ltr'><strong>παράνομον</strong></span> <span class='ocrx_word' id='word_1_616' title='bbox 551 3637 593 3689; x_wconf 89' lang='grc' dir='ltr'><strong>καὶ</strong></span> <span class='ocrx_word' id='word_1_617' title='bbox 611 3635 640 3688; x_wconf 85' lang='grc' dir='ltr'><strong>τδ</strong></span> <span class='ocrx_word' id='word_1_618' title='bbox 663 3635 772 3688; x_wconf 78' lang='grc' dir='ltr'><strong>ἀναιτίαν</strong></span> <span class='ocrx_word' id='word_1_619' title='bbox 786 3636 838 3696; x_wconf 90' lang='grc' dir='ltr'><strong>τοῖς</strong></span> <span class='ocrx_word' id='word_1_620' title='bbox 861 3635 954 3703; x_wconf 84' lang='grc' dir='ltr'><strong>νόμοις.</strong></span> <span class='ocrx_word' id='word_1_621' title='bbox 991 3632 1039 3686; x_wconf 80' lang='grc' dir='ltr'><strong>Ού·</strong></span> <span class='ocrx_word' id='word_1_622' title='bbox 1086 3639 1118 3692; x_wconf 84' lang='grc' dir='ltr'>Ὃ</span> <span class='ocrx_word' id='word_1_623' title='bbox 1132 3639 1158 3692; x_wconf 81' lang='grc' dir='ltr'><strong>δὲ</strong></span> <span class='ocrx_word' id='word_1_624' title='bbox 1170 3641 1264 3710; x_wconf 74' lang='grc' dir='ltr'><strong>ἄγαμαι</strong></span> <span class='ocrx_word' id='word_1_625' title='bbox 1279 3645 1323 3707; x_wconf 83' lang='grc' dir='ltr'><strong>τῆς</strong></span> <span class='ocrx_word' id='word_1_626' title='bbox 1334 3641 1453 3712; x_wconf 83' lang='grc' dir='ltr'><strong>μεθόδου,</strong></span> <span class='ocrx_word' id='word_1_627' title='bbox 1469 3645 1545 3694; x_wconf 87' lang='grc' dir='ltr'><strong>τοῦτο</strong></span> <span class='ocrx_word' id='word_1_628' title='bbox 1560 3631 1820 3711; x_wconf 76' lang='grc' dir='ltr'><strong>προσθήσονφοῦούμινυι</strong></span> 
     </span>
     <span class='ocr_line' id='line_1_43' title="bbox 260 3709 1819 3790; baseline -0.006 -22"><span class='ocrx_word' id='word_1_629' title='bbox 260 3718 318 3768; x_wconf 83' lang='grc' dir='ltr'><strong>κοῦν</strong></span> <span class='ocrx_word' id='word_1_630' title='bbox 332 3715 365 3777; x_wconf 80' lang='grc' dir='ltr'><strong>ὡς</strong></span> <span class='ocrx_word' id='word_1_631' title='bbox 377 3715 436 3786; x_wconf 75' lang='grc' dir='ltr'><strong>πρὶις</strong></span> <span class='ocrx_word' id='word_1_632' title='bbox 454 3714 485 3768; x_wconf 89' lang='grc' dir='ltr'><strong>τά</strong></span> <span class='ocrx_word' id='word_1_633' title='bbox 499 3714 542 3768; x_wconf 87' lang='grc' dir='ltr'><strong>δύο</strong></span> <span class='ocrx_word' id='word_1_634' title='bbox 558 3715 617 3787; x_wconf 87' lang='grc' dir='ltr'><strong>μίρη</strong></span> <span class='ocrx_word' id='word_1_635' title='bbox 634 3717 708 3767; x_wconf 89' lang='grc' dir='ltr'><strong>τοῦτο</strong></span> <span class='ocrx_word' id='word_1_636' title='bbox 726 3711 780 3769; x_wconf 81' lang='grc' dir='ltr'><strong>είπε</strong></span> <span class='ocrx_word' id='word_1_637' title='bbox 802 3713 897 3783; x_wconf 89' lang='grc' dir='ltr'><strong>τρίτον·</strong></span> <span class='ocrx_word' id='word_1_638' title='bbox 915 3711 967 3765; x_wconf 79' lang='grc' dir='ltr'><strong>ἐπεί</strong></span> <span class='ocrx_word' id='word_1_639' title='bbox 982 3712 1040 3782; x_wconf 87' lang='grc' dir='ltr'><strong>πρδς</strong></span> <span class='ocrx_word' id='word_1_640' title='bbox 1083 3718 1131 3789; x_wconf 77' lang='grc' dir='ltr'><strong>γὰρ</strong></span> <span class='ocrx_word' id='word_1_641' title='bbox 1147 3717 1192 3784; x_wconf 76' lang='grc' dir='ltr'><strong>τήν</strong></span> <span class='ocrx_word' id='word_1_642' title='bbox 1210 3717 1258 3773; x_wconf 71' lang='grc' dir='ltr'><strong>ἀπὸ</strong></span> <span class='ocrx_word' id='word_1_643' title='bbox 1277 3723 1321 3773; x_wconf 83' lang='grc' dir='ltr'><strong>τοῦ</strong></span> <span class='ocrx_word' id='word_1_644' title='bbox 1332 3721 1425 3772; x_wconf 83' lang='grc' dir='ltr'><strong>δικαίου</strong></span> <span class='ocrx_word' id='word_1_645' title='bbox 1440 3718 1625 3790; x_wconf 74' lang='grc' dir='ltr'><strong>ἐφομαρτοῦσαν</strong></span> <span class='ocrx_word' id='word_1_646' title='bbox 1638 3709 1784 3782; x_wconf 70' lang='grc' dir='ltr'><strong>ἀπανθρωπίαν</strong></span> <span class='ocrx_word' id='word_1_647' title='bbox 1795 3731 1819 3744; x_wconf 91' lang='grc'><strong>-·</strong></span> 
     </span>
     <span class='ocr_line' id='line_1_44' title="bbox 260 3789 1819 3869; baseline -0.004 -23"><span class='ocrx_word' id='word_1_648' title='bbox 260 3793 335 3860; x_wconf 75' lang='grc' dir='ltr'><strong>αὐτὴν</strong></span> <span class='ocrx_word' id='word_1_649' title='bbox 350 3792 394 3860; x_wconf 81' lang='grc' dir='ltr'><strong>τήν</strong></span> <span class='ocrx_word' id='word_1_650' title='bbox 414 3795 482 3866; x_wconf 89' lang='grc' dir='ltr'><strong>φύσιν</strong></span> <span class='ocrx_word' id='word_1_651' title='bbox 501 3797 545 3847; x_wconf 86' lang='grc' dir='ltr'><strong>τοῦ</strong></span> <span class='ocrx_word' id='word_1_652' title='bbox 564 3793 670 3864; x_wconf 91' lang='grc' dir='ltr'><strong>νομίμου</strong></span> <span class='ocrx_word' id='word_1_653' title='bbox 688 3793 819 3864; x_wconf 85' lang='grc' dir='ltr'><strong>κεφαλαίου</strong></span> <span class='ocrx_word' id='word_1_654' title='bbox 837 3791 910 3846; x_wconf 80' lang='grc' dir='ltr'><strong>πάλιν</strong></span> <span class='ocrx_word' id='word_1_655' title='bbox 928 3791 1038 3862; x_wconf 84' lang='grc' dir='ltr'><strong>δεύτερον</strong></span> <span class='ocrx_word' id='word_1_656' title='bbox 1083 3801 1168 3866; x_wconf 81' lang='grc' dir='ltr'><strong>πικροῦ</strong></span> <span class='ocrx_word' id='word_1_657' title='bbox 1175 3797 1223 3869; x_wconf 88' lang='grc' dir='ltr'><strong>γάρ</strong></span> <span class='ocrx_word' id='word_1_658' title='bbox 1231 3798 1260 3852; x_wconf 72' lang='grc' dir='ltr'><strong>τὶν</strong></span> <span class='ocrx_word' id='word_1_659' title='bbox 1271 3798 1418 3868; x_wconf 83' lang='grc' dir='ltr'><strong>διορίζεσθαι</strong></span> <span class='ocrx_word' id='word_1_660' title='bbox 1426 3798 1482 3860; x_wconf 80' lang='grc' dir='ltr'><strong>τούς</strong></span> <span class='ocrx_word' id='word_1_661' title='bbox 1490 3797 1632 3857; x_wconf 87' lang='grc' dir='ltr'><strong>ἀδικοῦντας</strong></span> <span class='ocrx_word' id='word_1_662' title='bbox 1641 3795 1704 3858; x_wconf 78' lang='grc' dir='ltr'><strong>δίκην</strong></span> <span class='ocrx_word' id='word_1_663' title='bbox 1714 3789 1819 3844; x_wconf 80' lang='grc' dir='ltr'><strong>διδόναι-ι</strong></span> 
     </span>
     <span class='ocr_line' id='line_1_45' title="bbox 260 3857 1897 3950; baseline -0.005 -24"><span class='ocrx_word' id='word_1_664' title='bbox 260 3875 328 3945; x_wconf 89' lang='grc' dir='ltr'><strong>λέγει</strong></span> <span class='ocrx_word' id='word_1_665' title='bbox 341 3875 370 3928; x_wconf 83' lang='grc' dir='ltr'><strong>τδ</strong></span> <span class='ocrx_word' id='word_1_666' title='bbox 385 3876 514 3946; x_wconf 82' lang='grc' dir='ltr'><strong>συμφέρον.</strong></span> <span class='ocrx_word' id='word_1_667' title='bbox 528 3873 635 3928; x_wconf 77' lang='lat' dir='ltr'><strong>ATCV.</strong></span> <span class='ocrx_word' id='word_1_668' title='bbox 1084 3873 1127 3927; x_wconf 82' lang='grc' dir='ltr'><strong>ούκ</strong></span> <span class='ocrx_word' id='word_1_669' title='bbox 1141 3873 1190 3930; x_wconf 83' lang='grc' dir='ltr'><strong>ἀπδ</strong></span> <span class='ocrx_word' id='word_1_670' title='bbox 1202 3879 1246 3929; x_wconf 86' lang='grc' dir='ltr'><strong>τοῦ</strong></span> <span class='ocrx_word' id='word_1_671' title='bbox 1264 3875 1354 3930; x_wconf 91' lang='grc' dir='ltr'><strong>οίκείου</strong></span> <span class='ocrx_word' id='word_1_672' title='bbox 1367 3879 1497 3948; x_wconf 81' lang='grc' dir='ltr'><strong>προσώπου</strong></span> <span class='ocrx_word' id='word_1_673' title='bbox 1514 3875 1545 3928; x_wconf 86' lang='grc' dir='ltr'><strong>τδ</strong></span> <span class='ocrx_word' id='word_1_674' title='bbox 1563 3872 1689 3944; x_wconf 80' lang='grc' dir='ltr'><strong>κεφάλαιον</strong></span> <span class='ocrx_word' id='word_1_675' title='bbox 1700 3867 1767 3935; x_wconf 67' lang='grc' dir='ltr'><strong>λέγει,</strong></span> <span class='ocrx_word' id='word_1_676' title='bbox 1778 3857 1819 3950; x_wconf 56' lang='lat' dir='ltr'><strong>m:</strong></span> <span class='ocrx_word' id='word_1_677' title='bbox 1896 3863 1897 3920; x_wconf 82' lang='grc' dir='ltr'><strong>ί</strong></span> 
     </span>
     <span class='ocr_line' id='line_1_46' title="bbox 297 3937 1820 4025; baseline -0.005 -19"><span class='ocrx_word' id='word_1_678' title='bbox 297 3955 360 4023; x_wconf 79' lang='grc'><strong>734.</strong></span> <span class='ocrx_word' id='word_1_679' title='bbox 373 3971 418 4008; x_wconf 77' lang='grc' dir='ltr'><strong>αι).</strong></span> <span class='ocrx_word' id='word_1_680' title='bbox 433 3953 593 4024; x_wconf 79' lang='grc' dir='ltr'><strong>Πανταχόθεν</strong></span> <span class='ocrx_word' id='word_1_681' title='bbox 609 3950 652 4022; x_wconf 82' lang='grc' dir='ltr'><strong>μὶν</strong></span> <span class='ocrx_word' id='word_1_682' title='bbox 666 3950 764 4020; x_wconf 85' lang='grc' dir='ltr'><strong>τοίνυν]</strong></span> <span class='ocrx_word' id='word_1_683' title='bbox 781 3949 857 4003; x_wconf 71' lang='grc' dir='ltr'><strong>’ἀλλο</strong></span> <span class='ocrx_word' id='word_1_684' title='bbox 875 3948 940 4012; x_wconf 82' lang='grc' dir='ltr'><strong>εἶδος</strong></span> <span class='ocrx_word' id='word_1_685' title='bbox 957 3949 1038 4004; x_wconf 87' lang='grc' dir='ltr'><strong>ἐπιλό-</strong></span> <span class='ocrx_word' id='word_1_686' title='bbox 1083 3953 1135 4004; x_wconf 87' lang='grc' dir='ltr'><strong>ἀνω</strong></span> <span class='ocrx_word' id='word_1_687' title='bbox 1158 3953 1200 4006; x_wconf 81' lang='grc' dir='ltr'><strong>καὶ</strong></span> <span class='ocrx_word' id='word_1_688' title='bbox 1212 3956 1279 4008; x_wconf 86' lang='grc' dir='ltr'><strong>κάτω</strong></span> <span class='ocrx_word' id='word_1_689' title='bbox 1297 3953 1401 4008; x_wconf 85' lang='grc' dir='ltr'><strong>Σόλωνα</strong></span> <span class='ocrx_word' id='word_1_690' title='bbox 1428 3954 1524 4025; x_wconf 87' lang='grc' dir='ltr'><strong>θρυλεῖ·</strong></span> <span class='ocrx_word' id='word_1_691' title='bbox 1546 3957 1632 4006; x_wconf 89' lang='grc' dir='ltr'><strong>τοῦτον</strong></span> <span class='ocrx_word' id='word_1_692' title='bbox 1645 3947 1689 4019; x_wconf 85' lang='grc' dir='ltr'><strong>γάρ</strong></span> <span class='ocrx_word' id='word_1_693' title='bbox 1707 3943 1740 4014; x_wconf 74' lang='grc' dir='ltr'><strong>ἀφ’</strong></span> <span class='ocrx_word' id='word_1_694' title='bbox 1758 3937 1820 3990; x_wconf 58' lang='lat' dir='ltr'><em>W</em></span> 
     </span>
     <span class='ocr_line' id='line_1_47' title="bbox 261 4013 1818 4108; baseline -0.009 -26"><span class='ocrx_word' id='word_1_695' title='bbox 261 4049 307 4100; x_wconf 87' lang='grc' dir='ltr'><strong>γον</strong></span> <span class='ocrx_word' id='word_1_696' title='bbox 319 4029 367 4084; x_wconf 79' lang='grc' dir='ltr'><strong>ἀπὸ</strong></span> <span class='ocrx_word' id='word_1_697' title='bbox 380 4033 423 4097; x_wconf 86' lang='grc' dir='ltr'><strong>τής</strong></span> <span class='ocrx_word' id='word_1_698' title='bbox 437 4033 538 4101; x_wconf 76' lang='grc' dir='ltr'><strong>γνώμης</strong></span> <span class='ocrx_word' id='word_1_699' title='bbox 551 4032 595 4082; x_wconf 86' lang='grc' dir='ltr'><strong>τοῦ</strong></span> <span class='ocrx_word' id='word_1_700' title='bbox 606 4028 741 4087; x_wconf 89' lang='grc' dir='ltr'><strong>τεθεικότος</strong></span> <span class='ocrx_word' id='word_1_701' title='bbox 752 4025 794 4080; x_wconf 85' lang='grc' dir='ltr'><strong>τδν</strong></span> <span class='ocrx_word' id='word_1_702' title='bbox 805 4027 881 4098; x_wconf 84' lang='grc' dir='ltr'><strong>νόμον</strong></span> <span class='ocrx_word' id='word_1_703' title='bbox 895 4026 1037 4097; x_wconf 76' lang='grc' dir='ltr'><strong>ἐργάζεται,</strong></span> <span class='ocrx_word' id='word_1_704' title='bbox 1084 4037 1157 4085; x_wconf 75' lang='grc' dir='ltr'><strong>τοῦτο</strong></span> <span class='ocrx_word' id='word_1_705' title='bbox 1179 4034 1359 4103; x_wconf 82' lang='grc' dir='ltr'><strong>νομοθετοῦντα</strong></span> <span class='ocrx_word' id='word_1_706' title='bbox 1385 4035 1431 4096; x_wconf 76' lang='grc' dir='ltr'><strong>πᾶς</strong></span> <span class='ocrx_word' id='word_1_707' title='bbox 1447 4033 1477 4086; x_wconf 89' lang='grc' dir='ltr'><strong>ἀν</strong></span> <span class='ocrx_word' id='word_1_708' title='bbox 1493 4051 1529 4094; x_wconf 89' lang='grc' dir='ltr'><strong>τις</strong></span> <span class='ocrx_word' id='word_1_709' title='bbox 1551 4031 1620 4103; x_wconf 84' lang='grc' dir='ltr'><strong>ιδμδν</strong></span> <span class='ocrx_word' id='word_1_710' title='bbox 1642 4022 1745 4081; x_wconf 84' lang='grc' dir='ltr'><strong>ύπίλαδεν</strong></span> <span class='ocrx_word' id='word_1_711' title='bbox 1765 4013 1818 4108; x_wconf 63' lang='lat' dir='ltr'><strong>2wa-</strong></span> 
     </span>
     <span class='ocr_line' id='line_1_48' title="bbox 260 4091 1819 4186; baseline -0.008 -23"><span class='ocrx_word' id='word_1_712' title='bbox 260 4112 303 4164; x_wconf 88' lang='grc' dir='ltr'><strong>ίνα</strong></span> <span class='ocrx_word' id='word_1_713' title='bbox 312 4110 342 4162; x_wconf 86' lang='grc' dir='ltr'><strong>τά</strong></span> <span class='ocrx_word' id='word_1_714' title='bbox 351 4113 394 4177; x_wconf 85' lang='grc' dir='ltr'><strong>τής</strong></span> <span class='ocrx_word' id='word_1_715' title='bbox 408 4111 555 4182; x_wconf 79' lang='grc' dir='ltr'><strong>συγγνώμης</strong></span> <span class='ocrx_word' id='word_1_716' title='bbox 570 4107 696 4178; x_wconf 84' lang='grc' dir='ltr'><strong>ἀφέληται.</strong></span> <span class='ocrx_word' id='word_1_717' title='bbox 712 4108 738 4160; x_wconf 89' lang='lat' dir='ltr'><strong>S.</strong></span> <span class='ocrx_word' id='word_1_718' title='bbox 1084 4109 1170 4180; x_wconf 85' lang='grc' dir='ltr'><strong>Διόπερ</strong></span> <span class='ocrx_word' id='word_1_719' title='bbox 1185 4109 1233 4164; x_wconf 85' lang='grc' dir='ltr'><strong>ἀπδ</strong></span> <span class='ocrx_word' id='word_1_720' title='bbox 1246 4115 1289 4176; x_wconf 86' lang='grc' dir='ltr'><strong>τῆς</strong></span> <span class='ocrx_word' id='word_1_721' title='bbox 1304 4112 1432 4177; x_wconf 81' lang='grc' dir='ltr'><strong>ποιότητος</strong></span> <span class='ocrx_word' id='word_1_722' title='bbox 1450 4114 1494 4164; x_wconf 78' lang='grc' dir='ltr'><strong>τοῦ</strong></span> <span class='ocrx_word' id='word_1_723' title='bbox 1510 4109 1624 4169; x_wconf 78' lang='grc' dir='ltr'><strong>Σόλωνος</strong></span> <span class='ocrx_word' id='word_1_724' title='bbox 1639 4103 1761 4176; x_wconf 79' lang='grc' dir='ltr'><strong>ὶργιίζεται·</strong></span> <span class='ocrx_word' id='word_1_725' title='bbox 1773 4091 1819 4186; x_wconf 58' lang='grc' dir='ltr'><strong>ίίιγ·ι</strong></span> 
     </span>
     <span class='ocr_line' id='line_1_49' title="bbox 298 4171 1897 4260; baseline -0.005 -18"><span class='ocrx_word' id='word_1_726' title='bbox 298 4191 359 4258; x_wconf 82' lang='grc'><strong>734,</strong></span> <span class='ocrx_word' id='word_1_727' title='bbox 376 4193 420 4252; x_wconf 81' lang='grc' dir='ltr'><strong>α4.</strong></span> <span class='ocrx_word' id='word_1_728' title='bbox 440 4189 502 4242; x_wconf 58' lang='lat' dir='ltr'><strong>owe</strong></span> <span class='ocrx_word' id='word_1_729' title='bbox 511 4187 558 4258; x_wconf 79' lang='grc' dir='ltr'><strong>γὰρ</strong></span> <span class='ocrx_word' id='word_1_730' title='bbox 572 4187 623 4239; x_wconf 78' lang='grc' dir='ltr'><strong>οὐδ’</strong></span> <span class='ocrx_word' id='word_1_731' title='bbox 635 4187 719 4256; x_wconf 87' lang='grc' dir='ltr'><strong>ἀκων]</strong></span> <span class='ocrx_word' id='word_1_732' title='bbox 736 4184 767 4238; x_wconf 82' lang='grc' dir='ltr'><strong>Εἰ</strong></span> <span class='ocrx_word' id='word_1_733' title='bbox 778 4185 821 4255; x_wconf 77' lang='grc' dir='ltr'><strong>μὲν</strong></span> <span class='ocrx_word' id='word_1_734' title='bbox 835 4185 862 4240; x_wconf 87' lang='grc' dir='ltr'><strong>ένι</strong></span> <span class='ocrx_word' id='word_1_735' title='bbox 875 4186 989 4256; x_wconf 88' lang='grc' dir='ltr'><strong>προνοίας</strong></span> <span class='ocrx_word' id='word_1_736' title='bbox 1001 4188 1039 4240; x_wconf 82' lang='grc' dir='ltr'><strong>τί·</strong></span> <span class='ocrx_word' id='word_1_737' title='bbox 1084 4205 1167 4250; x_wconf 90' lang='grc' dir='ltr'><strong>πιστος</strong></span> <span class='ocrx_word' id='word_1_738' title='bbox 1184 4190 1232 4260; x_wconf 85' lang='grc' dir='ltr'><strong>γάρ</strong></span> <span class='ocrx_word' id='word_1_739' title='bbox 1253 4188 1318 4243; x_wconf 84' lang='grc' dir='ltr'><strong>ἐστιν</strong></span> <span class='ocrx_word' id='word_1_740' title='bbox 1334 4188 1348 4240; x_wconf 85' lang='grc' dir='ltr'><strong>θ</strong></span> <span class='ocrx_word' id='word_1_741' title='bbox 1367 4189 1454 4242; x_wconf 89' lang='grc' dir='ltr'><strong>Σόλων</strong></span> <span class='ocrx_word' id='word_1_742' title='bbox 1476 4188 1519 4242; x_wconf 86' lang='grc' dir='ltr'><strong>καὶ</strong></span> <span class='ocrx_word' id='word_1_743' title='bbox 1532 4186 1706 4258; x_wconf 79' lang='grc' dir='ltr'><strong>ἐπισημότερος.</strong></span> <span class='ocrx_word' id='word_1_744' title='bbox 1739 4171 1814 4224; x_wconf 59' lang='grc' dir='ltr'><strong>’ΒΜ</strong></span> <span class='ocrx_word' id='word_1_745' title='bbox 1896 4225 1897 4232; x_wconf 69' lang='grc'>,</span> 
     </span>
     <span class='ocr_line' id='line_1_50' title="bbox 262 4247 1897 4338; baseline -0.004 -16"><span class='ocrx_word' id='word_1_746' title='bbox 262 4271 353 4332; x_wconf 89' lang='grc' dir='ltr'><strong>θεικεν,</strong></span> <span class='ocrx_word' id='word_1_747' title='bbox 378 4269 400 4321; x_wconf 89' lang='grc' dir='ltr'><strong>εί</strong></span> <span class='ocrx_word' id='word_1_748' title='bbox 422 4268 484 4322; x_wconf 80' lang='grc' dir='ltr'><strong>κατά</strong></span> <span class='ocrx_word' id='word_1_749' title='bbox 504 4268 607 4338; x_wconf 84' lang='grc' dir='ltr'><strong>ἀγνοιάν</strong></span> <span class='ocrx_word' id='word_1_750' title='bbox 630 4286 653 4319; x_wconf 93' lang='grc' dir='ltr'><strong>τι</strong></span> <span class='ocrx_word' id='word_1_751' title='bbox 668 4266 745 4319; x_wconf 87' lang='grc' dir='ltr'><strong>καλδν</strong></span> <span class='ocrx_word' id='word_1_752' title='bbox 771 4265 819 4319; x_wconf 88' lang='grc' dir='ltr'><strong>ἀπδ</strong></span> <span class='ocrx_word' id='word_1_753' title='bbox 841 4266 917 4336; x_wconf 83' lang='grc' dir='ltr'><strong>τύχης</strong></span> <span class='ocrx_word' id='word_1_754' title='bbox 935 4265 1038 4336; x_wconf 78' lang='grc' dir='ltr'><strong>γράψαι·</strong></span> <span class='ocrx_word' id='word_1_755' title='bbox 1084 4265 1238 4338; x_wconf 89' lang='grc' dir='ltr'><strong>ἀγορανόμος</strong></span> <span class='ocrx_word' id='word_1_756' title='bbox 1252 4265 1380 4335; x_wconf 85' lang='grc' dir='ltr'><strong>θέπθπτης</strong></span> <span class='ocrx_word' id='word_1_757' title='bbox 1391 4273 1439 4320; x_wconf 81' lang='grc' dir='ltr'><strong>τῶν</strong></span> <span class='ocrx_word' id='word_1_758' title='bbox 1453 4267 1536 4320; x_wconf 84' lang='grc' dir='ltr'><strong>ιθνίων</strong></span> <span class='ocrx_word' id='word_1_759' title='bbox 1550 4271 1594 4333; x_wconf 81' lang='grc' dir='ltr'><strong>τῆς</strong></span> <span class='ocrx_word' id='word_1_760' title='bbox 1612 4247 1820 4333; x_wconf 62' lang='grc' dir='ltr'><strong>ἆγορᾶςιέίθίίθθί</strong></span> <span class='ocrx_word' id='word_1_761' title='bbox 1896 4267 1897 4330; x_wconf 72' lang='grc' dir='ltr'><strong>ί</strong></span> 
     </span>
     <span class='ocr_line' id='line_1_51' title="bbox 262 4317 1820 4419; baseline -0.001 -18"><span class='ocrx_word' id='word_1_762' title='bbox 262 4347 343 4413; x_wconf 74' lang='grc' dir='ltr'><strong>ἐπειδὴ</strong></span> <span class='ocrx_word' id='word_1_763' title='bbox 356 4347 383 4401; x_wconf 90' lang='grc' dir='ltr'><strong>δέ</strong></span> <span class='ocrx_word' id='word_1_764' title='bbox 405 4347 432 4400; x_wconf 87' lang='grc' dir='ltr'><strong>ἐκ</strong></span> <span class='ocrx_word' id='word_1_765' title='bbox 455 4347 571 4419; x_wconf 81' lang='grc' dir='ltr'><strong>μελέτης,</strong></span> <span class='ocrx_word' id='word_1_766' title='bbox 586 4345 654 4400; x_wconf 81' lang='grc' dir='ltr'><strong>ούδίν</strong></span> <span class='ocrx_word' id='word_1_767' title='bbox 670 4345 723 4416; x_wconf 77' lang='grc' dir='ltr'><strong>ἔχει</strong></span> <span class='ocrx_word' id='word_1_768' title='bbox 742 4345 831 4406; x_wconf 81' lang='grc' dir='ltr'><strong>καλῶς.</strong></span> <span class='ocrx_word' id='word_1_769' title='bbox 869 4345 904 4398; x_wconf 85' lang='grc' dir='ltr'><strong>Τδ</strong></span> <span class='ocrx_word' id='word_1_770' title='bbox 923 4343 971 4416; x_wconf 81' lang='grc' dir='ltr'><strong>γάρ</strong></span> <span class='ocrx_word' id='word_1_771' title='bbox 985 4343 1040 4396; x_wconf 77' lang='grc' dir='ltr'><strong>οῦδὲ</strong></span> <span class='ocrx_word' id='word_1_772' title='bbox 1084 4346 1137 4400; x_wconf 82' lang='grc' dir='ltr'><strong>δὲθ</strong></span> <span class='ocrx_word' id='word_1_773' title='bbox 1156 4346 1194 4400; x_wconf 83' lang='grc' dir='ltr'><strong>ἐπὶ</strong></span> <span class='ocrx_word' id='word_1_774' title='bbox 1208 4349 1252 4400; x_wconf 88' lang='grc' dir='ltr'><strong>τοῦ</strong></span> <span class='ocrx_word' id='word_1_775' title='bbox 1269 4345 1334 4400; x_wconf 79' lang='grc' dir='ltr'><strong>εἶναι</strong></span> <span class='ocrx_word' id='word_1_776' title='bbox 1347 4347 1457 4417; x_wconf 83' lang='grc' dir='ltr'><strong>καθαρὰν</strong></span> <span class='ocrx_word' id='word_1_777' title='bbox 1478 4343 1522 4411; x_wconf 78' lang='grc' dir='ltr'><strong>τήν</strong></span> <span class='ocrx_word' id='word_1_778' title='bbox 1545 4345 1617 4399; x_wconf 84' lang='grc' dir='ltr'><strong>πόλιν</strong></span> <span class='ocrx_word' id='word_1_779' title='bbox 1635 4317 1820 4408; x_wconf 58' lang='grc' dir='ltr'><strong>ύῠχῠθθίίίίίί·ί</strong></span> 
     </span>
     <span class='ocr_line' id='line_1_52' title="bbox 262 4423 1756 4504; baseline -0.001 -25"><span class='ocrx_word' id='word_1_780' title='bbox 262 4427 328 4479; x_wconf 79' lang='grc' dir='ltr'><strong>ἄκων</strong></span> <span class='ocrx_word' id='word_1_781' title='bbox 345 4427 464 4498; x_wconf 84' lang='grc' dir='ltr'><strong>ἀναίρεσις</strong></span> <span class='ocrx_word' id='word_1_782' title='bbox 484 4426 526 4496; x_wconf 80' lang='grc' dir='ltr'><strong>μέν</strong></span> <span class='ocrx_word' id='word_1_783' title='bbox 542 4428 702 4496; x_wconf 72' lang='grc' dir='ltr'><strong>συγγνώμης.</strong></span> <span class='ocrx_word' id='word_1_784' title='bbox 724 4425 792 4487; x_wconf 86' lang='grc' dir='ltr'><strong>λύσις</strong></span> <span class='ocrx_word' id='word_1_785' title='bbox 805 4425 831 4478; x_wconf 86' lang='grc' dir='ltr'><strong>δὶ</strong></span> <span class='ocrx_word' id='word_1_786' title='bbox 843 4424 923 4494; x_wconf 82' lang='grc' dir='ltr'><strong>λάθρα</strong></span> <span class='ocrx_word' id='word_1_787' title='bbox 941 4429 985 4478; x_wconf 90' lang='grc' dir='ltr'><strong>τοῦ</strong></span> <span class='ocrx_word' id='word_1_788' title='bbox 1003 4425 1039 4476; x_wconf 90' lang='grc' dir='ltr'><strong>δι-</strong></span> <span class='ocrx_word' id='word_1_789' title='bbox 1084 4425 1139 4494; x_wconf 88' lang='grc' dir='ltr'><strong>παρ’</strong></span> <span class='ocrx_word' id='word_1_790' title='bbox 1149 4423 1209 4495; x_wconf 75' lang='grc' dir='ltr'><strong>ἡμῖν</strong></span> <span class='ocrx_word' id='word_1_791' title='bbox 1221 4425 1310 4495; x_wconf 89' lang='grc' dir='ltr'><strong>πατήρ.</strong></span> <span class='ocrx_word' id='word_1_792' title='bbox 1322 4427 1403 4479; x_wconf 88' lang='lat' dir='ltr'><strong>TCV.</strong></span> <span class='ocrx_word' id='word_1_793' title='bbox 1750 4483 1756 4504; x_wconf 47' lang='grc' dir='ltr'>Ι</span> 
     </span>
     <span class='ocr_line' id='line_1_53' title="bbox 263 4487 1818 4578; baseline -0.008 -19"><span class='ocrx_word' id='word_1_794' title='bbox 263 4508 333 4559; x_wconf 87' lang='grc' dir='ltr'><strong>καίου</strong></span> <span class='ocrx_word' id='word_1_795' title='bbox 351 4501 380 4560; x_wconf 83' lang='grc' dir='ltr'><strong>ού</strong></span> <span class='ocrx_word' id='word_1_796' title='bbox 405 4506 458 4577; x_wconf 81' lang='grc' dir='ltr'><strong>ἔχει</strong></span> <span class='ocrx_word' id='word_1_797' title='bbox 471 4507 611 4576; x_wconf 81' lang='grc' dir='ltr'><strong>προσφέρειν</strong></span> <span class='ocrx_word' id='word_1_798' title='bbox 635 4505 796 4576; x_wconf 77' lang='grc' dir='ltr'><strong>Τιμοκράτης.</strong></span> <span class='ocrx_word' id='word_1_799' title='bbox 835 4502 870 4556; x_wconf 86' lang='grc' dir='ltr'><strong>Ού</strong></span> <span class='ocrx_word' id='word_1_800' title='bbox 892 4509 997 4574; x_wconf 79' lang='grc' dir='ltr'><strong>φανερῶς</strong></span> <span class='ocrx_word' id='word_1_801' title='bbox 1014 4503 1040 4556; x_wconf 79' lang='grc' dir='ltr'><strong>δὲ</strong></span> <span class='ocrx_word' id='word_1_802' title='bbox 1123 4502 1299 4575; x_wconf 75' lang='grc' dir='ltr'><strong>’λγορανόμοςή</strong></span> <span class='ocrx_word' id='word_1_803' title='bbox 1315 4500 1344 4556; x_wconf 90' lang='lat'><strong>&#39;0</strong></span> <span class='ocrx_word' id='word_1_804' title='bbox 1353 4507 1397 4570; x_wconf 85' lang='grc' dir='ltr'><strong>τῆς</strong></span> <span class='ocrx_word' id='word_1_805' title='bbox 1410 4487 1818 4578; x_wconf 50' lang='grc' dir='ltr'><strong>ἀγορᾶςτιῖννώνίιονέπιμελωνέὶξίν</strong></span> 
     </span>
     <span class='ocr_line' id='line_1_54' title="bbox 263 4551 1819 4655; baseline -0.001 -20"><span class='ocrx_word' id='word_1_806' title='bbox 263 4585 322 4638; x_wconf 84' lang='grc' dir='ltr'><strong>αύτδ</strong></span> <span class='ocrx_word' id='word_1_807' title='bbox 336 4586 446 4652; x_wconf 84' lang='grc' dir='ltr'><strong>τίθησιν,</strong></span> <span class='ocrx_word' id='word_1_808' title='bbox 462 4581 542 4649; x_wconf 70' lang='grc' dir='ltr'><strong>ἐπειδὴ</strong></span> <span class='ocrx_word' id='word_1_809' title='bbox 559 4582 725 4655; x_wconf 67' lang='grc' dir='ltr'><strong>ίσρνεταῦτῃ.</strong></span> <span class='ocrx_word' id='word_1_810' title='bbox 738 4584 819 4636; x_wconf 88' lang='lat' dir='ltr'>TCV.</span> <span class='ocrx_word' id='word_1_811' title='bbox 839 4579 869 4635; x_wconf 85' lang='lat'><strong>&#39;0</strong></span> <span class='ocrx_word' id='word_1_812' title='bbox 884 4582 950 4636; x_wconf 86' lang='grc' dir='ltr'><strong>ἀκων</strong></span> <span class='ocrx_word' id='word_1_813' title='bbox 963 4581 1040 4634; x_wconf 85' lang='grc' dir='ltr'><strong>καλόν</strong></span> <span class='ocrx_word' id='word_1_814' title='bbox 1085 4583 1112 4634; x_wconf 84' lang='grc' dir='ltr'><strong>δν</strong></span> <span class='ocrx_word' id='word_1_815' title='bbox 1129 4600 1191 4643; x_wconf 90' lang='grc' dir='ltr'><strong>τινες</strong></span> <span class='ocrx_word' id='word_1_816' title='bbox 1211 4581 1314 4634; x_wconf 88' lang='grc' dir='ltr'><strong>καλοῦσι</strong></span> <span class='ocrx_word' id='word_1_817' title='bbox 1334 4577 1489 4650; x_wconf 77' lang='grc' dir='ltr'><strong>λογιστήνδ,</strong></span> <span class='ocrx_word' id='word_1_818' title='bbox 1514 4579 1609 4650; x_wconf 82' lang='grc' dir='ltr'><strong>ἔφορον.</strong></span> <span class='ocrx_word' id='word_1_819' title='bbox 1647 4551 1819 4633; x_wconf 52' lang='lat' dir='ltr'><strong>mmm</strong></span> 
     </span>
     <span class='ocr_line' id='line_1_55' title="bbox 263 4631 1818 4738; baseline -0.008 -20"><span class='ocrx_word' id='word_1_820' title='bbox 263 4683 286 4718; x_wconf 88' lang='grc' dir='ltr'><strong>τι</strong></span> <span class='ocrx_word' id='word_1_821' title='bbox 297 4666 399 4731; x_wconf 85' lang='grc' dir='ltr'><strong>ποιήσας</strong></span> <span class='ocrx_word' id='word_1_822' title='bbox 413 4665 456 4717; x_wconf 84' lang='grc' dir='ltr'><strong>οθκ</strong></span> <span class='ocrx_word' id='word_1_823' title='bbox 471 4663 620 4718; x_wconf 77' lang='grc' dir='ltr'><strong>ἐπαινεῖται·</strong></span> <span class='ocrx_word' id='word_1_824' title='bbox 635 4661 690 4716; x_wconf 85' lang='grc' dir='ltr'><strong>ούδέ</strong></span> <span class='ocrx_word' id='word_1_825' title='bbox 702 4661 750 4733; x_wconf 77' lang='grc' dir='ltr'><strong>γὰρ</strong></span> <span class='ocrx_word' id='word_1_826' title='bbox 764 4663 894 4738; x_wconf 83' lang='grc' dir='ltr'><strong>σπουδαῖος</strong></span> <span class='ocrx_word' id='word_1_827' title='bbox 912 4659 952 4712; x_wconf 83' lang='grc' dir='ltr'><strong>διά</strong></span> <span class='ocrx_word' id='word_1_828' title='bbox 968 4665 1041 4713; x_wconf 82' lang='grc' dir='ltr'><strong>τοῦτο</strong></span> <span class='ocrx_word' id='word_1_829' title='bbox 1085 4667 1133 4715; x_wconf 84' lang='grc' dir='ltr'><strong>τῶν</strong></span> <span class='ocrx_word' id='word_1_830' title='bbox 1152 4662 1278 4732; x_wconf 88' lang='grc' dir='ltr'><strong>δημοσίων</strong></span> <span class='ocrx_word' id='word_1_831' title='bbox 1294 4660 1484 4732; x_wconf 78' lang='grc' dir='ltr'><strong>ἐπιμελούμενος</strong></span> <span class='ocrx_word' id='word_1_832' title='bbox 1495 4659 1536 4713; x_wconf 88' lang='grc' dir='ltr'><strong>καὶ</strong></span> <span class='ocrx_word' id='word_1_833' title='bbox 1555 4661 1596 4711; x_wconf 85' lang='grc' dir='ltr'><strong>τοῦ</strong></span> <span class='ocrx_word' id='word_1_834' title='bbox 1609 4649 1708 4722; x_wconf 57' lang='lat' dir='ltr'><strong>:anuph</strong></span> <span class='ocrx_word' id='word_1_835' title='bbox 1720 4641 1772 4698; x_wconf 60' lang='lat' dir='ltr'><strong>EM</strong></span> <span class='ocrx_word' id='word_1_836' title='bbox 1787 4631 1818 4696; x_wconf 62' lang='grc' dir='ltr'><strong>’θ’</strong></span> 
     </span>
     <span class='ocr_line' id='line_1_56' title="bbox 263 4726 1804 4812; baseline -0.007 -19"><span class='ocrx_word' id='word_1_837' title='bbox 263 4739 374 4811; x_wconf 86' lang='grc' dir='ltr'><strong>λέγεται·</strong></span> <span class='ocrx_word' id='word_1_838' title='bbox 389 4741 465 4812; x_wconf 84' lang='grc' dir='ltr'><strong>χωρὶς</strong></span> <span class='ocrx_word' id='word_1_839' title='bbox 475 4741 523 4812; x_wconf 86' lang='grc' dir='ltr'><strong>γάρ</strong></span> <span class='ocrx_word' id='word_1_840' title='bbox 536 4741 694 4812; x_wconf 84' lang='grc' dir='ltr'><strong>προαιρέσεως</strong></span> <span class='ocrx_word' id='word_1_841' title='bbox 704 4737 748 4792; x_wconf 83' lang='grc' dir='ltr'><strong>οὖν.</strong></span> <span class='ocrx_word' id='word_1_842' title='bbox 758 4737 824 4793; x_wconf 81' lang='grc' dir='ltr'><strong>ἐστιν</strong></span> <span class='ocrx_word' id='word_1_843' title='bbox 837 4737 853 4804; x_wconf 82' lang='grc' dir='ltr'><strong>ή</strong></span> <span class='ocrx_word' id='word_1_844' title='bbox 867 4737 953 4808; x_wconf 78' lang='grc' dir='ltr'><strong>ἀρετή</strong></span> <span class='ocrx_word' id='word_1_845' title='bbox 965 4737 1041 4799; x_wconf 77' lang='grc' dir='ltr'><strong>οὐδεὶς</strong></span> <span class='ocrx_word' id='word_1_846' title='bbox 1085 4741 1173 4805; x_wconf 83' lang='grc' dir='ltr'><strong>πόλιν,</strong></span> <span class='ocrx_word' id='word_1_847' title='bbox 1187 4742 1216 4792; x_wconf 84' lang='grc' dir='ltr'><strong>δν</strong></span> <span class='ocrx_word' id='word_1_848' title='bbox 1231 4740 1334 4792; x_wconf 83' lang='grc' dir='ltr'><strong>καλοῦσί</strong></span> <span class='ocrx_word' id='word_1_849' title='bbox 1347 4759 1409 4802; x_wconf 89' lang='grc' dir='ltr'><strong>τινες</strong></span> <span class='ocrx_word' id='word_1_850' title='bbox 1423 4741 1513 4809; x_wconf 86' lang='grc' dir='ltr'><strong>πατέρα</strong></span> <span class='ocrx_word' id='word_1_851' title='bbox 1524 4741 1567 4804; x_wconf 85' lang='grc' dir='ltr'><strong>τῆς</strong></span> <span class='ocrx_word' id='word_1_852' title='bbox 1581 4733 1678 4792; x_wconf 86' lang='grc' dir='ltr'><strong>πόλεως.</strong></span> <span class='ocrx_word' id='word_1_853' title='bbox 1689 4726 1737 4782; x_wconf 74' lang='lat' dir='ltr'><strong>AB.</strong></span> <span class='ocrx_word' id='word_1_854' title='bbox 1799 4787 1804 4802; x_wconf 38' lang='grc' dir='ltr'><strong>γ</strong></span> 
     </span>
     <span class='ocr_line' id='line_1_57' title="bbox 263 4803 1818 4892; baseline -0.002 -22"><span class='ocrx_word' id='word_1_855' title='bbox 263 4819 289 4872; x_wconf 87' lang='grc' dir='ltr'><strong>δὶ</strong></span> <span class='ocrx_word' id='word_1_856' title='bbox 301 4821 366 4874; x_wconf 84' lang='grc' dir='ltr'><strong>ἀκων</strong></span> <span class='ocrx_word' id='word_1_857' title='bbox 381 4823 491 4891; x_wconf 82' lang='grc' dir='ltr'><strong>πράττων</strong></span> <span class='ocrx_word' id='word_1_858' title='bbox 506 4819 533 4874; x_wconf 84' lang='grc' dir='ltr'><strong>ἐκ</strong></span> <span class='ocrx_word' id='word_1_859' title='bbox 549 4821 708 4892; x_wconf 84' lang='grc' dir='ltr'><strong>προαιρέσεως</strong></span> <span class='ocrx_word' id='word_1_860' title='bbox 719 4819 827 4890; x_wconf 84' lang='grc' dir='ltr'><strong>πράττει.</strong></span> <span class='ocrx_word' id='word_1_861' title='bbox 865 4817 950 4889; x_wconf 85' lang='grc' dir='ltr'><strong>Ὅμως</strong></span> <span class='ocrx_word' id='word_1_862' title='bbox 963 4816 984 4870; x_wconf 87' lang='grc' dir='ltr'><strong>εί</strong></span> <span class='ocrx_word' id='word_1_863' title='bbox 999 4817 1040 4869; x_wconf 80' lang='grc' dir='ltr'><strong>Τι·</strong></span> <span class='ocrx_word' id='word_1_864' title='bbox 1120 4817 1155 4870; x_wconf 69' lang='lat' dir='ltr'><strong>*fl</strong></span> <span class='ocrx_word' id='word_1_865' title='bbox 1170 4815 1284 4884; x_wconf 82' lang='grc' dir='ltr'><strong>δικαστὴς</strong></span> <span class='ocrx_word' id='word_1_866' title='bbox 1305 4817 1367 4872; x_wconf 79' lang='grc' dir='ltr'><strong>κατὰ</strong></span> <span class='ocrx_word' id='word_1_867' title='bbox 1379 4819 1471 4887; x_wconf 85' lang='grc' dir='ltr'><strong>δήμους</strong></span> <span class='ocrx_word' id='word_1_868' title='bbox 1483 4813 1627 4889; x_wconf 80' lang='grc' dir='ltr'><strong>γενόμενος]</strong></span> <span class='ocrx_word' id='word_1_869' title='bbox 1649 4803 1774 4875; x_wconf 63' lang='grc' dir='ltr'><strong>Ἐτίτῖθίῐθ</strong></span> <span class='ocrx_word' id='word_1_870' title='bbox 1784 4805 1818 4884; x_wconf 63' lang='lat'><strong>{²9</strong></span> 
     </span>
     <span class='ocr_line' id='line_1_58' title="bbox 265 4863 1817 4972; baseline -0.008 -18"><span class='ocrx_word' id='word_1_871' title='bbox 265 4901 401 4971; x_wconf 81' lang='grc' dir='ltr'><strong>μοκράτης,</strong></span> <span class='ocrx_word' id='word_1_872' title='bbox 420 4899 434 4953; x_wconf 84' lang='grc' dir='ltr'><strong>θ</strong></span> <span class='ocrx_word' id='word_1_873' title='bbox 455 4901 498 4954; x_wconf 87' lang='grc' dir='ltr'><strong>τδν</strong></span> <span class='ocrx_word' id='word_1_874' title='bbox 512 4903 588 4972; x_wconf 89' lang='grc' dir='ltr'><strong>νόμον</strong></span> <span class='ocrx_word' id='word_1_875' title='bbox 603 4899 629 4953; x_wconf 73' lang='grc' dir='ltr'><strong>ἐκ</strong></span> <span class='ocrx_word' id='word_1_876' title='bbox 643 4901 802 4970; x_wconf 87' lang='grc' dir='ltr'><strong>προαιρέσεως</strong></span> <span class='ocrx_word' id='word_1_877' title='bbox 816 4897 980 4964; x_wconf 88' lang='grc' dir='ltr'><strong>ἀνεπιτήδειον</strong></span> <span class='ocrx_word' id='word_1_878' title='bbox 1000 4897 1042 4949; x_wconf 86' lang='grc' dir='ltr'><strong>καὶ</strong></span> <span class='ocrx_word' id='word_1_879' title='bbox 1085 4895 1147 4949; x_wconf 75' lang='grc' dir='ltr'><strong>κατὰ</strong></span> <span class='ocrx_word' id='word_1_880' title='bbox 1160 4896 1268 4967; x_wconf 89' lang='grc' dir='ltr'><strong>δήμους,</strong></span> <span class='ocrx_word' id='word_1_881' title='bbox 1281 4891 1334 4948; x_wconf 84' lang='grc' dir='ltr'><strong>οίον</strong></span> <span class='ocrx_word' id='word_1_882' title='bbox 1354 4895 1379 4948; x_wconf 83' lang='grc' dir='ltr'><strong>ἐν</strong></span> <span class='ocrx_word' id='word_1_883' title='bbox 1396 4897 1448 4958; x_wconf 87' lang='grc' dir='ltr'><strong>τοῖς</strong></span> <span class='ocrx_word' id='word_1_884' title='bbox 1460 4895 1600 4948; x_wconf 86' lang='grc' dir='ltr'><strong>Παιανιεῦσι</strong></span> <span class='ocrx_word' id='word_1_885' title='bbox 1618 4883 1693 4942; x_wconf 72' lang='grc' dir='ltr'><strong>καλίν</strong></span> <span class='ocrx_word' id='word_1_886' title='bbox 1708 4863 1817 4968; x_wconf 56' lang='grc' dir='ltr'><strong>έέθθθξί</strong></span> 
     </span>
     <span class='ocr_line' id='line_1_59' title="bbox 263 4955 1817 5050; baseline -0.006 -18"><span class='ocrx_word' id='word_1_887' title='bbox 263 4979 405 5050; x_wconf 72' lang='grc' dir='ltr'><strong>παράνομον</strong></span> <span class='ocrx_word' id='word_1_888' title='bbox 420 4979 548 5043; x_wconf 85' lang='grc' dir='ltr'><strong>τεθεικὼς,</strong></span> <span class='ocrx_word' id='word_1_889' title='bbox 564 4976 589 5032; x_wconf 89' lang='grc' dir='ltr'><strong>εί</strong></span> <span class='ocrx_word' id='word_1_890' title='bbox 598 4997 621 5032; x_wconf 88' lang='grc' dir='ltr'><strong>τι</strong></span> <span class='ocrx_word' id='word_1_891' title='bbox 633 4975 659 5030; x_wconf 85' lang='grc' dir='ltr'><strong>ἐν</strong></span> <span class='ocrx_word' id='word_1_892' title='bbox 673 4976 739 5048; x_wconf 78' lang='grc' dir='ltr'><strong>αὐτῷ</strong></span> <span class='ocrx_word' id='word_1_893' title='bbox 749 4976 815 5029; x_wconf 89' lang='grc' dir='ltr'><strong>ἀκων</strong></span> <span class='ocrx_word' id='word_1_894' title='bbox 833 4975 909 5047; x_wconf 76' lang='grc' dir='ltr'><strong>ὀρθῶς</strong></span> <span class='ocrx_word' id='word_1_895' title='bbox 921 4976 1039 5048; x_wconf 77' lang='grc' dir='ltr'><strong>ἔγραψεν,</strong></span> <span class='ocrx_word' id='word_1_896' title='bbox 1087 4995 1155 5047; x_wconf 89' lang='grc' dir='ltr'><strong>μοις,</strong></span> <span class='ocrx_word' id='word_1_897' title='bbox 1177 4975 1295 5030; x_wconf 87' lang='grc' dir='ltr'><strong>δικασταί.</strong></span> <span class='ocrx_word' id='word_1_898' title='bbox 1334 4975 1447 5045; x_wconf 79' lang='grc' dir='ltr'><strong>’ίλφειλες</strong></span> <span class='ocrx_word' id='word_1_899' title='bbox 1469 4969 1512 5026; x_wconf 80' lang='grc' dir='ltr'><strong>οῦν</strong></span> <span class='ocrx_word' id='word_1_900' title='bbox 1536 4967 1693 5043; x_wconf 65' lang='grc' dir='ltr'><strong>πρδτοίτθῡν</strong></span> <span class='ocrx_word' id='word_1_901' title='bbox 1712 4955 1767 5023; x_wconf 63' lang='grc' dir='ltr'><strong>ίίθίί</strong></span> <span class='ocrx_word' id='word_1_902' title='bbox 1781 4963 1817 5018; x_wconf 56' lang='grc' dir='ltr'><strong>Ψ</strong></span> 
     </span>
     <span class='ocr_line' id='line_1_60' title="bbox 243 5030 1814 5130; baseline -0.013 -16"><span class='ocrx_word' id='word_1_903' title='bbox 243 5075 246 5082; x_wconf 85' lang='grc'><strong>’</strong></span> <span class='ocrx_word' id='word_1_904' title='bbox 264 5058 286 5114; x_wconf 85' lang='grc' dir='ltr'><strong>εί</strong></span> <span class='ocrx_word' id='word_1_905' title='bbox 298 5056 332 5130; x_wconf 83' lang='grc' dir='ltr'><strong>μή</strong></span> <span class='ocrx_word' id='word_1_906' title='bbox 346 5057 461 5124; x_wconf 81' lang='grc' dir='ltr'><strong>ἐπαίνου,</strong></span> <span class='ocrx_word' id='word_1_907' title='bbox 476 5055 541 5109; x_wconf 90' lang='grc' dir='ltr'><strong>ἀλλά</strong></span> <span class='ocrx_word' id='word_1_908' title='bbox 553 5077 581 5127; x_wconf 90' lang='grc' dir='ltr'><strong>γε</strong></span> <span class='ocrx_word' id='word_1_909' title='bbox 594 5059 741 5128; x_wconf 81' lang='grc' dir='ltr'><strong>συγγνώμης</strong></span> <span class='ocrx_word' id='word_1_910' title='bbox 760 5054 824 5117; x_wconf 78' lang='grc' dir='ltr'><strong>ἀξιος</strong></span> <span class='ocrx_word' id='word_1_911' title='bbox 835 5057 958 5126; x_wconf 83' lang='grc' dir='ltr'><strong>κρινέσθω.</strong></span> <span class='ocrx_word' id='word_1_912' title='bbox 974 5058 1005 5112; x_wconf 87' lang='grc' dir='ltr'><strong>Ρ.</strong></span> <span class='ocrx_word' id='word_1_913' title='bbox 1085 5058 1136 5109; x_wconf 88' lang='grc' dir='ltr'><strong>δεῖν</strong></span> <span class='ocrx_word' id='word_1_914' title='bbox 1152 5053 1215 5107; x_wconf 79' lang='grc' dir='ltr'><strong>εἶναι</strong></span> <span class='ocrx_word' id='word_1_915' title='bbox 1228 5053 1409 5124; x_wconf 84' lang='grc' dir='ltr'><strong>φιλάνθρωπος,</strong></span> <span class='ocrx_word' id='word_1_916' title='bbox 1420 5053 1462 5105; x_wconf 88' lang='grc' dir='ltr'><strong>καὶ</strong></span> <span class='ocrx_word' id='word_1_917' title='bbox 1473 5051 1512 5106; x_wconf 86' lang='grc' dir='ltr'><strong>ίπὶ</strong></span> <span class='ocrx_word' id='word_1_918' title='bbox 1522 5051 1612 5104; x_wconf 85' lang='grc' dir='ltr'><strong>τούτων</strong></span> <span class='ocrx_word' id='word_1_919' title='bbox 1623 5045 1695 5098; x_wconf 83' lang='grc' dir='ltr'><strong>θεῖναι</strong></span> <span class='ocrx_word' id='word_1_920' title='bbox 1706 5035 1742 5090; x_wconf 61' lang='lat' dir='ltr'><strong>{bv</strong></span> <span class='ocrx_word' id='word_1_921' title='bbox 1752 5030 1814 5098; x_wconf 50' lang='lat'><strong>*⁶1¹⁰*</strong></span> 
     </span>
     <span class='ocr_line' id='line_1_61' title="bbox 299 5101 1816 5210; baseline -0.009 -18"><span class='ocrx_word' id='word_1_922' title='bbox 299 5139 360 5210; x_wconf 78' lang='grc'><strong>734,</strong></span> <span class='ocrx_word' id='word_1_923' title='bbox 376 5141 420 5192; x_wconf 80' lang='grc' dir='ltr'><strong>αθ.</strong></span> <span class='ocrx_word' id='word_1_924' title='bbox 447 5135 569 5208; x_wconf 80' lang='grc' dir='ltr'><strong>θαυμάζω</strong></span> <span class='ocrx_word' id='word_1_925' title='bbox 583 5136 623 5208; x_wconf 82' lang='grc' dir='ltr'><strong>δέ]</strong></span> <span class='ocrx_word' id='word_1_926' title='bbox 643 5135 798 5202; x_wconf 82' lang='grc' dir='ltr'><strong>Ἐντεῦθενή</strong></span> <span class='ocrx_word' id='word_1_927' title='bbox 819 5134 867 5190; x_wconf 85' lang='grc' dir='ltr'><strong>ἀπδ</strong></span> <span class='ocrx_word' id='word_1_928' title='bbox 887 5140 930 5190; x_wconf 86' lang='grc' dir='ltr'><strong>τοῦ</strong></span> <span class='ocrx_word' id='word_1_929' title='bbox 948 5135 1042 5188; x_wconf 88' lang='grc' dir='ltr'><strong>δικαίου</strong></span> <span class='ocrx_word' id='word_1_930' title='bbox 1085 5136 1167 5187; x_wconf 87' lang='grc' dir='ltr'><strong>Ταῦτα</strong></span> <span class='ocrx_word' id='word_1_931' title='bbox 1178 5133 1204 5187; x_wconf 83' lang='grc' dir='ltr'><strong>δέ</strong></span> <span class='ocrx_word' id='word_1_932' title='bbox 1217 5135 1296 5188; x_wconf 84' lang='grc' dir='ltr'><strong>πάντα</strong></span> <span class='ocrx_word' id='word_1_933' title='bbox 1316 5133 1384 5204; x_wconf 81' lang='grc' dir='ltr'><strong>λέγει</strong></span> <span class='ocrx_word' id='word_1_934' title='bbox 1405 5131 1509 5202; x_wconf 72' lang='grc' dir='ltr'><strong>ἀναιρῶν</strong></span> <span class='ocrx_word' id='word_1_935' title='bbox 1524 5129 1553 5184; x_wconf 84' lang='grc' dir='ltr'><strong>τδ</strong></span> <span class='ocrx_word' id='word_1_936' title='bbox 1578 5123 1670 5198; x_wconf 73' lang='grc' dir='ltr'><strong>ίοχυρθν</strong></span> <span class='ocrx_word' id='word_1_937' title='bbox 1686 5101 1816 5170; x_wconf 54' lang='grc' dir='ltr'><strong>ῐθθέίίπίω</strong></span> 
     </span>
    </p>
   </div>
   <div class='ocr_carea' id='block_1_9' title="bbox 0 0 1972 6341">
    <p class='ocr_par' dir='ltr' id='par_1_11' title="bbox 0 0 1972 6341">
     <span class='ocr_line' id='line_1_62' title="bbox 0 0 1972 6341; baseline 0 0"><span class='ocrx_word' id='word_1_938' title='bbox 0 0 1972 6341; x_wconf 95' lang='lat' dir='ltr'><strong> </strong></span> 
     </span>
    </p>
   </div>
  </div>
 </body>
</html>
