4032 6094
682 392 732 473 νι,
759 391 859 452 τιτι
880 388 1072 450 οιιιιιιιοι
1093 389 1126 448 ιι.

147 531 207 598 [63,
221 546 262 583 12.
281 526 413 598 Ὄρνυτόν]
427 528 513 592 τόπος,
527 524 552 579 έν
566 521 704 596 ᾧάπέόαλι
722 522 778 584 τοῦς
792 516 859 582 ὦπας
873 519 887 572 δ

110 609 146 660 Ὦ
161 629 198 670 ος.
213 609 244 661 Β.

148 629 192 750 Aa,
209 609 427 755 16.]Καρδιανοίις]
442 682 532 752 Καρδία
546 680 617 741 πόλις
636 679 765 746 Μιλησίων
784 678 883 737 άποικος

114 765 140 818 έν
155 763 312 834 Χερρονήσῳ,
334 762 386 827 ἥτις
400 759 508 829 τοόνσμα
520 758 592 828 ἔσχεν
610 757 729 812 ἐντεῦθεν.
749 754 884 826 Ἑρμοκρά-

108 861 164 904 τους
180 839 368 912 (Ἐρμοχάρους
378 857 419 910 ap.
433 838 524 908 steph.
539 837 599 907 Byz.
613 855 639 894 v.
654 836 762 906 Καρδία)
776 838 819 886 τοῦ
837 833 885 884 Μι-

113 919 200 986 λησίου
221 917 355 980 οίκίζοντος
368 914 442 981 αύτήν
458 916 500 967 καί
518 913 616 975 θύοντος
637 913 709 984 κόραξ
722 913 829 982 άρπάσας
842 915 885 964 τοῦ

111 997 198 1066 ίεριίου
209 993 254 1062 τὴν
268 995 367 1066 καρδίαν
384 993 474 1062 άφῆκεν
492 991 525 1054 είς
541 989 585 1056 τὴν
599 995 656 1061 γῆν.
694 991 741 1042 Καί
761 989 800 1041 διὰ
813 993 886 1041 τοῦτο

112 1074 226 1139 κέκληται
246 1073 345 1143 Καρδία.
383 1065 457 1123 Οὗτοι
469 1069 495 1122 δέ
510 1069 533 1121 οί
551 1069 681 1139 Καρδιανοί
700 1068 742 1120 ούκ
756 1067 887 1121 έόούλοντο

113 1151 238 1204 συντελεῖν
254 1151 314 1221 μετὰ
333 1155 381 1202 τῶν
403 1147 487 1200 έλλων
509 1147 689 1218 Χερρονησιτῶν
704 1148 745 1198 καί
759 1145 886 1199 ὑπακούειν

116 1225 261 1294 Ἆθηναίοις,
282 1227 347 1279 ἀλλὰ
367 1226 457 1297 έφησαν
473 1225 519 1286 ἔξω
533 1232 582 1278 τῶν
595 1227 659 1296 ὅρων
679 1223 804 1278 εἶναιτῶν
820 1223 887 1290 Ἀθη-

114 1305 189 1366 ναίοις
200 1306 382 1375 προσηκόντων.
424 1302 457 1356 Ἥ
473 1302 521 1373 γάρ
537 1303 685 1374 Χερρόνησος
700 1301 828 1369 ’Λθηναίων
845 1297 886 1366 ήν,

113 1386 263 1455 κτησαμένου
274 1382 347 1448 αύτήν
360 1382 494 1436 Μιλτιάδου
507 1386 550 1435 τοῦ
562 1382 684 1453 Κυψέλου.
697 1384 756 1436 ΛΗ.

101 1515 107 1523 ,
150 1463 194 1526 63,
214 1479 255 1531 ι7.
269 1461 317 1513 Τον
332 1461 413 1531 Κᾶρα]
424 1459 466 1512 τὀν
476 1461 519 1524 τῆς
533 1459 620 1529 Καρίας
629 1458 696 1528 λέγει
708 1459 831 1528 σατράπην
844 1457 886 1510 τδν

115 1539 263 1592 Μαύσωλον.
282 1540 356 1591 HRS.

150 1620 194 1680 63,
210 1623 251 1674 18.
268 1619 341 1685 Κίον]
355 1615 434 1682 Κίοςίγ
452 1619 535 1681 νῆσος·
549 1615 563 1667 ό
576 1615 600 1668 έν
612 1614 673 1686 αύτῇ
687 1612 759 1667 οίιιῶν
770 1615 838 1674 Χῖος.
857 1616 886 1666 P.

151 1697 195 1760 63,
214 1713 255 1766 19.
274 1695 434 1761 Βυζαντίους]
446 1694 579 1754 Βυζάντιόν
592 1692 655 1746 ἔστιν
669 1691 685 1758 ίη
701 1697 742 1744 νῦν
760 1693 888 1744 Κωνσταν-

114 1773 257 1835 τινούπολις.
287 1771 396 1838 ’Ἐκλήθη
414 1771 440 1824 δέ
460 1770 507 1824 άπδ
524 1772 645 1833 Βύζαντος
661 1789 725 1832 τινος
750 1771 886 1840 Μεγαρέων

115 1851 270 1922 ἡγησαμένου
284 1849 400 1912 άποικίας.
418 1850 554 1919 Μεγαρέων
575 1848 622 1919 γὰρ
636 1850 733 1902 άποιιιοι
751 1849 887 1909 Βυζάντιοι.

156 2007 202 2072 63,
216 2009 259 2068 δέ.
271 2004 334 2074 Πρδς
347 2005 467 2076 ἅπαντας]
480 2004 533 2056 Τῶν
552 2004 683 2075 μεγίστων,
698 2002 772 2072 φησί,
790 2023 891 2073 παρακε-

115 2085 254 2154 χωρηκότας
263 2084 295 2135 δι’
309 2083 433 2146 έπιεικείας
444 2083 496 2137 νυνί
507 2083 561 2154 περί
573 2082 671 2153 φαύλων
686 2083 727 2134 καί
740 2085 807 2144 σκιᾶς
820 2082 890 2136 πολε-

116 2161 244 2230 pacm„
257 2161 308 2217 FP·

319 2412 367 2463 Vl.
387 2409 471 2464 ΚΛΤΛ
487 2408 644 2462 ΦίΛίΠΠΟΥ
660 2411 690 2463 Β.

153 2546 198 2612 65,
209 2564 233 2600 1.
243 2545 333 2618 Ὅταν]
348 2545 533 2618 Ἐπιτιμητιιίαν
539 2545 567 2598 τδ
574 2547 701 2616 προοίμιον
712 2548 754 2612 τῆς
765 2550 813 2598 τῶν
826 2545 892 2612 'Aon-

114 2627 191 2681 ναίων
202 2625 330 2696 ῥᾳθυμίας·
344 2625 396 2695 ἔχει
406 2626 431 2679 δέ
440 2626 481 2678 καί
487 2626 622 2696 προσοχήν.
634 2627 708 2677 BFR.
719 2624 753 2675 Τδ
765 2625 891 2694 προοίμιον

117 2705 280 2758 άκατάσκευον
294 2705 334 2756 διδ
353 2705 382 2758 τδ
396 2705 572 2777 ὁμολογεῖσθαι
594 2706 632 2756 ότι
646 2704 743 2774 λέγεται
762 2703 823 2756 κατά
838 2702 890 2754 άδι-

116 2787 224 2843 κοῦντος.
262 2781 300 2834 Tb
315 2781 341 2834 δέ
354 2783 512 2853 συμπέρασμα
526 2783 571 2843 ἕως
583 2785 625 2834 τοῦ
641 2803 651 2830 ι
672 2781 844 2852 χαλεπώτερον
857 2779 892 2833 εί·

117 2881 166 2916 ναι.
186 2861 245 2914 »TA
260 2860 286 2914 δέ
303 2885 313 2906 ι
327 2857 405 2913 αίτιον
420 2861 547 2915 δέτούτων
563 2882 573 2910 ι
590 2860 655 2914 αίτία
666 2865 708 2914 τοῦ
719 2861 891 2932 συμπεράσμα-

118 2957 159 2999 τος
170 2939 211 2990 νιαί
223 2938 353 2998 έπίκτασις.
369 2939 450 2992 AHR.

109 3083 111 3086 Ι
155 3015 198 3078 65,
212 3033 238 3068 2.
255 3015 373 3086 Πράττει]
386 3016 530 3069 πλεονεκτεῖ
536 3016 577 3068 καί
591 3015 678 3072 ἀδικεῖ.
690 3019 742 3070 ΒΡ.

154 3095 246 3164 Λόγους
257 3095 299 3146 καί
317 3095 422 3155 δικαίους
439 3095 480 3147 καί
493 3094 691 3165 φιλανθρώπους]
705 3095 808 3154 δικαίους
829 3095 886 3164 μέν·

117 3173 180 3226 κατὰ
197 3172 244 3244 γάρ
257 3173 382 3226 Φιλίππου
393 3173 477 3244 λέγετε
490 3171 642 3235 άδυιοῦντος·
656 3173 837 3244 φιλανθρώπους
851 3173 889 3246 δέ·

117 3253 156 3304 ότι
170 3251 261 3304 έλεεῖτε
274 3252 302 3304 τδ
315 3253 383 3322 γένος
395 3251 423 3304 τδ
437 3250 597 3318 Ἑλληνικόν.
610 3253 690 3304 AHR.

153 3333 197 3392 66,
211 3335 237 3384 6.
248 3329 330 3383 Λίτιον
341 3330 383 3402 δέ]
399 3331 548 3396 Κατασιευή.
564 3331 616 3382 ΒΡ.
631 3329 770 3396 Κατασκευή
783 3333 825 3398 τῆς
838 3349 894 3400 προ-

116 3408 217 3470 τάσεως.
253 3409 354 3461 Τούτων
368 3409 394 3462 δέ
413 3409 482 3479 λέγει
500 3407 528 3460 εδ
542 3407 620 3460 αίτιον
634 3407 663 3460 τί)
683 3409 806 3478 δυστυχῶς
827 3408 893 3480 ἔχειν

117 3487 150 3542 τά
162 3489 306 3558 πράγματα·
322 3489 380 3560 πρδς
393 3487 440 3559 γάρ
456 3487 484 3540 τδ
497 3489 548 3540 άνω
559 3487 619 3542 έστι.
631 3487 706 3540 Hks.

154 3571 198 3630 66,
216 3583 258 3620 ια.
269 3565 363 3620 Ἔπειθ’
377 3565 446 3637 ύμεῖς
455 3565 478 3618 οί
488 3565 631 3636 καθήμενοι]
644 3565 677 3618 Et
687 3564 734 3637 γὰρ
744 3565 895 3620 άποδεικνύν-

118 3661 168 3696 των
182 3643 252 3714 ἡμῶν
272 3643 316 3710 τήν
336 3644 429 3698 έδικίαν
448 3645 572 3698 Φιλίππου
586 3645 653 3699 ούδέν
667 3649 810 3718 πράττεται,
834 3645 894 3698 άπο-

118 3726 207 3793 ροῦμεν
221 3722 307 3776 λοιπδν
319 3723 344 3775 τί
352 3723 571 3794 συμόουλιύαομεν.
586 3725 667 3778 ΛΚΒ.

159 3805 202 3863 66,
221 3805 262 3854 ι6.
281 3801 411 3871 Συμόαίνει
423 3801 470 3870 δή]
483 3801 517 3854 Τδ
531 3804 698 3873 συμπέρασμα.
714 3803 763 3856 ΒΡ.

156 3882 199 3941 66,
215 3895 256 3946 ¹7·
274 3877 358 3950 Βίκδς]
372 3877 443 3940 Βίκός
459 3877 511 3932 έστι
525 3879 553 3932 τδ
565 3881 666 3941 πίστεως
678 3880 806 3950 έχόμενον,
818 3877 895 3945 έοικδς

118 3953 146 4006 δέ
157 3953 186 4006 τδ
200 3953 305 4026 έμφερές.
318 3959 369 4012 ΒΡ.

156 4037 200 4097 66,
217 4051 259 4104 ¹9·
274 4034 305 4085 Εί
316 4034 359 4106 μὲν
380 4029 469 4104 dxv-1
491 4034 557 4096 Τινές
569 4033 682 4105 ἐνόμισαν
699 4039 770 4087 τοῦτο
785 4033 894 4102 δεύτερον

118 4111 256 4181 προοίμιον.
294 4111 344 4165 θύκ
358 4112 409 4166 έστι
422 4115 461 4166 δέ·
478 4119 521 4180 τῆς
533 4113 580 4182 γάρ
600 4113 673 4178 αύτῆς
685 4111 776 4173 έννοίας
790 4111 840 4165 έστί
851 4115 893 4164 τοῦ

121 4191 218 4258 πρώτου
229 4193 370 4263 προοιμίου,
386 4191 452 4244 άλλέι
466 4192 563 4263 μᾶλλον
577 4192 736 4262 συμπέρασμα
748 4194 790 4256 τῆς
806 4191 894 4260 προτά·

121 4269 278 4327 σιωςΜΒΒ.

156 4348 206 4408 66,
223 4349 264 4400 28.
279 4347 429 4418 Πρῶτον-]
448 4345 574 4400 Ἐντεῦθεν
586 4346 614 4398 τδ
632 4345 762 4416 κεφάλαιον
786 4343 833 4398 άπδ
854 4349 896 4398 τοῦ

120 4423 289 4491 συμφέροντος.
327 4425 374 4477 Καί
397 4429 440 4479 τοῦ
458 4427 550 4478 δικαίου
573 4425 614 4478 καί
633 4429 677 4478 τοῦ
697 4427 799 4478 δυνατοῦ
827 4443 897 4496 μεμι-

119 4503 294 4650 γνόῇῃέίέ
305 4581 347 4636 έάν
361 4583 403 4654 μέν
415 4581 465 4656 έγὼ
478 4585 552 4655 δοκῶ]
565 4581 608 4636 Ἐν
618 4583 705 4652 αίρέσει
717 4581 798 4643 αύτοίς
813 4582 896 4634 δίδωσι

120 4657 164 4709 τὸν
188 4658 306 4729 πόλεμον,
331 4660 441 4732 ίκφυγίυν
464 4661 493 4714 τδ
508 4661 674 4731 ἀποφήνασθαι
695 4660 735 4711 διά
754 4659 783 4711 τδ
803 4659 895 4725 ἄδηλον

120 4733 211 4786 αύτοῦ·
221 4737 263 4788 ίνα
276 4739 320 4790 κέν
333 4739 422 4812 πταίσῃ
434 4738 448 4790 ό
463 4739 540 4810 δῆμος
553 4739 625 4792 αύτδν
636 4739 798 4810 ψηφισάμενος
815 4735 847 4808 μή
862 4735 897 4788 αἶ-

120 4814 243 4879 τιάσηται.
258 4819 313 4869 ΛΒ.

157 4896 201 4957 68,
216 4911 232 4945 2
263 4895 322 4946 Καθ’
334 4895 419 4965 ύμῶν]
432 4897 571 4967 Σημείωσαι
583 4893 626 4960 τὴν
640 4893 757 4954 σύνταξιν.
774 4893 896 4955 Πολλάκις

119 5127 144 5179 οί
157 5129 285 5197 στέφανοι,
301 5153 311 5180 ν
325 5130 380 5186 άντί
394 5136 437 5186 τοῦ
449 5129 506 5202 ύπέρ
521 5137 569 5186 τῶν
583 5129 779 5202 ἀγωνιζομένων.
794 5131 824 5183 Β.

211 5235 338 5273 omum.
350 5237 375 5274 ιι.

1639 403 1693 454 661

967 522 1010 583 68,
1028 521 1069 573 ιθ.
1088 518 1235 591 Τλίχονται]
1251 519 1314 590 άγαν
1334 519 1487 592 ἐπιθυμοῦσι,
1508 521 1548 573 διδ
1564 521 1592 574 τίν
1606 530 1710 592 κοσμεῖι

930 598 986 650 σθαι
998 599 1054 660 τσίις
1065 598 1155 669 λόγους
1166 597 1244 652 αύτῶν
1256 599 1283 652 έκ
1296 603 1339 666 τῆς
1349 599 1491 662 ύποθέσεως.
1505 605 1538 655 Λ.

966 681 1011 739 68,
1030 695 1071 747 ¹9·
1087 679 1130 730 Λιδ
1146 677 1217 747 κάγὼ
1229 679 1388 750 παραλείψω]
1405 682 1436 750 τῇ
1451 679 1493 749 μέν
1509 679 1612 751 ἀληθείᾳ
1624 679 1664 734 διδι
1679 682 1707 734 τ“σ

932 753 965 826 μή
978 754 1072 817 οίκείως
1082 753 1148 825 έχειν
1163 759 1194 827 τῇ
1206 756 1332 828 συμόουλῇ
1343 761 1391 810 τῶν
1406 758 1534 827 προγόνων
1545 760 1708 828 παρεκτείνειν

932 832 962 887 τά
979 833 1098 904 έγιιώμια,
1113 833 1180 903 λέγει
1189 833 1231 900 δέ,
1247 835 1285 888 ότι
1298 834 1368 905 κάγὼ
1381 829 1414 897 είς
1426 834 1476 907 είμι
1493 841 1541 889 τιῖιν
1555 835 1707 904 ἡττηθέντων

931 913 983 974 τοίς
992 914 1126 984 πράγμασι.
1144 915 1176 967 Λ.

968 996 1012 1056 68,
1026 1009 1069 1046 22.
1085 991 1146 1052 Τοίις
1159 990 1201 1060 μέν
1216 989 1449 1059 συστρατεύσαντας]
1461 990 1516 1051 τοδς
1526 990 1654 1057 θηόαίονς.
1671 993 1705 1044 A.

965 1071 1026 1131 Τοίνς
1036 1070 1058 1120 δ’
1073 1069 1116 1121 ούκ
1128 1069 1328 1138 ἐναντιωθέντας]
1341 1067 1396 1128 τοδς
1410 1067 1534 1136 Ἀργείους.
1549 1073 1581 1122 A.

967 1149 1016 1217 69],
1031 1153 1056 1210 [γ.
1074 1147 1148 1199 ‘Am
1170 1145 1198 1212 νὴ
1220 1146 1281 1216 Δία]
1295 1145 1420 1206 ’Λντίθεσις
1434 1146 1460 1198 έκ
1474 1151 1517 1198 τοῦ
1534 1148 1642 1199 δικαίου·
1656 1147 1708 1212 ήτις

931 1225 1049 1298 δυσχερὴς
1059 1222 1120 1279 ούσα
1134 1225 1222 1296 εύφυῶς
1233 1223 1307 1291 έλύθη
1317 1223 1381 1294 παρά
1395 1229 1438 1276 τοῦ
1453 1224 1562 1293 ῥήτορος.
1599 1225 1648 1276 Ἦν
1661 1225 1708 1294 γὰρ

933 1307 993 1373 αῦτη
1007 1308 1044 1359 δτι
1056 1307 1202 1376 δικαιότερον
1223 1304 1350 1365 αἰτοῦντας
1361 1303 1480 1371 Θηόαίονς
1492 1303 1552 1372 ήτερ
1571 1301 1708 1369 ’Λθηναίους

933 1385 1072 1455 προείλετο·
1097 1385 1185 1438 έκεῖνοι
1202 1384 1249 1455 γὰρ
1263 1389 1310 1436 τῶν
1329 1381 1429 1448 άδίκων,
1449 1379 1517 1435 ούτοι
1536 1382 1562 1435 δὲ
1581 1382 1638 1452 ύπέρ
1659 1387 1707 1435 τῶν

931 1463 1015 1515 άλλων
1032 1461 1161 1529 Ἑλλήνων
1174 1463 1348 1533 φροντίζουσιν.
1386 1461 1442 1514 Λύει
1455 1455 1498 1514 ούν
1510 1460 1537 1512 ἐκ
1549 1465 1591 1512 τοῦ
1606 1461 1707 1531 όμοίον,

933 1543 979 1608 ότι,
993 1542 1014 1595 εί
1026 1542 1066 1594 διδ
1081 1546 1152 1594 τοῦτο
1166 1541 1287 1611 προκρίνει
1300 1541 1355 1600 τοίις
1372 1538 1511 1606 θηόαίους,
1525 1545 1575 1600 πῶς
1588 1541 1640 1601 τοῖς
1657 1542 1707 1593 Λα·

933 1620 1092 1692 κεδαιμονίοις
1106 1618 1249 1689 άφίστασθαι
1268 1617 1360 1670 κελεύει
1374 1622 1417 1671 τοῦ
1434 1615 1495 1670 ἰδίου
1508 1618 1614 1688 χωρίσας
1629 1619 1708 1671 καίτοι

933 1699 1008 1760 οθτως
1021 1700 1049 1750 ἂν
1063 1697 1089 1751 έκ
1098 1701 1141 1750 τοῦ
1157 1697 1243 1768 όμοίου
1257 1695 1322 1758 έδοξε
1333 1700 1376 1748 τοῦ
1389 1697 1482 1748 δικαίου
1501 1695 1562 1750 κατά
1575 1696 1604 1748 τδ
1622 1695 1710 1762 άληθές

932 1777 1076 1848 φροντίζειν.
1089 1777 1164 1829 HRS.

968 1859 1012 1924 69,
1024 1873 1050 1922 9.
1070 1852 1099 1906 ‘0
1113 1853 1159 1924 γίιρ
1171 1852 1319 1922 Μεσσήνην]
1332 1851 1400 1904 Μετίι
1415 1851 1444 1903 τά
1457 1851 1586 1920 Λευκτρικὰ
1604 1851 1710 1916 Θηόαῖοι

933 1932 988 1993 τοδς
1008 1931 1177 1997 Μεσσηνίους,
1198 1929 1253 1990 τοῦς
1267 1935 1314 1982 τῶν
1329 1928 1526 1997 Λακεδαιμονίων
1544 1929 1705 1998 συμμάχους,

934 2009 1082 2074 ἀπέσπασαν,
1099 2011 1164 2070 ὅπως
1176 2007 1257 2078 ἔχοιεν
1272 2006 1304 2069 είς
1314 2007 1356 2059 τδν
1370 2007 1423 2058 κατ’
1438 2004 1515 2060 αύτῶν
1529 2005 1648 2078 πόλεμον.
1664 2008 1710 2060 Καί

933 2089 947 2141 ό
962 2089 1084 2150 Φίλιππος
1095 2083 1138 2140 ούν
1152 2087 1322 2156 συναιρόμενος
1331 2088 1382 2146 τοῖς
1393 2084 1507 2151 Θηόαίοις
1525 2085 1580 2146 τοῦς
1596 2087 1711 2138 Λακεδαι-

936 2167 1033 2238 μονίους
1047 2166 1140 2220 κελεύει
1154 2163 1288 2231 ἀποστῆναι
1302 2169 1350 2216 τῶν
1362 2163 1520 2229 Μεσσηνίων,
1539 2163 1624 2233 καίπερ
1640 2165 1710 2224 ὄντος

935 2245 996 2298 ίδίον
1007 2248 1059 2306 τοῖς
1072 2245 1271 2314 Λακεδαιμονίοις
1281 2248 1325 2296 τοῦ
1336 2243 1467 2312 κτήματος.
1487 2242 1521 2294 Το
1532 2242 1559 2295 δέ
1577 2264 1587 2291 ι
1602 2243 1682 2304 καλῶς
1697 2265 1708 2290 ν

935 2324 1058 2392 συντρέχει
1070 2361 1077 2386 ,
1088 2321 1133 2375 ίνα
1146 2321 1299 2392 γελοιότερον
1310 2321 1373 2392 λύση
1387 2319 1416 2372 τό
1432 2320 1519 2374 δοκοῦν
1532 2318 1631 2390 ίοχυρδν
1651 2339 1710 2390 τυγ·

934 2403 1029 2471 χάνειν.
1043 2402 1097 2453 ΛΗ.

970 2485 1013 2548 69,
1033 2497 1073 2532 ιο.
1093 2477 1258 2548 Ὀρχομενόν]
1272 2477 1302 2528 Οί
1317 2475 1473 2546 Ὀρχομένιοι
1487 2475 1560 2530 καλοί
1573 2475 1707 2544 Κορώνειαν

935 2557 1055 2618 οίκοῦντες
1068 2558 1213 2626 σωζομένων
1226 2561 1273 2607 τῶν
1288 2555 1394 2608 Φωκέων
1405 2553 1528 2624 ἐλεύθεροι
1545 2554 1599 2606 καθ’
1614 2552 1711 2614 έαυτοδς

934 2633 1005 2703 ήααν.
1024 2635 1196 2690 ’Λπολωλότων
1216 2634 1323 2686 Φωκέων
1336 2634 1426 2686 δέδωκε
1440 2636 1493 2693 τοῖς
1508 2632 1623 2700 Θηόαίοις
1635 2632 1649 2686 ό
1663 2632 1710 2684 Φί-

935 2715 1022 2838 ἒγμπος
1041 2713 1097 2837 τρψγγ
1108 2715 1243 2784 Κορώνειαν
1265 2713 1306 2766 καί
1323 2711 1365 2766 τδν
1382 2709 1549 2783 Ὀρχομενὸν,
1565 2711 1593 2764 ού
1606 2710 1668 2764 κατὰ
1681 2711 1710 2764 τ“ο

974 2805 1037 2837 αιον.
1102 2825 1107 2836 .

971 2870 1019 2932 69,
1045 2867 1086 2926 τά.
1111 2863 1165 2914 Τῶν
1190 2861 1319 2914 θετταλῶν
1349 2860 1439 2914 ίππέων
1461 2860 1502 2912 καί
1522 2864 1570 2912 τῶν
1594 2857 1708 2924 θηόαίων

935 2943 1057 3010 ὁπλιτῶν]
1080 2939 1151 3010 ’Λγαν
1168 2939 1216 3010 γάρ
1234 2939 1257 2991 οί
1272 2939 1314 3009 μέν
1332 2937 1453 2992 Θετταλοί
1471 2937 1569 2992 ίππόται
1585 2935 1645 2989 είσίν
1662 2937 1712 3008 άρι-

936 3041 1005 3084 στοι,
1017 3021 1040 3072 σί
1050 3019 1076 3073 δέ
1087 3019 1192 3086 Θηόαίοι
1206 3017 1305 3072 όπλῖται
1315 3018 1491 3087 γενναιότατοι.
1529 3015 1598 3084 Παρέι
1608 3017 1710 3086 γνώμην

935 3095 977 3152 ούν
990 3097 1050 3168 φησί
1061 3097 1101 3150 διίι
1114 3095 1158 3162 τήν
1173 3096 1282 3168 άνάγκην
1294 3097 1409 3162 πεποίηκε
1423 3099 1508 3148 ταῦτα.
1518 3097 1577 3148 ΜΒ.

971 3181 1075 3246 69,16.
1097 3175 1237 3243 Ὗπόπτως]
1260 3174 1355 3226 Ούκοῦν
1372 3171 1461 3243 έχθραν
1483 3173 1524 3224 καί
1536 3171 1637 3243 ίνποψίαν
1657 3171 1711 3242 έχει

935 3253 989 3306 κατ’
1003 3252 1080 3304 αύτῶν
1105 3254 1185 3306 AHR.

971 3335 1018 3399 69,
1037 3333 1077 3384 18.
1108 3328 1254 3400 Ἐλάτειαν]
1275 3330 1389 3398 Λέγουσιν
1409 3323 1452 3380 οδν
1473 3347 1535 3388 τινες
1552 3327 1590 3379 ότι
1610 3326 1651 3379 καί
1667 3324 1710 3392 τὴν

939 3409 1066 3462 Ἐλάτειαν
1080 3408 1297 3478 τειχιεῖΦίλιππος
1310 3407 1368 3476 πρὸς
1383 3406 1423 3458 τδν
1439 3405 1500 3458 κατὰ
1509 3405 1623 3472 θηύαίων
1635 3405 1708 3458 πόλε-

937 3507 992 3561 μον.
1006 3489 1038 3538 Β.
1059 3485 1173 3540 Ἐλάτεια
1186 3486 1274 3558 μεταξύ
1289 3485 1402 3552 θηδαίων
1420 3485 1461 3535 καί
1474 3487 1516 3549 τῆς
1527 3484 1635 3536 Φωκέων
1651 3482 1710 3549 κτή-

937 3585 998 3626 σεως
1011 3565 1098 3618 κεῖται.
1137 3563 1210 3634 Ἔχει
1225 3562 1251 3615 δέ
1269 3561 1407 3628 ἐπιτηδείως
1432 3559 1490 3629 πρδς
1502 3557 1546 3624 τὴν
1569 3559 1708 3625 έπιόσυλήν.

971 3741 1015 3794 7ο,
1029 3723 1073 3778 25.
1088 3719 1112 3774 ‘A
1127 3720 1168 3772 καί
1176 3719 1234 3790 πρδς
1245 3717 1414 3783 Μεσσηνίους]
1429 3715 1495 3768 Κατὰ
1508 3715 1634 3785 πρεσόείαν
1647 3713 1712 3776 έξελ-

938 3805 986 3856 θὼν
996 3803 1054 3873 πρδς
1070 3800 1188 3870 ’Λργείους
1201 3797 1215 3849 ό
1230 3796 1387 3867 Λημοσθένης
1406 3794 1605 3847 συνεθούλευσεν·
1620 3793 1648 3845 ού
1660 3813 1711 3846 πει-

937 3883 1031 3944 σθέντες
1040 3880 1105 3951 αύτῷ
1111 3877 1248 3944 έόλάόησαν
1260 3874 1290 3928 τά
1303 3875 1413 3946 μέγιστα.
1450 3872 1568 3925 Βούλεται
1582 3866 1625 3924 ούν
1635 3870 1711 3925 εἰπεῖν

937 3959 981 4026 τὴν
995 3958 1148 4030 δημηγορίαν
1167 3956 1256 4019 αύτοῦ,
1273 3954 1316 4005 ἵνα
1329 3952 1400 4022 πείσῃ
1414 3951 1469 4012 τούς
1482 3949 1618 4016 ’Λθηναίους
1629 3950 1660 4001 δι’
1674 3946 1710 4002 ὧν

938 4039 984 4105 ἤδη
997 4038 1027 4091 τὰ
1041 4038 1191 4108 συμφέροντα
1203 4031 1398 4095 συνεόούλευσεν,
1413 4025 1449 4091 οίς
1464 4027 1567 4098 ’Λργεῖοι
1579 4029 1712 4089 πεισθέντες

938 4117 1117 4190 προύδόθησαν.
1128 4115 1182 4166 ΛΗ.

974 4218 1017 4270 7ο,
1034 4201 1077 4251 28.
1095 4194 1292 4262 ’Λντεποιοῦντο]
1304 4189 1455 4260 ἀντείχοντο.
1473 4189 1501 4241 Ρ.

974 4297 1017 4348 7ο,
1033 4295 1077 4348 29.
1092 4275 1224 4329 Ποτίδαιαν
1238 4273 1259 4323 δ’
1275 4270 1368 4338 ἐδίδου]
1380 4269 1510 4320 Ποτίδαιαν
1523 4263 1712 4334 έκπολιορκήσας

938 4357 977 4411 ύπ’
993 4355 1122 4422 ’Λθηναίων
1134 4353 1311 4424 φρουρουμένην
1324 4349 1378 4410 τούς
1389 4346 1519 4412 ’Λθηναίων
1531 4341 1645 4415 φρουρούς
1656 4341 1712 4396 έπέ-

939 4435 1032 4488 στειλεν
1052 4433 1084 4494 είς
1094 4432 1194 4495 αύτούς,
1208 4433 1286 4500 νέμων
1301 4429 1370 4499 μέρος
1382 4445 1404 4477 τι
1413 4426 1512 4495 χάριτος
1521 4423 1562 4475 καί
1578 4420 1710 4486 ’Λθηναίων

939 4515 1020 4584 δήμῳ.
1033 4511 1083 4576 Τὴν
1098 4511 1123 4563 δὲ
1135 4509 1206 4562 πόλιν
1224 4504 1484 4575 ἐξανδραποδισάμενος
1498 4499 1539 4551 καί
1550 4499 1610 4568 ἅψας
1627 4495 1713 4549 Ὀλυν-

939 4593 998 4653 θίοις
1008 4590 1172 4660 άστυγείτοσιν
1187 4581 1240 4639 ούσι
1256 4584 1368 4654 νέμεσθαι
1382 4581 1423 4642 τὰς
1431 4580 1525 4645 κτήσεις
1537 4577 1622 4630 ἔδωκε.
1636 4576 1710 4628 Lm.

974 4687 1018 4740 71,
1046 4685 1089 4720 ιι.
1106 4667 1208 4718 Νίκαιαν
1224 4663 1264 4716 καί
1277 4661 1424 4731 Μαγνησίαν
1448 4655 1545 4726 έδίδου]
1563 4653 1644 4704 Ταῦτα
1666 4651 1708 4721 μέν

939 4743 968 4813 ήν
983 4747 1070 4810 αύτῶν,
1083 4743 1137 4814 εἶχε
1149 4743 1175 4795 δέ
1189 4741 1249 4794 αύτίι
1268 4739 1423 4799 άποσπάσας;
1440 4733 1495 4786 εἶτα
1507 4731 1599 4794 ἔδωκε,
1613 4728 1671 4800 πρδς
1682 4729 1711 4781 τδ

939 4826 1060 4892 ἀπατῆσαι
1073 4823 1172 4886 αύτούς,
1187 4823 1230 4872 ίνα
1246 4819 1302 4890 δόξη
1316 4817 1384 4887 φίλος
1399 4813 1471 4868 εἶναι.
1489 4813 1568 4865 ΛΚΒ.

974 4921 1017 4972 7ι,
1031 4905 1075 4956 28.
1092 4899 1167 4952 θύδὲν
1181 4898 1259 4952 δεινδν
1274 4895 1306 4967 μὴ
1320 4893 1426 4962 πάθητε]
1437 4889 1487 4942 Ούκ
1500 4887 1551 4940 ἔστι
1565 4885 1593 4938 κδ
1606 4890 1654 4938 τῶν
1669 4885 1712 4936 δύο

120 4969 176 5022 M
188 4975 230 5037 τῆς
243 4971 300 5044 {Ar-ff?
320 4973 506 5045 ἐίέέθίέὸέίέῑέῑ·
546 4975 592 5026 Καὶ
608 4971 810 5044 ίέέθθῑθλέίθέ
822 4971 847 5024 έν
862 4977 896 5044 τῷ
929 4982 1053 5054 ιἰρνήσεων
1070 4979 1173 5032 ἐνταῦθα
1188 4976 1244 5048 μίαν
1264 4971 1439 5044 συγκατάθεσιν
1454 4969 1556 5028 ποιοῦν,
1572 4963 1653 5030 ῶσπερ
1665 4955 1711 5010 άλ-

120 5051 210 5120 Ρέώτῳ
223 5056 271 5104 τῶν
280 5053 480 5120 ΜΛῑῖῑέῑῑκῶΨ
498 5076 509 5102 ‘
523 5051 585 5106 δαῖέ
595 5053 642 5122 ἵέθ
651 5057 699 5104 τῶν
709 5049 895 5121 έΥωέῑύῠμέέων
930 5062 1028 5130 λαχοῦ,
1048 5057 1114 5110 άλλέ
1129 5056 1219 5128 ἰδίωμα
1240 5051 1346 5107 ’Λττικδν
1361 5049 1389 5103 τδ
1409 5045 1473 5100 εἶναι
1487 5043 1582 5104 πολλὰς
1600 5037 1712 5113 άρνήσεις

931 5141 1020 5214 ιφιιης,
1035 5141 1117 5194 ιιιιι.

1552 5220 1581 5265 66
