4114 6088
712 456 736 516 1.
763 455 865 518 ΚΑΤΑ
888 454 1099 515 ΤΙΜΑΡΧΟΥ.
1683 475 1741 524 49⁰

163 587 326 658 Ιίαραφίροιν]
339 587 468 657 παράγων.
483 588 512 638 B.
999 585 1096 653 ’όπέστη
1111 589 1154 653 τῆς
1164 615 1199 627 -
1210 587 1365 659 φιλοτιμίας]
1379 587 1468 642 δέστιν
1483 589 1507 643 έν
1518 591 1622 664 δευτέρῳ
1635 592 1704 647 ἔθετο
1716 595 1746 648 τά

166 669 223 720 133.
244 667 389 736 Συμφοράν]
409 665 464 718 οἷον
482 664 601 736 τιμωρίαν
617 663 780 735 προξενοῦσαν
804 665 856 726 τοῖς
874 683 913 717 κε-
959 667 1002 730 τῆς
1015 663 1085 730 δόξης
1096 665 1138 716 καί
1151 663 1246 734 ἀρετῆς,
1261 667 1345 734 FMQ.

126 748 264 816 κτημένοις.
282 747 367 812 FMQ.
1000 742 1147 814 Ἐπίτιμον]
1163 743 1272 814 ἔντιμον,
1287 745 1395 808 ἔνδοξον.
1409 749 1446 800 M.
1618 777 1622 785 =

166 827 225 880 135.
250 825 294 878 Ἐκ
307 830 351 878 τοῦ
366 825 523 896 πράγματος]
540 823 567 877 ἐκ
585 825 629 876 τού
643 822 766 894 μάχισδαι
784 821 843 893 πρδς
860 821 916 884 τοδε
999 828 1058 878 τόν.
1084 822 1113 874 Ὁ
1136 821 1181 888 τὴν
1201 821 1299 889 ἡλικίαν
1315 825 1466 895 προλαόδιν]
1481 823 1536 878 ἀντὶ
1558 829 1602 879 τού
1615 826 1745 898 όπρεσόύ-

126 905 282 976 ἀντεραστάς.
298 905 382 971 FMQ.
959 921 1034 974 τερος.
1057 905 1116 957 ΒΜ.
1134 902 1179 954 Kal
1190 901 1238 973 γδρ
1253 901 1292 957 ἐπὶ
1303 905 1367 958 πολύ
1378 911 1427 958 τῶν
1442 903 1537 967 έαυτοῖς
1548 907 1671 976 νεωτέρων
1686 907 1745 979 lyz-

166 986 225 1055 137.
249 982 427 1053 Ἆδιαφύόρως]
444 981 521 1052 ἤγουν
542 980 749 1052 ἀδωροδοκήτως,
770 981 830 1052 πρδς
847 981 915 1036 ἀντι·
960 1001 997 1034 σιν
1010 983 1144 1052 άνύρωποι.
1159 983 1197 1036 M.

128 1061 264 1129 διαστολὴν
280 1065 324 1116 τοῦ
338 1061 426 1114 λαόεῖν
439 1060 558 1132 χρήματα
568 1060 600 1112 δι’
614 1060 776 1132 αἰσχρότητα.
792 1063 877 1130 FMQ.
998 1060 1057 1112 163.
1079 1059 1127 1111 Τον
1147 1062 1277 1128 τοιοῦτον]
1293 1059 1336 1114 τδν
1356 1061 1509 1132 μισόιοδέντα
1523 1061 1563 1115 έπί
1578 1068 1613 1134 τῷ
1629 1062 1742 1134 ἑταιρεῖν.

167 1143 338 1214 Ἐπσρδέντα]
352 1140 407 1193 ἀντὶ
421 1144 465 1193 τοῖν
480 1139 664 1194 άναπεισδέντα.
681 1141 760 1192 BFM.
961 1139 1044 1206 FMQ.

166 1224 225 1278 138.
247 1221 413 1292 Ξηραλοιφεῖν
437 1218 526 1288 ἔλεγον
547 1219 576 1272 τδ
594 1219 671 1290 χειρίς
690 1219 800 1290 λουτρῶν
819 1217 916 1290 άλείφε·
1000 1216 1029 1269 '0
1042 1217 1220 1289 μισθούμενος]
1233 1215 1288 1270 όντλ
1301 1220 1345 1269 τοῦ
1359 1216 1373 1269 ό
1389 1217 1581 1290 μισθωσάμενος.
1600 1221 1659 1272 FM.

129 1303 193 1355 σόαι.
234 1299 337 1362 Ἄλλως.
375 1299 410 1350 Τό
435 1297 458 1360 ἐξ
480 1297 564 1351 ἐλαίου
577 1297 684 1368 ἀλείφειν
702 1297 731 1351 τό
752 1303 837 1369 σῶμα,
856 1299 916 1369 ὅπερ
999 1293 1170 1364 Ἐπωύελίαν]
1188 1295 1265 1348 οίονελ
1282 1296 1312 1349 τό
1333 1297 1405 1348 έκτον
1426 1297 1497 1367 μέρος
1510 1302 1554 1364 τῆς
1571 1300 1745 1366 καταδίκης,δ

127 1382 228 1434 είιίιόασι
250 1381 331 1434 ποιεῖν
357 1377 381 1430 οί
406 1377 599 1448 γυμναζόμενοι.
625 1377 653 1430 B.
680 1375 747 1430 Ἀντί
773 1382 817 1430 τοῦ
840 1377 917 1450 έλαίῳ
961 1378 1041 1431 έδίδου
1054 1375 1087 1447 μὴ
1102 1375 1404 1447 άποδεήαςόκατήγορος
1414 1375 1469 1446 περὶ
1480 1379 1565 1446 χρέους
1577 1376 1746 1448 ἔνάγων,όδί

128 1460 236 1530 ἀλείφειν
249 1459 280 1512 τδ
293 1463 373 1528 σῶμα.
389 1459 427 1511 Μ.
446 1456 650 1527 Ξηροτριδεῖσύαι
663 1454 707 1526 μέν
727 1452 771 1508 σύν
785 1457 913 1527 πρότερον,
961 1457 1111 1528 παρανόμων
1125 1461 1270 1528 κατηγορῶν
1287 1453 1320 1525 μὴ
1336 1453 1478 1516 όποδιικνὶις
1491 1455 1534 1518 τάς
1553 1455 1636 1526 χιλίας
1649 1464 1745 1528 προσδι-

128 1539 270 1609 άλείφεσθαι
281 1537 308 1590 δέ
319 1537 431 1606 ύστερον,
445 1535 479 1596 όις
491 1533 604 1602 ἀσκητῶν
619 1538 693 1587 τοῦτο
704 1535 743 1589 όν.
759 1535 821 1604 MQ.
835 1537 916 1606 Ξηρο·
960 1535 1030 1606 φλεν.
1045 1537 1104 1588 FM.
1118 1533 1261 1589 Ἐπιοόελία
1272 1529 1315 1586 οὖν
1330 1534 1359 1586 τό
1369 1535 1440 1587 ἕκτον
1453 1536 1523 1606 μόρος
1536 1539 1580 1587 τοῦ
1594 1536 1742 1606 τιμήματος,

127 1619 273 1690 τριόεῖσίίαι·
289 1617 359 1670 δκαλ
368 1615 405 1668 ἔτι
419 1619 462 1668 νῖιν
476 1615 587 1688 γίνεται,
600 1616 655 1675 ταῖς
670 1615 742 1684 χερσί
752 1633 818 1677 τινας
832 1613 916 1668 ε’λαιον
961 1614 1154 1685 δπροσιίιφειλεν
1169 1614 1183 1666 ό
1196 1613 1279 1674 άλούς.
1320 1612 1499 1684 Ἐνομούέτησε
1512 1615 1538 1668 δέ
1552 1620 1625 1668 τούτο
1639 1617 1653 1669 ό
1667 1616 1746 1689 Ἀρχῖ-

128 1693 593 1768 λαμόάνονταςεύτόνωςτρίόεσδαικαλ
602 1693 797 1764 σχηματίζεσθαι
806 1694 835 1746 τδ
845 1699 916 1764 σῶμα
960 1713 1001 1756 νος
1013 1693 1134 1766 Ξγγρά]ας
1149 1699 1184 1766 τῷ
1198 1695 1268 1764 νόμῳ
1282 1693 1312 1746 τό
1327 1693 1371 1764 μέν
1385 1697 1517 1764 πρυτανεῖα
1532 1693 1596 1747 εἶναι
1610 1699 1663 1758 τοῖς
1675 1699 1743 1751 δικα-

128 1777 233 1846 γαύρως.
271 1774 344 1844 Τάχα
358 1767 402 1825 οδν
423 1771 464 1824 διά
478 1774 551 1824 τοῦτο
564 1770 609 1824 ούκ
625 1769 737 1844 ἐπέτρεψε
754 1773 807 1834 τοῖς
820 1773 917 1834 δούλοις
961 1776 1029 1836 σταῖς
1045 1771 1110 1844 παρά
1122 1777 1165 1826 τοῦ
1180 1773 1297 1836 άλόντος,
1310 1774 1325 1825 δ
1339 1773 1403 1826 ἔστιν
1418 1773 1559 1830 ἐπιδέκατον
1577 1780 1621 1829 τού
1634 1778 1743 1850 τιμήμα-

128 1855 228 1923 (φίλοις
239 1852 300 1908 cod.
315 1857 335 1919 ).
348 1853 386 1907 M.
960 1873 1014 1915 τος,
1030 1850 1075 1918 τὴν
1089 1851 1115 1906 δέ
1129 1851 1267 1906 έπωόελίαν
1283 1859 1320 1923 τῷ
1329 1855 1443 1926 δημοσίῳ
1456 1854 1520 1925 παρὰ
1532 1860 1575 1908 τοῖν
1588 1855 1622 1928 μή
1634 1857 1741 1923 ἑλόντος,

164 1931 206 2002 Τῷ
216 1929 283 2002 αύτῷ
294 1930 381 2000 νόμῳ]
397 1929 450 1982 κατ’
465 1927 615 1999 ἀμφιόολίαν
625 1927 674 1982 ἀπό
683 1932 727 1982 τοῦ
743 1927 862 1984 έναντίου.
875 1931 914 1987 M.
960 1934 1024 2000 MQ.
1040 1931 1148 1994 Ἄλλως.
1191 1929 1334 1985 Ἐπωόελία
1347 1937 1391 1984 τοῦ
1404 1933 1543 2004 τιμήματος
1556 1939 1599 2002 τῆς
1612 1937 1680 2003 δίκης
1692 1938 1744 1992 ἐστὶ

127 2009 190 2063 Οίον
206 2009 247 2061 διδ
258 2013 301 2075 τῆς
315 2008 491 2074 έναντιότητος.
506 2009 563 2062 FM.
960 2009 1022 2062 κατά
1035 2006 1150 2080 δραχμὴν
1162 2009 1252 2072 όόολδς
1265 2011 1280 2076 ἢ
1292 2010 1438 2066 ὁποσονοῦν.
1476 2011 1555 2066 Τοῦτο
1569 2012 1691 2068 έιαοόελία
1703 2017 1743 2071 λέ·

168 2091 227 2160 ¹³9·
248 2089 375 2160 Δημοσίφ]
388 2088 419 2139 Οἱ
438 2088 554 2158 δημόσιοι
576 2086 661 2140 δοῦλοι
682 2081 745 2152 ήσοιν
766 2087 856 2155 ταύτην
870 2085 915 2153 τήν
960 2107 1045 2161 γεται,
1060 2091 1091 2156 ἣν
1109 2094 1144 2160 τῷ
1157 2090 1306 2162 δικαστηρίῳ
1319 2090 1417 2143 δίδωσιν
1431 2090 1446 2142 δ
1462 2089 1555 2161 δφλιόν.
1569 2093 1607 2145 Μ.

127 2170 213 2241 πρᾶξιν
228 2168 422 2240 έγχειρούμινοι.
438 2167 496 2220 FM.
998 2171 1057 2230 164.
1078 2167 1172 2237 Σοφός]
1187 2167 1202 2220 ό
1214 2173 1351 2241 πανοῦργος
1361 2171 1403 2223 καλ
1416 2169 1498 2232 δόλιος
1509 2171 1551 2222 καί
1566 2171 1743 2244 πολυμήχανός

164 2249 331 2320 Σωφρονίζει]
344 2247 398 2309 Πῶς
419 2247 576 2316 σωφρονίζεις
599 2251 636 2318 τῷ
661 2243 695 2318 μή
716 2246 810 2298 διδόναι
830 2245 914 2300 ἀδιιαν
960 2245 1003 2300 καλ
1013 2249 1099 2306 δεινός.
1116 2250 1146 2300 Β.

128 2327 195 2400 αύτῷ
209 2327 365 2398 διαλέγεσθαι
381 2331 416 2398 τῷ
427 2325 505 2380 παιδί.
520 2325 580 2392 MQ.
995 2325 1030 2377 Ού
1043 2325 1124 2392 πολλὴ
1135 2325 1207 2397 ὀργή.
1228 2327 1259 2381 F.

168 2413 227 2471 ιίςο.
250 2405 306 2460 Εἴτε
323 2405 419 2476 έρωτα]
438 2404 487 2457 εἴτι
506 2403 566 2475 ἔρως
587 2402 636 2457 ιίτε
657 2403 744 2474 τρόπος
757 2404 812 2457 δέον
827 2403 914 2460 είιιιῖν.
995 2403 1134 2475 Στεφανοῖ]
1146 2403 1201 2458 ἀντί
1214 2409 1258 2458 τοῖν
1270 2405 1368 2479 μίλλεις
1378 2409 1563 2476 στεφανούσδαι.
1577 2411 1635 2464 FM.
1653 2407 1684 2462 Ὅ
1697 2408 1744 2481 γδρ

130 2486 195 2557 ίίρδς
206 2485 235 2538 ιδ
247 2485 387 2554 προσειπεῖν
399 2481 444 2547 τὴν
457 2479 592 2546 αίτιατικὴν
605 2481 728 2547 ἐποίησεν.
741 2483 777 2548 Q.
960 2483 993 2546 είς
1007 2483 1087 2555 ἀρχὴν
1101 2485 1277 2556 καθιστάμενος
1288 2485 1458 2558 έστεφανούτο.
1497 2487 1531 2541 Ἣ
1544 2489 1619 2546 δύων.
1632 2491 1670 2546 Μ.

170 2568 228 2627 τόν.
252 2558 352 2626 Ἐπειδὴ
366 2559 409 2628 δὲ]
426 2557 548 2612 ’Ἑωταῖιίία
562 2559 689 2629 συγκρούει
698 2557 771 2610 αύτδν
781 2559 833 2620 τοῖς
846 2559 915 2612 δικα-
996 2562 1047 2635 Χρὴ
1061 2567 1162 2634 ποιεῖν]
1175 2565 1229 2620 οἷον
1239 2569 1292 2627 τοῖς
1306 2565 1447 2636 ζλιυύέροις,
1461 2567 1492 2622 P,

129 2646 200 2705 σταῖς
223 2642 258 2697 Μ.
998 2649 1057 2699 166.
1079 2645 1255 2716 ίίαρεμόολαί]
1268 2643 1413 2716 παρεμδολι]
1429 2645 1445 2714 ί]
1458 2652 1507 2700 τῶν
1519 2645 1613 2718 όμοέων
1629 2647 1744 2716 παρένδτ·

170 2713 916 2792 Mfioptv-fwtftlufflufflffifflmn550252222'55·'AM-
959 2741 1005 2784 σις.
1044 2723 1237 2794 Μεταφορδάπδ
1251 2729 1299 2777 τῶν
1315 2729 1483 2796 στρατηγικῶν
1495 2725 1536 2778 καί
1550 2724 1699 2796 πολεμικῶν.
1714 2725 1743 2781 Β.

127 2821 205 2872 φορον
223 2798 285 2852 κατά
301 2796 407 2852 παλαιόν
422 2795 560 2862 συνήθειαν.
598 2793 741 2864 Φιλόσοφον
757 2795 783 2848 δέ
796 2813 854 2865 φησι
872 2796 914 2848 τδν
995 2801 1095 2870 ίίολύς]
1115 2800 1212 2868 πολλὴν
1235 2805 1280 2854 τοῦ
1303 2802 1428 2856 Φιλίππου
1453 2803 1539 2874 μνείαν
1563 2803 1670 2870 ποιήσει.
1709 2803 1744 2856 'ss

128 2881 244 2952 ’Όμηρον
259 2877 300 2930 διὰ
320 2875 349 2929 rb
371 2873 527 2929 παντοδαπὸν
546 2877 589 2940 ἱῆς
604 2873 722 2944 ὠφελείας
740 2877 784 2940 τῆς
796 2874 916 2940 ποιήσεως
959 2879 1039 2934 ούπιο·
1055 2881 1134 2934 πολύν
1148 2881 1203 2953 περὶ
1215 2882 1342 2935 Φιλίππου
1355 2883 1452 2948 ποιήσει
1464 2881 1553 2953 λόγονΔ
1569 2885 1599 2936 Β.

129 2961 215 3013 αὐτοῦ.
228 2961 287 3012 ΡΜ.
298 2954 411 3024 Φανερδν
423 2952 448 3006 δέ
458 2954 496 3006 δτι
505 2953 532 3006 ἐκ
542 2953 648 3006 παλαιοῦ
657 2952 787 3024 φιλόσοφοι
799 2953 915 3025 έλέγοντο
997 2963 1056 3014 168.
1080 2959 1248 3033 ’λιτικφούσεις
1259 2961 1317 3031 πρός
1331 2961 1414 3032 ἕτερον
1429 2963 1524 3033 παῖδα]
1538 2960 1592 3014 οἷον
1603 2960 1662 3033 πρός
1675 2962 1745 3016 κῶλά

129 3041 155 3094 οἱ
169 3038 277 3106 ποιηταί.
293 3036 330 3089 M.
959 3057 1013 3090 τινα
1027 3039 1068 3091 καλ
1078 3039 1185 3110 ᾄσματα.
1202 3041 1286 3108 FMQ.

170 3124 228 3188 νόῳ.
250 3116 410 3186 Εύηγενέων]
426 3112 503 3184 ήγουν
515 3117 564 3165 τῶν
577 3111 642 3166 καλά
653 3113 713 3184 γένη
727 3111 845 3182 έχόντων.
860 3117 894 3182 Q.
997 3122 1056 3187 τδρ.
1076 3117 1127 3185 Τὴν
1153 3124 1201 3173 τῶν
1221 3118 1307 3190 λόγων
1327 3117 1466 3190 εύφημίαν]
1487 3115 1568 3184 ίπειδή
1590 3118 1744 3190 ύπισχνεῖται

171 3197 320 3263 Ἐνδυιιέως]
332 3193 409 3264 ήγουν
423 3191 552 3262 ἐπιμελῶς.
566 3195 601 3259 Q.
959 3195 1020 3268 ἡμῖν
1044 3196 1126 3268 άγαθό
1146 3198 1258 3264 ποιήσειν
1277 3197 1375 3262 πολλὰ,
1395 3196 1526 3263 ὡςδῆλον
1540 3195 1567 3249 ἐκ
1585 3197 1687 3260 τούτου,
1706 3198 1744 3249 δτι

171 3279 231 3334 156.
248 3275 389 3345 ίίιριόιύδου
400 3276 409 3340 ]
422 3273 500 3342 δῆμος
513 3270 661 3341 Περιδούδης.
675 3271 710 3337 Q.
959 3275 1026 3329 ούπω
1043 3273 1073 3344 ήν
1084 3279 1237 3349 γεγενημένη
1252 3275 1346 3348 ήτρίτη
1361 3275 1475 3346 πρεσότία
1488 3274 1543 3329 ούδέ
1555 3277 1745 3347 κατασκαφέντες

170 3357 229 3426 157.
249 3354 436 3425 Τιμαρχώδεις]
448 3351 528 3402 Τοῦτο
537 3349 672 3420 Παρμένων
687 3348 701 3400 ό
716 3349 822 3420 κωμικός
837 3349 915 3402 ἔσκον·
958 3353 982 3406 οί
995 3354 1101 3417 Φωκεῖς.
1141 3355 1211 3408 Mu&
1224 3355 1272 3428 γάρ
1286 3355 1331 3421 τὴν
1341 3357 1453 3426 δευτέραν
1469 3354 1598 3426 πρεσόείαν
1612 3354 1680 3416 εύόύς
1691 3355 1731 3426 ἔγέ

127 3440 173 3510 φιν
195 3435 228 3496 τίς
241 3433 369 3504 Τίμαρχον
388 3437 475 3484 τοῦτον
494 3429 537 3482 τόν
550 3427 650 3500 ῥήτορα.
665 3427 716 3480 Ἦν
735 3428 815 3481 δὲκαὶ
836 3431 916 3501 έτερος
960 3431 1049 3499 νετοὴ
1072 3435 1208 3506 κατηγορία
1230 3433 1277 3488 ύπδ
1298 3435 1427 3506 Τιμάρχου
1449 3433 1491 3486 καί
1505 3433 1674 3504 Δημοσθένους
1689 3433 1743 3486 κατ’

128 3518 257 3588 Τίμαρχος
265 3513 350 3564 Τισίου
361 3509 404 3582 μὲν
415 3509 467 3572 υίδς
477 3513 521 3562 τοῦ
537 3505 714 3580 Ῥαμνουσίου,
731 3507 879 3579 Ἰφικράτους
889 3510 915 3564 δέ
961 3511 1080 3582 Αίσχίνου
1093 3511 1126 3575 όις
1136 3513 1402 3584 παραπρεσόεύσαντος.
1421 3515 1479 3565 FM.
1522 3509 1564 3574 Ὧς
1575 3511 1745 3582 ύπεσχημένου

129 3595 274 3666 ἀδελφιδοῖς
284 3594 328 3644 τού
345 3588 517 3660 Ῥαμνουσίου.
532 3587 567 3640 Μ.
959 3591 1026 3653 τινάς
1034 3591 1177 3662 ύιιοοχίσεις
1185 3595 1237 3654 τοῖς
1249 3591 1383 3660 ’λδηναίοις
1390 3596 1433 3646 τοῦ
1443 3591 1569 3644 Φιλίππου
1576 3593 1693 3662 χρηστάς.
1705 3593 1743 3645 Μ.

170 3674 214 3726 Ἐν
225 3672 361 3744 Κολλυτῷ]
374 3668 411 3722 ἓν]
423 3675 472 3722 τῶν
483 3668 580 3738 δήμων.
596 3669 625 3721 Τ.
997 3687 1056 3740 ¹7¹·
1078 3671 1151 3742 Μέγα
1167 3673 1305 3742 φρονοῦσα]
1331 3669 1386 3722 ἀντὶ
1405 3673 1449 3723 τού
1472 3668 1547 3722 πλέον
1569 3671 1678 3736 ζητοῦσα
1700 3673 1745 3722 τού

169 3753 227 3806 ίίατ’
241 3750 338 3822 αὐτῶν]
354 3747 409 3802 ἀντὶ
424 3751 469 3801 τοῦ
481 3747 537 3818 περί
550 3745 639 3812 αύτίδν,
654 3745 687 3809 έος
705 3747 747 3800 καί
760 3745 785 3800 ίν
799 3749 852 3808 τοῖς
867 3746 915 3798 Φι-
959 3749 1056 3811 δέοντος
1068 3751 1177 3820 φρονεῖν.
1192 3751 1250 3802 FM.

128 3832 255 3892 λιππικοῖς
268 3834 311 3901 (μ.
333 3830 377 3894 ίιδ,
394 3827 439 3896 3)·
462 3847 474 3877 ι
491 3829 550 3898 όπνρ
568 3825 620 3881 ἐστί
642 3828 757 3898 μόγισεον
779 3827 833 3880 καθ’
847 3827 915 3898 ύμῖόν
994 3829 1145 3899 διεχείριζε]
1159 3829 1252 3899 διῴκει.
1267 3829 1297 3879 F.

129 3912 255 3983 ἔγκιίνμιον
270 3931 283 3958 ι
299 3907 355 3960 ἀντὶ
365 3911 409 3960 τού
422 3905 478 3978 περὶ
489 3905 568 3976 ύμίῖιν.
583 3907 690 3974 BFMQ.
990 3908 1166 3978 Ἀρίσταρχος]
1183 3905 1243 3976 Περὶ
1255 3905 1342 3958 τούτου
1351 3903 1427 3964 πολύς
1439 3902 1514 3975 λόγος
1525 3901 1551 3956 έν
1561 3908 1596 3975 τῷ
1609 3903 1671 3956 κατὰ
1686 3903 1744 3956 Μαι·

169 3989 228 4044 158.
248 3986 298 4039 Ὧν
319 3985 425 4053 ήκιοτα]
448 3982 484 4038 ὧν
503 3984 638 4054 ἐλάχιστα,
663 3984 719 4038 ἀντὶ
740 3989 784 4037 τοῦ
803 3981 840 4038 ὧν
860 3985 916 4039 ούδί
960 3986 1013 4039 δίου
1034 3987 1114 4058 λόγῳ,
1139 3987 1166 4038 Β.
1205 3985 1299 4038 Τούτου
1321 3984 1477 4056 Δημοσθένης
1492 3978 1640 4054 έτοιῖροςήν.
1678 3983 1746 4035 Φασὶ

128 4069 195 4130 ὅλως
205 4087 247 4138 μοι
258 4067 335 4140 μίλιι.
349 4069 414 4133 MQ.
425 4062 487 4127 Τοδς
496 4064 605 4125 πολλούς
618 4063 720 4134 παρήσω
731 4070 780 4117 τῶν
795 4064 914 4136 αίσχρδιν,
959 4067 982 4118 δ’
995 4067 1029 4129 ὡς
1041 4066 1126 4119 λαόίον
1140 4066 1196 4138 παρ’
1211 4064 1284 4118 αύτοῦ
1298 4065 1429 4136 φεύγοντος
1443 4063 1482 4117 ἐπί
1494 4065 1562 4134 φόνῳ
1572 4061 1744 4132 παρακαταθή·

129 4149 227 4218 φεύγων
241 4145 285 4207 τάς
302 4143 432 4214 άπιχδείας
445 4142 535 4209 αύεῶν,
554 4143 653 4197 ἐκείνων
674 4141 700 4196 δέ
721 4141 745 4204 έξ
758 4141 838 4196 αύτῶν
852 4161 914 4214 μνη·
959 4165 1006 4214 κην
1025 4146 1079 4216 τρία
1101 4145 1224 4210 τάλαντα,
1240 4149 1317 4198 ταῦτα
1339 4143 1509 4213 ἀπεστέρησεν.
1548 4141 1596 4193 Δύο
1616 4139 1642 4192 δέ
1658 4142 1745 4210 φόνους

130 4226 267 4296 σθίῦῠμῦῑ»
280 4219 316 4276 ὦ]
330 4221 398 4277 ῦῦὅὲί
412 4242 454 4294 μοί
467 4223 544 4293 PM·
582 4221 661 4274 Τοῦτο
675 4221 702 4274 δὲ
716 4219 784 4275 Εἶπεν
805 4219 862 4284 ἴσως
875 4221 915 4274 3ῑᾶ
960 4227 1060 4298 ἔδρασεν
1073 4227 1087 4279 ό
1102 4223 1271 4296 Ἀρίσταρχος,
1287 4225 1404 4296 πρότερον
1419 4221 1462 4294 μέν
1472 4221 1625 4290 Νικόδημον,
1640 4211 1708 4280 αύίίις
1718 4217 1745 4270 δί

131 4307 187 4367 τούς
199 4304 342 4368 πλουσίους,
356 4303 441 4364 δεδιὼς
452 4301 530 4355 αύτῶν
545 4301 574 4355 τό
585 4301 698 4356 δυνατόν.
713 4303 771 4357 m.
960 4306 1085 4360 Εύόουλον
1100 4305 1204 4359 ἀνελών.
1220 4307 1257 4358 Μ.

171 4383 377 4453 Ἐδοσχέραινεν]
390 4381 477 4452 έμίσει.
495 4383 525 4435 F.
995 4384 1037 4448 Είς
1053 4381 1098 4451 τήν
1109 4383 1310 4455 φιλανθρωπίαν]
1327 4379 1360 4443 είς
1375 4380 1404 4434 τό
1422 4378 1607 4450 προσποιεῖσθαι
1621 4375 1695 4430 αύτοῖι
1708 4373 1745 4428 εί·

166 4465 208 4525 Τίς
225 4462 274 4533 γάρ
289 4461 374 4532 ύμίδν]
389 4461 480 4532 Πικρδν
494 4461 537 4514 κἀλ
550 4460 632 4532 δριμύ.
648 4461 683 4528 Q.
960 4484 1000 4518 ναι
1010 4465 1090 4536 φίλος.
1104 4465 1164 4517 FM.

166 4537 339 4611 ίίαφήδρευεν]
366 4537 479 4608 Ἕκάστῳ
499 4539 603 4610 όρχοντι
623 4539 774 4608 συναιρεῖται
800 4539 916 4609 πάρεδρος
995 4543 1159 4614 Κατάλογον]
1173 4541 1282 4612 ῥητόρων
1297 4539 1337 4593 ύπ’
1352 4537 1426 4592 αύτού
1443 4538 1626 4609 γεγενημένων.
1642 4535 1680 4589 Μ.

128 4619 190 4690 πρὸς
201 4619 231 4671 τό
246 4617 375 4689 φυλάττειν
387 4618 418 4672 τίι
429 4621 572 4690 πράγματα.
589 4619 650 4686 MQ.
999 4639 1057 4692 172·
1078 4621 1189 4691 Φεύγει]
1205 4619 1266 4672 καίίδ
1281 4617 1393 4688 έφόνευσε
1405 4615 1448 4670 τόν
1463 4615 1614 4686 Νικόδημον.
1629 4615 1688 4668 FM.

169 4699 228 4769 159.
240 4697 335 4752 (λἰκοῖιν
350 4697 403 4770 μὴ]
418 4697 460 4762 Ὦς
473 4705 520 4752 τῶν
534 4699 654 4752 δικαστῶν
664 4696 872 4770 ἀποκρινομένων,
884 4697 916 4762 είς
995 4700 1152 4770 Προλαόών]
1166 4697 1222 4752 ἀντί
1235 4701 1278 4751 τού
1290 4695 1410 4768 άρπάξας,
1423 4694 1485 4748 καδίι
1495 4695 1591 4766 φεύγων
1605 4691 1744 4762 κατέλειψεν

128 4781 186 4841 τούς
200 4781 418 4851 πεπορνιυμίνους,
432 4779 509 4840 ούτως
522 4777 670 4844 ἀπήντησεν.
688 4779 726 4831 Μ.
961 4779 1028 4850 αύτῷ
1047 4779 1103 4850 τρία
1124 4777 1248 4843 τάλαντα,
1261 4779 1325 4829 ὥστε
1344 4775 1476 4841 ἀπαιτῆσαι
1496 4771 1686 4845 χριωστούμενα
1703 4769 1745 4823 καί

166 4857 326 4930 Σιιμμορίαν]
341 4857 386 4924 τήν
402 4865 451 4912 τῶν
464 4857 633 4928 ήταιρηιιότων
647 4856 723 4917 τάξιν.
739 4857 777 4908 M.
961 4859 1052 4930 πέμψαι
1064 4857 1131 4929 αύτῷ
1144 4857 1169 4910 ἐν
1182 4860 1213 4928 τῇ
1225 4858 1300 4927 φυγῇ.
1340 4854 1386 4906 ίίαί
1397 4851 1441 4906 ούκ
1456 4851 1571 4924 έπιυψεν.
1585 4853 1672 4918 FMQ.

167 4937 362 5012 Αὖτῦμθδίσῃς]
371 4937 502 5008 ύίῑταφυρᾶ
511 4937 616 4991 ἇπδτίῦι
629 4935 654 4989 έν
663 4939 693 5009 τῇ
706 4937 835 5006 συμμαχίᾳ
847 4936 916 5002 nno·
995 4938 1153 5008 Νικόδημος]
1170 4934 1237 4988 ίίατά
1251 4937 1295 4987 τού
1307 4936 1390 4987 κοινοῦ
1401 4932 1430 4985 τό
1447 4931 1471 4994 ἐξ
1481 4927 1527 4988 ὧν.
1542 4931 1578 4984 Μ.

127 5019 200 5088 λέμῳ
209 5018 264 5080 τούς
274 5017 348 5080 ίδίους
356 5019 480 5071 λιπόντων
490 5017 531 5070 καλ
542 5017 682 5088 προδόντων
692 5015 733 5068 καί
745 5015 803 5085 πρδς
815 5013 916 5068 ἀντιπά·
997 5016 1092 5070 Ἔπειθ’
1106 5015 1176 5086 ύμεῖς
1189 5014 1338 5083 Σωκράτην]
1350 5011 1456 5072 Ψεῦδος.
1473 5012 1504 5064 F.

128 5101 187 5158 λους
200 5095 332 5152 ἐλθόντων.
345 5099 424 5151 Τοῦτο
438 5097 486 5168 γὰρ
500 5097 599 5168 λέγεται
613 5097 700 5167 κυρίως
713 5093 861 5164 αύτομολεῖν
886 5093 914 5148 B.
994 5095 1053 5162 173.
1073 5093 1188 5164 Κριτίαν]
1206 5091 1300 5162 Ιίριτίας
1312 5088 1464 5160 Σωκρατικός
1480 5085 1515 5150 εἷς
1525 5093 1573 5141 τῶν
1585 5086 1619 5140 λ’.
1633 5087 1671 5140 Μ.

169 5181 230 5229 160.
250 5175 334 5236 Ὅπως
348 5177 393 5244 ἂν]
406 5175 454 5230 είτε
464 5177 526 5230 κατὰ
541 5177 712 5248 γραμματεῖον
724 5173 854 5240 πεποίηκεν
868 5171 915 5226 εἴτε
999 5171 1124 5242 Ἕταίρους
1138 5170 1307 5241 έξαιτήσεται]
1321 5169 1377 5222 ἀντί
1390 5171 1433 5221 τοῦ
1446 5167 1530 5238 φίλους
1545 5169 1626 5220 σώσει.
1644 5167 1729 5232 ΤΜΟ.

130 5255 166 5326 μή
192 5257 255 5323 ΜΟ,
1000 5249 1155 5321 ’ίσηγορίας]
1183 5249 1316 5320 ίσολογίοις.
1344 5247 1379 5302 Μ.
1409 5247 1442 5308 ιὀς
1460 5247 1485 5300 έν
1504 5245 1656 5316 δημοκρατία
1677 5243 1743 5313 ἔχων

1579 5343 1614 5386 ³2.
