4114 6088
670 401 724 460 ΙΙΙ.
750 401 851 460 ΚΑΤΑ
876 400 1165 490 KJflzlmNToz.
1665 417 1723 466 ³13

118 536 140 590 εί
151 535 229 598 ἐξεστι
247 535 322 606 ψευδῆ
340 535 483 604 γραμμάτια
502 533 621 598 ἐνθέσθαι,
639 530 697 583 ἀλλ’
717 529 738 584 τί
756 529 857 597 ἀληθεῖς
873 530 897 582 οῖ
980 535 1025 586 68.
1044 531 1126 604 Νικᾷ]
1141 532 1196 588 ἀντί
1208 536 1251 586 τοῦ
1267 535 1353 605 γράφει
1368 535 1472 606 μηδινδς
1487 535 1553 608 αύτῷ
1572 536 1726 609 ἐναντιουμέ-

117 617 172 686 περί
184 613 278 676 αὺτοῦ,
292 617 335 666 τοῖν
345 613 532 682 Δημοσθένους,
544 611 648 664 ἔπαινοι.
662 613 694 666 F.
943 627 994 660 νου.
1010 611 1031 664 F
1034 646 1040 661 .

151 695 195 747 51.
209 693 244 744 Τί
253 691 315 762 γάρ]
328 691 434 762 τῷκατδ
443 691 586 762 παράλειψιν
602 691 712 760 σχήματι
726 689 852 760 κέχρηται.
866 691 897 746 F.
979 704 1023 755 70.
1043 687 1092 754 Τῆς
1103 689 1239 761 τριμήνου]
1253 691 1399 761 προθεσμίας
1412 691 1586 747 ὑπακουστέον.
1600 697 1630 749 Β.

153 771 336 840 Κηφισοδότου]
349 766 425 831 (λἰτος
439 769 603 840 πολιορκήσας
614 767 838 835 Ἀλωπεκόννησον,
850 767 899 821 είσ-
979 783 1023 835 72.
1043 767 1078 820 ’ί“ο
1089 767 1172 840 ῥῆμα]
1189 769 1270 840 Ῥῆμα
1284 769 1388 823 ἐνταῦθα
1400 771 1475 824 καλεῖ
1483 767 1537 824 οἷον
1550 771 1595 838 τὴν
1607 773 1676 843 ῥῆσιν
1689 775 1728 826 αύ-

117 847 301 921 αγγελθεὶςδιά
319 847 364 913 τῆν
377 849 498 916 συνθήκην
512 846 627 918 τήνπρδς
641 847 781 918 Χαρίδημον
796 849 899 918 γενομέ-
943 843 988 911 τὴν
1008 847 1049 898 καί
1063 847 1092 900 εδ
1110 848 1203 912 κῶλον,
1222 849 1304 918 δνομα
1318 848 1344 902 δέ
1359 846 1403 914 τῆν
1420 847 1498 914 λέξιν,
1521 845 1576 902 οἷον
1600 853 1628 906 εδ
1652 852 1726 924 ἀπορ-

118 948 163 994 νην
175 927 216 980 καί
230 926 430 997 καταψηφισθείς,
446 926 515 978 πέντε
534 924 663 986 ταλάντοις
681 923 817 994 ἐζημιώθη.
856 923 899 976 E!-
944 924 1024 995 ρῆίαι.
1036 926 1067 980 F.

119 1007 243 1077 σαγγελία
259 1008 285 1060 δέ
302 1005 352 1059 ἐστι
366 1007 501 1076 κατηγορία
515 1004 555 1056 διὰ
574 1005 604 1058 τά
623 1003 740 1070 ἀδίκωςῆ
760 1009 839 1067 κακῶς
856 1023 899 1058 πε-
982 1001 1125 1076 ’ίέρήσεται]
1141 1003 1267 1074 ἐρωτήσει,
1285 1003 1375 1074 ἐρωτᾶν
1388 1005 1481 1076 μέλλει,
1501 1009 1530 1063 Β,

117 1087 256 1157 πραγμένα.
269 1089 302 1142 13.
979 1089 1023 1151 μή.
1045 1083 1468 1156 Παρεγγράφας]οίονείύποθαλιύν
1494 1089 1522 1138 F.

155 1168 201 1218 ⁵2.
221 1165 368 1235 ίίεριάγων]
384 1163 460 1216 Δοκεῖ
470 1161 517 1232 γάρ
531 1166 605 1214 τοῦτο
617 1163 699 1231 ὥσπερ
712 1161 771 1231 τιμή
784 1179 819 1221 τις
836 1157 901 1213 εἶναι
978 1161 1022 1230 75.
1044 1161 1245 1234 Λύτομολοῦσιν]
1261 1161 1338 1214 οἱονεί
1356 1163 1386 1214 τά
1405 1169 1453 1215 τῶν
1470 1164 1596 1235 πολεμίων
1611 1170 1726 1236 φρονοῦσι

117 1247 162 1296 τοῖν
182 1243 329 1313 τριηράρχου
349 1241 458 1308 ἐκείνου,
480 1236 508 1292 ού
530 1243 559 1292 ἀν
578 1241 592 1293 ὁ
614 1240 748 1312 στρατηγὸς
767 1239 838 1311 ἐπιύῆ
859 1243 902 1305 τῆς
944 1241 985 1291 καὶ
1000 1241 1195 1310 μεταύάλλουσιν
1210 1238 1315 1300 έευτούς.
1332 1241 1361 1292 F.

118 1325 193 1386 νεὼς,
207 1323 288 1375 καθ’δ
302 1323 374 1374 δοκεῖ
383 1327 431 1374 τῶν
441 1320 527 1372 άλλων
540 1322 693 1391 τριηράρχων
708 1320 844 1390 προκρίνειν
857 1316 900 1384 τὴν
983 1315 1120 1390 ’ίίπέδωκη
1136 1318 1211 1384 αύτά,
1225 1337 1297 1388 φησι,
1311 1316 1342 1370 τά
1353 1319 1460 1388 δημόσια
1477 1322 1611 1392 γράμματα
1620 1319 1728 1376 ἐπέδωκε

118 1405 214 1458 ἐκείνου
228 1391 690 1474 τριήρηίυςκαλάιςκατεσκευασμένην.
727 1398 779 1452 Οθκ
792 1397 900 1468 ἐμνήσθη
944 1403 979 1469 τῷ
995 1397 1077 1468 δήμῳ.
1099 1399 1129 1450 F.

118 1483 146 1536 δέ
161 1481 269 1536 τούτονύ
282 1482 437 1552 Δημοσθένης
450 1479 584 1550 ίντῷκσιτ’
597 1477 900 1548 ’λριστοκράτους,ἐπειδῆ
981 1481 1025 1544 76.
1049 1475 1196 1544 ’Κνιαυτδν]
1225 1475 1306 1542 ἐπειδὴ
1330 1477 1354 1528 οί
1374 1477 1504 1547 βουλευταί
1527 1479 1550 1530 οί
1573 1483 1727 1534 πεντακόσιοι

119 1563 227 1633 μάλιστα
241 1560 284 1631 μέν
300 1559 328 1612 ού
343 1560 374 1611 δι’
390 1559 476 1616 ἐαυτοῦ
488 1559 556 1628 λέγει
570 1557 664 1610 ἐκεῖνον
682 1557 725 1610 τδν
742 1557 831 1628 λόγον,
843 1557 901 1609 ἀλλ’
945 1553 1060 1606 ἐνιαύσιοι
1070 1551 1141 1621 ῆσαν.
1156 1585 1191 1595 -
1204 1557 1362 1627 ψοινικίδας]
1379 1557 1455 1610 οἱονεί
1467 1557 1544 1628 πορρά
1558 1559 1662 1612 παλλία.
1678 1563 1708 1612 F.

118 1641 245 1708 Εύθυκλῆς
256 1639 320 1694 ἐστιν
339 1639 353 1692 ό
371 1639 450 1692 ἐκεῖσε
470 1639 561 1708 λέγων,
579 1638 663 1690 λαδὼν
680 1637 723 1690 τὸν
742 1637 821 1708 λόγον
837 1637 903 1708 παρά
980 1652 1024 1703 77.
1049 1632 1213 1707 Ἑύδόμηνδ
1233 1635 1341 1706 ἡμέραν]
1357 1635 1432 1699 ούτως
1451 1638 1475 1690 σί
1492 1635 1595 1691 Ἀττικοί
1612 1639 1726 1708 λέγουσι,

120 1720 304 1790 Δημοσθένους·
322 1715 377 1770 εἶτα
389 1715 444 1769 οθδέ
457 1716 592 1776 ἀναγκαῖον
607 1713 648 1782 ῆν.
667 1717 698 1771 F.
945 1713 999 1766 δέον
1010 1711 1086 1766 είπεῖν
1100 1713 1146 1784 πρὸ
1158 1712 1217 1766 έπτά
1226 1713 1335 1784 ἡμερῶν.
1350 1716 1381 1767 F.

159 1795 481 1866 Τήν-καταχειροτονίαν]
504 1794 548 1862 ἵνα
567 1794 629 1866 λέγῃ
647 1795 702 1864 περί
720 1799 763 1861 τῆς
780 1793 904 1865 προύολῆς
985 1791 1264 1864 Ἐδουθύτει]ὡςχάριν
1276 1792 1409 1863 ὁμολογῶν
1421 1793 1473 1854 τοῖς
1483 1797 1546 1856 θεοῖς
1556 1795 1614 1866 ύπὲρ
1625 1801 1667 1862 τῆς
1684 1799 1729 1850 πό-

120 1876 223 1942 ἐκείνης.
244 1877 274 1930 F.
946 1871 1021 1937 λεως,
1034 1873 1072 1925 ὅτι
1086 1871 1242 1940 ἐτελεύτησεν
1257 1872 1415 1932 όῑθίλιππος.

157 1955 202 2006 53.
222 1953 356 2022 Προδιδούς
366 1953 447 2024 ύμσῖς]
462 1953 550 2018 λείπει,
562 1953 641 2024 τούτῳ
652 1959 688 2024 τῷ
699 1954 857 2024 Δημοσθένει.
870 1955 901 2010 F.
980 1955 1026 2008 δι.
1050 1950 1125 2022 Ὗπέρ
1137 1955 1180 2018 τῆς
1195 1952 1344 2022 δωροδοκίας
1356 1951 1519 2024 ζηλοτυπίας]
1533 1953 1608 2005 οθονεί
1618 1954 1676 2024 ὑπὲρ
1688 1960 1730 2007 τοῦ

159 2028 262 2100 ’λρχαῖα
281 2029 307 2083 δέ
319 2031 360 2081 καί
374 2030 429 2083 λίαν
446 2029 655 2101 ὁμολογούμενα]
671 2031 726 2092 Πῶς
743 2031 773 2084 τά
788 2030 849 2083 αὐτά
861 2029 904 2100 άρ-
945 2029 1032 2084 λαόεῖν
1049 2029 1135 2092 αύτούς
1146 2032 1263 2102 χρήματα
1280 2031 1344 2102 παρὰ
1364 2031 1505 2096 Φιλίππου,
1520 2032 1562 2084 καί
1578 2033 1726 2102 φιλονεικεῖν

117 2112 185 2180 χαῖα
193 2110 234 2161 καί
243 2108 447 2181 όμολογούμενας
458 2109 551 2180 ὀφείλει
561 2109 608 2180 γάρ
618 2110 697 2176 λήθην
708 2112 795 2164 παθεῖν
806 2111 853 2163 ύπδ
862 2113 905 2176 τῆς
947 2108 1072 2180 ἑκατέρους
1089 2109 1144 2179 περί
1157 2115 1200 2163 τοῦ
1215 2110 1327 2172 πλείονος
1340 2110 1399 2181 πρδς
1417 2109 1550 2177 ἀλλήλους.
1567 2115 1597 2167 F.

118 2189 288 2255 παλαιότητος
301 2195 344 2242 τοῦ
358 2191 460 2260 χρόνον.
496 2187 553 2242 Ὅτι
566 2189 630 2242 ούτω
644 2190 702 2258 φησί
715 2191 812 2261 μεγάλα
827 2189 903 2253 ἐστίν,
980 2189 1027 2242 85.
1042 2189 1091 2240 Τοῦ
1115 2188 1239 2257 Καλλίου]
1257 2183 1336 2250 Ούτθς
1355 2187 1420 2241 ἐστιν
1444 2189 1609 2252 όΚαλλίαςδ
1628 2193 1730 2258 ποιήσας

119 2267 353 2337 δτιούδέόγρόνος
369 2266 413 2334 τῆν
429 2269 529 2339 μνήμην
544 2266 622 2320 αθτῶν
640 2267 749 2336 ἠδυνήθη
764 2268 902 2340 ἀφελέσθαι.
948 2265 992 2331 τήν
1016 2266 1121 2320 Εὔδοιαν
1142 2267 1254 2338 γενέσθαι
1276 2268 1350 2321 πάλιν
1367 2266 1413 2320 ύπδ
1439 2265 1592 2334 Ἀθηναίους,
1616 2269 1676 2339 μετά
1701 2274 1730 2323 τό

118 2343 193 2416 Ὅτῳ
207 2344 233 2397 δέ
247 2344 301 2398 ἀντί
315 2349 359 2398 τοῦ
367 2343 437 2418 ᾧτινι
447 2384 455 2412 ,
466 2351 502 2416 τῷ
517 2346 675 2416 Δημοσθένει.
695 2349 725 2402 F.
949 2345 1090 2412 ἐξελαθῆναι
1102 2345 1127 2408 ἐξ
1142 2345 1215 2412 αύτῆς
1226 2349 1268 2412 ῖῆῖ
1279 2345 1383 2406 Εύδοίας
1394 2345 1449 2406 τούς
1458 2346 1513 2415 περί
1527 2345 1569 2398 τδν
1584 2347 1730 2416 Φιλιστίδην

157 2425 193 2476 Ὦ
210 2425 353 2496 Κτησιφῶν]
367 2426 402 2478 To
414 2429 501 2496 σχῆμα
512 2424 662 2495 ἀποστροφή.
673 2426 705 2480 F.
949 2425 989 2477 καλ
1003 2425 1045 2478 τδν
1059 2425 1221 2496 Κλείταρχον,
1238 2425 1262 2478 ἐν
1277 2431 1314 2495 τῷ
1325 2425 1410 2495 χρόνῳ
1422 2428 1465 2476 τοῦ
1479 2425 1582 2478 δεκάτου
1591 2425 1670 2497 λόγου
1682 2434 1730 2480 τῶν

158 2505 203 2566 δή.
225 2503 285 2573 Περί
294 2503 334 2574 δέ]
346 2505 498 2575 θίετίρχεται
515 2503 554 2557 ἐπί
566 2503 594 2556 τδ
604 2505 698 2556 δίκαιον
716 2503 849 2574 κεφάλαιον
868 2501 905 2554 ἐν-
948 2504 1115 2560 Φιλιππικῶν.
1152 2504 1196 2557 Διδ
1211 2504 1252 2557 καὶ
1272 2509 1351 2564 κακῶς
1369 2501 1444 2556 αθτοῖν
1466 2505 1587 2575 μέμνηται
1603 2504 1618 2557 ό
1640 2505 1727 2576 Αἰσχί-

119 2582 217 2647 τεῖιθεν,
232 2582 362 2653 πληρώσας
373 2583 402 2635 τδ
418 2583 534 2653 νόμιμον.
572 2582 672 2652 Μερῖζει
685 2582 711 2634 δέ
725 2582 753 2634 τδ
767 2582 861 2634 δίκαιον
872 2580 905 2642 εἰς
950 2602 1000 2650 νης.
1018 2583 1048 2636 F.

117 2661 238 2731 τέσσαρας
252 2661 363 2730 καιρούς,
375 2663 408 2724 ὡς
419 2662 539 2722 πολλάκις
554 2660 675 2732 ἔγνωμεν.
691 2663 723 2717 F.
987 2660 1122 2729 Ἀθηναίους
1137 2659 1221 2729 εἶναι]
1236 2661 1282 2714 Καί
1295 2660 1342 2732 γάρ
1362 2664 1392 2734 τῆ
1404 2659 1507 2731 ἀληθείᾳ
1526 2661 1628 2723 πολίτας
1643 2661 1730 2724 αύτούς

156 2739 250 2792 Τοῦτον
262 2740 284 2791 δ’
301 2739 457 2814 ἀφορίζεται]
470 2739 537 2811 λέγει
546 2739 623 2793 οίονεί
633 2737 666 2802 είς
681 2741 724 2793 ἕνα
740 2742 831 2811 χρόνον
846 2761 903 2796 συν-
949 2740 1094 2808 ἐποιήσαντο
1107 2741 1131 2793 οί
1146 2741 1271 2808 Ἀθηναῖοι
1293 2741 1333 2794 διὰ
1354 2741 1382 2795 τδ
1396 2739 1441 2807 τήν
1456 2741 1563 2794 Εύόοιαν
1584 2742 1731 2808 ποιήσεσθαι

117 2818 202 2871 ἀπτει.
216 2819 248 2872 F.
948 2820 987 2872 δ”
1000 2820 1104 2882 ἑαυτούς.
1119 2823 1148 2875 F.

158 2895 196 2965 Τῇ
205 2895 326 2967 γενομένῃ
341 2895 441 2967 εἰρήνῃ]
460 2894 515 2948 ἀντί
529 2899 572 2948 τοῦ
587 2897 659 2967 μέχρι
673 2899 716 2962 τῆς
726 2899 859 2968 γενομένης
875 2901 906 2954 εί-
964 2855 1114 2970 ruffam]
1126 2901 1178 2961 τοῖς
1188 2897 1330 2952 Εύδοιῖισιν.
1343 2901 1373 2955 Β.

120 2974 213 3044 ρήνης,
225 2975 409 3046 συλλαμύάνων
422 2975 463 3028 καί
474 2975 549 3041 ταύτην
561 2973 606 3041 τὴν
621 2974 730 3046 είρήνην.
747 2979 778 3032 F.
983 2983 1029 3034 86.
1046 2979 1179 3050 Ταμύνας]
1192 2979 1284 3049 χωρίον
1299 2978 1410 3042 Ε’νδοίας.
1424 2981 1453 3034 F.

158 3055 202 3110 55.
226 3053 447 3127 Ἐγκαλόπτωμαι]
461 3056 490 3108 εδ
502 3056 632 3126 πρόσωπον
642 3053 758 3109 καλύπτω
771 3055 810 3110 ύπ’
820 3057 907 3129 αίσχύ-
989 3057 1221 3129 Ὗπερεύάλλομεν]
1236 3057 1290 3111 ἀντί
1304 3062 1347 3111 τοῦ
1357 3060 1545 3130 παρηρχόμεθα.
1563 3057 1594 3114 F.

120 3155 175 3200 νης.
194 3137 226 3189 B.
243 3133 298 3188 ἀντὶ
308 3139 351 3188 τού
366 3138 446 3190 σκέπω
457 3134 572 3206 ἐμαυτδν,
589 3136 622 3197 ὡς
633 3134 729 3206 ἀπορῶν
746 3135 829 3202 δῆθεν.
848 3137 905 3192 Ἐκ·
984 3141 1028 3208 87.
1042 3139 1104 3199 Τοίις
1118 3137 1247 3199 Φωκικούς
1261 3136 1339 3201 ξένους
1353 3139 1508 3205 διαάιδάσας]
1528 3138 1604 3190 οἱονεί
1617 3139 1730 3208 συνάγων

119 3213 390 3284 καλύφεινδέάντίτοῦ
404 3217 543 3286 γυμνώσειν
561 3233 590 3284 με
605 3215 763 3284 σκεπόμενον.
778 3217 812 3270 F.
949 3218 1015 3280 τινάς
1034 3217 1143 3270 Φωκέων
1164 3223 1211 3270 τῶν
1229 3215 1265 3270 ἐτι
1285 3219 1443 3288 σωζομένων,
1465 3217 1524 3287 πρδς
1542 3215 1570 3270 τδ
1584 3221 1732 3288 τυραννῆσαι

160 3293 203 3346 58.
224 3289 281 3346 Ἐπί
293 3293 436 3364 Φίλιππον]
452 3293 507 3346 ἀντί
521 3297 565 3346 τοῦ
583 3293 645 3345 κατά
662 3293 796 3349 Φιλίππου.
812 3297 843 3352 F.
949 3297 1004 3357 τούς
1020 3295 1139 3357 ΙΞθύοέας·
1165 3299 1238 3348 τοῦτο
1260 3295 1286 3349 δέ
1310 3295 1398 3358 έξωθεν
1422 3295 1497 3350 ἔλαθε
1518 3295 1577 3366 πρδς
1599 3295 1728 3361 διαόολήν.

159 3371 310 3444 Συστάντες]
336 3371 391 3426 ἀντὶ
413 3377 457 3426 τοῦ
482 3373 658 3443 φατριάσαντες
684 3371 724 3427 ἐπί
749 3375 778 3427 τά
798 3376 905 3448 δημόσια
948 3375 1092 3436 θιαδ-ιύάσας
1105 3373 1131 3427 δὲ
1145 3373 1173 3426 ού
1184 3374 1252 3445 λέγει
1264 3375 1319 3436 τοθς
1329 3375 1440 3440 Φωκέας,
1453 3373 1519 3426 ἀλλά
1529 3375 1558 3428 τδ
1568 3377 1732 3446 στρατόπεδον

115 3451 191 3522 ύμιῗνν
200 3453 346 3522 πράγματα.
360 3455 389 3508 F.
948 3457 963 3507 δ
978 3454 1127 3524 συνήγειρεν.
1145 3455 1176 3507 F.

159 3527 203 3597 59.
227 3527 284 3582 Ἐπί
297 3529 352 3592 τοθς
363 3530 513 3602 λογισμούς]
531 3531 569 3584 ἐπί
579 3531 607 3583 τδ
620 3529 751 3599 ἀπαιτῆσαι
766 3533 844 3604 λόγον
855 3542 903 3590 τῶν
984 3536 1028 3589 88.
1042 3531 1263 3602 Ἐκπεμαιάξεως]
1273 3530 1328 3584 ἀντί
1338 3534 1382 3584 τοά
1391 3535 1497 3602 φανερῶς
1509 3533 1550 3582 καί
1561 3531 1589 3584 ού
1599 3533 1688 3603 λάθρα.
1699 3535 1728 3586 F.

119 3606 298 3660 ἀναλωθέντων
317 3611 462 3680 χρημάτων.
478 3613 509 3666 F.
984 3616 1029 3682 89.
1051 3611 1184 3680 Συνάγων]
1205 3610 1247 3661 ῖνα
1269 3611 1342 3676 δῆθεν
1363 3608 1396 3670 είς
1415 3609 1442 3662 ἐν
1463 3611 1640 3680 σινῖρχηταιίγ
1665 3616 1730 3666 πᾶσα

154 3687 378 3761 Συγκεφαλαιωθῆ]
393 3689 447 3742 ἀντί
466 3694 509 3741 τοῦ
523 3689 616 3760 πλήρης
626 3688 771 3763 ἀποδειχθῇ,
783 3693 813 3748 F.
949 3690 1040 3742 [ίόάοια
1054 3688 1095 3741 καὶ
1107 3686 1212 3758 ἓπακούη
1225 3688 1277 3747 τοῖς
1294 3683 1436 3752 Ἀθηναίοις.
1450 3688 1479 3740 F.

158 3765 238 3836 Αίρῆ]
252 3765 388 3838 ἐλέγχη.Β
417 3765 479 3818 Ἀντί
490 3771 533 3819 τοῦ
548 3766 685 3838 καταλάόη.
704 3767 734 3822 F.
987 3767 1041 3838 Ἐφ’
1059 3767 1136 3837 ύμιῖς]
1149 3764 1204 3816 ἀντί
1217 3769 1260 3818 τοῦ
1275 3765 1328 3816 καθ’
1343 3764 1420 3835 ύμῶν.
1435 3817 1445 3826 ,

158 3849 203 3895 62.
227 3843 388 3916 Ἐπιλαχιίνν]
399 3845 557 3916 Ἐλάγχανον
569 3845 616 3916 γάρ
627 3847 746 3916 άρχοντες
756 3849 795 3900 καὶ
807 3849 850 3902 σδν
861 3851 903 3902 αθ·
983 3865 1027 3918 90.
1045 3847 1098 3899 Τοῖν
1114 3843 1233 3914 Εθρίπου]
1247 3843 1318 3896 θέλει
1332 3843 1357 3896 δέ
1371 3845 1452 3914 ὥσπερ
1462 3843 1502 3896 διὰ
1515 3845 1602 3896 τούτου
1613 3844 1724 3911 δηλῶσαι

117 3925 175 3984 τοῖς
195 3921 269 3976 ἀλλοι
286 3927 367 3995 ὥσπερ
387 3925 494 3996 δεύτεροι
509 3924 598 3988 αθτιῖιν,
613 3925 657 3976 ίνα
674 3919 707 3986 είς
721 3925 799 3979 αθτῶν
814 3927 836 3980 εί
846 3929 902 3983 ἀά-
948 3928 986 3978 ότι
999 3924 1138 3995 ἐμιμήσατο
1149 3920 1189 3972 διά
1204 3924 1247 3974 τοῦ
1267 3921 1357 3990 τρόπον
1374 3921 1402 3974 τδ
1420 3921 1601 3991 εύμετάόλητον
1620 3927 1663 3974 τοῦ
1684 3923 1729 3975 Εὑ-

118 4005 195 4058 θανεν
217 4003 242 4057 ἐν
263 4012 298 4077 τῷ
315 4005 404 4076 μεταξύ
426 4009 469 4072 τῆς
494 4005 605 4076 άρχῆςῆ
629 4003 795 4075 ἠρρώστησεν,
817 4009 831 4060 ὅ
851 4009 903 4063 ἀντ’
948 4006 1027 4075 ρίπου,
1042 4001 1193 4068 ὡςπλησίσν
1211 3999 1382 4054 αθτοῦοίκῶν.
1421 3999 1495 4054 Ἐστι
1509 4001 1534 4053 δὲ
1546 4001 1574 4054 τδ
1587 4001 1667 4054 κῶλον
1682 4021 1728 4071 χα-

118 4081 197 4134 αύτοῖι
218 4081 330 4153 ἐγίγνετο
347 4083 440 4154 άρχων.
484 4083 527 4135 Ἐκ
544 4086 695 4154 παρασκευῆς
713 4083 738 4136 δέ
758 4087 901 4157 πριάμενος,
947 4081 1092 4154 ριεντισμός.
1135 4077 1280 4132 Ἐπαινούσι
1294 4078 1320 4130 δέ
1334 4085 1407 4131 τοῦτο
1427 4079 1454 4131 τδ
1468 4079 1549 4132 κῶλον
1570 4079 1593 4132 οί
1607 4082 1726 4150 κριτικοὶ,

117 4157 177 4212 οῖον
200 4159 344 4231 ύποφθείρας
366 4163 477 4233 χρήμασι
503 4163 558 4223 τούς
576 4163 704 4232 προέδρους
728 4168 771 4230 τῆς
794 4166 900 4236 βουλῆς,
946 4163 1060 4234 λέγοντες
1073 4161 1202 4230 σωφρόνως
1214 4157 1273 4210 αύτδ
1288 4159 1422 4228 πεφράσθαι
1435 4158 1475 4211 καί
1488 4157 1517 4210 ού
1533 4159 1634 4228 κούφως.
1653 4161 1682 4213 F.

116 4239 185 4292 ὥστε
198 4238 270 4292 αύτδν
283 4239 415 4308 βουλευτήν
430 4245 539 4306 ποιῆσαι.
552 4241 582 4296 F.
980 4259 1026 4310 9¹·
1044 4239 1093 4291 Τδν
1107 4237 1368 4308 δολιχοδρομήσαντα]
1380 4233 1454 4298 Εῖδός
1466 4237 1516 4290 ἐστι
1533 4239 1624 4309 δρόμου
1636 4239 1650 4290 ό
1661 4240 1728 4291 δόλι·

157 4315 212 4370 Ἵνα
224 4316 257 4380 είς
274 4317 450 4392 ύποδοχὴν-]
466 4314 520 4372 οἷον
531 4319 561 4372 τά
576 4318 709 4390 ἀρέσκοντα
724 4319 799 4393 αύτῷ.
815 4325 844 4379 F.
946 4340 1001 4392 χος,
1014 4320 1047 4380 ὡς
1057 4317 1083 4372 ἐκ
1097 4323 1145 4370 τῶν
1158 4317 1309 4386 Πινδαρικῶν
1324 4315 1377 4369 ἐστι
1394 4317 1500 4388 μαθεῖν,
1517 4315 1573 4380 ίσως
1582 4319 1608 4370 ἓν
1629 4321 1727 4372 στάδιον

158 4400 202 4458 64.
226 4395 270 4450 Ἐκ
281 4399 433 4467 μιταόολῆς]
446 4397 489 4451 Ἐν
501 4400 549 4470 γάρ
561 4404 591 4470 τῆ
602 4401 695 4472 πρώτη,
706 4403 777 4470 φησί,
788 4404 902 4476 πρεαὸείφ
947 4399 1106 4467 ἐκτεταμένον
1117 4396 1229 4465 δραμεῖν.
1247 4397 1276 4449 F.

118 4475 207 4546 ἐπῄνει
220 4475 318 4546 αύτούς,
329 4477 429 4550 ὕστερον
437 4479 465 4532 δί
475 4478 500 4532 ἐν
510 4483 541 4552 τῇ
552 4480 650 4549 δευτέρα
659 4480 786 4534 διέδαλλεν
795 4483 830 4544 ὥς
842 4503 901 4554 προ·
981 4475 1056 4528 θῦὃέθ
1069 4473 1132 4545 γὰρ]
1147 4471 1180 4524 Ἦ
1190 4473 1297 4535 Φίθῑᾶίῑς
1310 4477 1353 4526 τοῦ
1364 4473 1445 4526 κώλου
1460 4472 1485 4524 ἐν
1499 4472 1626 4544 θπῑρὸαῑῷ
1637 4473 1725 4536 θῦτῑνς·

117 4554 204 4614 δότας.
218 4555 239 4608 F
242 4594 247 4604 .
946 4555 1014 4608 ούδέν
1027 4555 1074 4626 γάρ
1093 4549 1123 4620 ἦν
1138 4553 1162 4605 ἐν
1183 4554 1265 4622 μέσῳ,
1288 4551 1344 4603 ἀλλ’
1359 4554 1468 4622 ύπῆρχεν
1483 4551 1548 4624 αύτῷ
1567 4553 1582 4617 ἢ
1602 4553 1697 4624 φεύγειν
1711 4553 1728 4618 ἢ

157 4636 201 4683 66.
225 4629 401 4706 Ἆνεμέσητον]
413 4635 550 4707 ἄμεμπτον.
567 4639 598 4692 Β.
946 4637 1074 4696 τεθνάναι,
1089 4631 1110 4685 εί
1123 4632 1236 4702 μνησθεὶς
1251 4631 1265 4684 ό
1279 4633 1356 4702 δῆμος
1371 4637 1418 4684 τῶν
1438 4630 1596 4703 ἀδικημάτων
1607 4631 1681 4684 αύτοῦ
1695 4631 1727 4702 μὴ

157 4712 439 4784 Κατακοινωνήσαντες]
464 4713 540 4766 οίονεί
564 4715 758 4778 κοινωνήσαντες
782 4713 902 4782 ἀλλήλοις
945 4714 1098 4785 προσδέξαιτο
1114 4709 1158 4777 τήν
1174 4711 1327 4781 συμμαχίαν.
1345 4713 1374 4763 F.

117 4783 185 4838 κατά
199 4791 247 4837 τῶν
258 4789 408 4858 πραγμάτων
422 4796 469 4842 τῶν
480 4795 522 4857 τῆς
532 4791 636 4853 πόλεως.
650 4792 671 4846 F
981 4810 1015 4862 92
1047 4791 1155 4861 Ἔγραψε
1175 4791 1197 4840 δ’
1219 4788 1259 4856 ἐν]
1277 4788 1311 4842 'H
1330 4791 1396 4844 πάσα
1409 4789 1505 4841 διάνοια
1526 4789 1626 4855 τοιαύτη
1647 4787 1725 4841 ἐστίν·

158 4860 220 4924 Τοθς
233 4866 345 4934 καιρούς]
357 4867 433 4920 οίονεί
449 4869 491 4930 τὰς
508 4869 626 4939 εύκαιρίας
636 4869 677 4921 καί
687 4869 716 4922 τδ
731 4869 847 4923 δύνασθαι
862 4871 901 4924 διὰ
946 4872 1050 4942 ἐγραήε,
1063 4871 1137 4940 φησί,
1152 4869 1250 4939 βοηθεῖν
1263 4867 1327 4940 ἡμᾶς
1341 4869 1392 4930 τοῖς
1402 4867 1572 4922 Χαλκιδεῦσιν.
1609 4866 1676 4922 Εἶτα
1685 4869 1728 4922 ἵνα

119 4943 167 4994 τοῖν
185 4939 316 5018 ἀναμεῖναι
330 4945 385 5008 τούς
399 4945 526 5014 ’Έλληνας
543 4947 624 5002 ἐλθεῖν
642 4949 682 5000 καί
697 4954 845 5017 κοινωνῆσαι
859 4957 901 5018 τῆς
946 4947 979 5021 μὴ
993 4949 1050 5021 δόξῃ
1065 4949 1156 5002 ἀτοπον
1171 4947 1253 5018 λέγειν
1268 4948 1296 5001 τδ
1319 4949 1396 5019 μόνον
1414 4945 1479 5018 ήμάς
1500 4946 1599 5011 ἐκείνοις
1615 4949 1726 5019 βοηθεῖν,

117 5017 272 5126 ῑῖΡθίθςιγΚ·
547 5091 551 5100 .
946 5028 979 5101 μή
1002 5032 1085 5101 μέντοι
1102 5029 1143 5082 καὶ
1165 5026 1250 5090 αύτούς
1270 5027 1342 5099 ἡμῖν,
1360 5027 1494 5098 προσέθηκε
1516 5027 1589 5094 δῆθεν
1612 5025 1728 5098 εθφημίας

158 5101 202 5166 67.
243 5099 263 5172 ῌ
282 5103 399 5173 πρότερον
421 5103 498 5167 ούδεθς
513 5107 633 5178 μέμνηται
651 5108 801 5180 γενόμενον]
826 5109 901 5164 οἱονεί
945 5111 1028 5181 χάριν,
1048 5110 1112 5162 ὥστε
1135 5106 1177 5160 καί
1196 5105 1283 5170 αύτούς
1301 5108 1401 5178 βοηθεῖν
1415 5105 1476 5176 ῆμῖν
1491 5107 1671 5168 κινδυνεύουσι,
1687 5105 1729 5156 καί

118 5175 254 5242 ἐκκλησίαν
269 5177 294 5230 ἐν
314 5181 456 5252 πανηγύρει,
469 5183 501 5238 F.
946 5185 1137 5254 ἀυτιχαιῆλλαξς
1149 5185 1216 5258 μῆρα
1226 5183 1300 5260 ῐργῳ,
1313 5188 1343 5243 F,

215 5284 343 5322 omnm.
354 5287 379 5321 ιι.
1586 5283 1613 5324 ³5
