4186 6108
842 433 1097 495 FRAGMENTA.

167 569 275 627 venisse
287 567 428 626 uideatur.
470 565 541 623 Cum
551 565 604 622 hac
615 566 753 622 sententia
764 565 950 639 conjunctum

167 669 222 727 est,
235 667 268 712 ut
277 656 450 732 Iphicratem
461 672 521 709 non
535 654 629 729 ipsum
647 654 676 709 ln
685 653 796 726 judicio
808 653 947 724 admisse,

166 744 216 800 sed
231 759 374 799 causamn
391 742 549 799 Callistrato
563 740 627 798 solo
637 752 747 798 oratam
764 759 821 798 esse
839 752 948 815 putem.

167 833 312 906 Sequitur,
320 841 354 886 ut
365 831 450 886 etiam
461 829 535 885 lianc
545 829 704 884 orationem
716 828 950 886 declamationem

167 922 198 974 in
211 919 314 975 scholar
326 917 612 974 umbraelaboratam
621 916 857 974 fuisse-censeant.
871 919 952 974 Tem·

166 1024 240 1084 pora
262 1007 353 1080 Lysiae
377 1023 437 1061 non
462 1005 592 1074 obstare,
619 1006 773 1078 quominus
797 1005 951 1080 genuinam

166 1095 335 1163 habeamus,
357 1111 450 1168 nuper
467 1093 500 1150 F.
517 1095 603 1149 Vater
624 1092 820 1150 demonstrare
833 1102 951 1148 conatus

167 1193 211 1238 est
226 1194 255 1240 et
264 1182 404 1257 persuasit
417 1181 449 1238 C.
464 1179 643 1236 Rehdantzio
662 1181 682 1236 l.
698 1179 730 1240 d.
751 1200 782 1256 p.
801 1199 866 1251 ιρι.
881 1179 951 1237 Mihi

167 1272 263 1327 Vateri
276 1279 440 1345 argumenta
451 1269 621 1343 Dionysium
634 1271 770 1325 erravisse
780 1287 841 1324 non
850 1267 950 1324 viden·

167 1370 216 1414 tur
224 1357 373 1414 ostendere
385 1373 393 1415 ε
407 1355 457 1412 sed
469 1356 525 1412 hoc
536 1357 592 1412 alio
603 1357 670 1413 loco
680 1357 750 1412 milri
760 1356 953 1414 demonstran·

167 1447 238 1503 dum
251 1447 338 1506 erit.»
351 1443 501 1502 Saurrrus.

340 1555 454 1614 CXVII.
477 1553 580 1614 ΠΡΟΣ
600 1551 763 1616 Ttuuttt.

522 1659 590 1716 223.

212 1762 317 1822 Suidas
343 1783 353 1820 a
375 1759 716 1842 Ἐσχηματισμίνας’
738 1763 753 1820 θ
773 1760 951 1842 προσποιητδν

166 1849 264 1930 τρόπον
285 1849 353 1930 ίχων
378 1850 425 1910 καί
449 1851 533 1910 δοκῶν
558 1838 625 1908 εἶναι
651 1848 769 1926 κόσμιος.
810 1849 857 1917 Ὡς
879 1847 952 1929 παρὰ

168 1937 295 2019 Λυσίρίν
311 1941 350 2018 τῷ
361 1937 427 2018 πρδς
440 1937 567 2014 Τίμωνα·
580 1963 592 1992 ι
607 1937 632 1996 ol
647 1939 670 1996 δ’
686 1937 885 2006 ἀλαζονεύονται
904 1937 952 2017 μίν

167 2027 274 2106 Τίμωνι
287 2025 482 2106 παραπλησίως
495 2025 541 2084 καί
553 2025 779 2105 ίσχηματισμίνοι
800 2025 953 2106 περιέρχον-

166 2139 228 2192 ται,
246 2115 337 2195 ὥσπερ
355 2107 440 2182 οὗτος.
466 2142 478 2168 ι
498 2117 647 2172 Timonem
666 2135 725 2173 esse
749 2127 850 2172 notum
872 2119 953 2174 illum

166 2205 314 2261 hominum
327 2223 440 2261 osorem
451 2215 566 2261 censent
579 2205 715 2281 Bergkius
726 2213 755 2261 et
765 2205 911 2280 Sauppius

305 2339 435 2400 CXVIII.
458 2337 564 2398 ΠΡΟΣ
582 2335 817 2400 TiMiiNlattN.

521 2451 591 2514 aaa.

209 2541 289 2599 Idem
308 2562 315 2597 :
333 2535 496 2608 Διόθισις
510 2538 556 2598 καί
572 2537 792 2600 διατίθεσθαι.
808 2537 951 2618 Ἕιιότερον

169 2630 256 2688 αὐτῶν
272 2635 358 2688 κεῖται
381 2625 425 2685 tat
439 2630 486 2685 τοῦ
507 2626 634 2700 διαθήκας
655 2627 776 2707 γράφειν.
818 2623 914 2696 Ἰσαῖος
926 2627 952 2684 ἐν

168 2721 209 2797 τῷ
222 2715 286 2797 πρός
299 2713 537 2795 ’apruntinis--
550 2713 628 2775 itaet
638 2714 736 2785 ταύτην
750 2713 798 2785 τὴν
814 2713 954 2792 ἀπόκρισιν

169 2805 261 2884 θτίραν
283 2801 563 2879 truttenhusium,
588 2803 621 2876 ἣν
641 2801 742 2883 ἔρασαν
756 2803 910 2884 ’λρχίπολιν
926 2803 953 2862 θν

169 2895 272 2974 Λήμνῳ
283 2892 428 2952 διαθέσθαι.
445 2916 459 2943 a
475 2891 529 2952 liet
540 2892 640 2960 Λυσίας
657 2895 683 2952 ἐν
699 2896 738 2972 τῷ
756 2892 820 2973 πρδς
834 2893 952 2968 Τιμωνί·

168 2983 228 3054 δην·
246 3009 259 3034 ι
279 2983 342 3048 Πῶς
355 2979 379 3040 δ’
394 2978 427 3038 δν
446 2983 493 3050 τῆς
513 2978 654 3048 διαθέσεως
676 2985 723 3038 τοῦ
741 2979 955 3052 τετελευτηκότος

168 3069 367 3147 ἄμελήσαιμεν,
386 3067 419 3138 ἣν
442 3069 538 3134 Iasiae<
557 3065 655 3125 διίθιτο
678 3068 708 3125 οὔ
734 3070 873 3148 παρανοῶν
895 3069 953 3128 citt

168 3156 272 3236 γυναικὶ
281 3154 410 3232 πεισθείς,
424 3179 437 3207 ν
451 3157 555 3214 &dun
568 3158 708 3234 Ulpianus
718 3157 757 3214 ad
767 3159 950 3216 Demosthen.

168 3265 215 3306 or.
228 3265 245 3302 a
260 3265 289 3322 ρ.
304 3254 338 3314 ιι,
354 3243 401 3302 ed.
417 3247 512 3305 Latet.

347 3357 453 3416 CXIX.
477 3353 583 3415 ΚΑΤΑ
604 3355 771 3416 ΤΙΣΙΔΟΣ.

214 3489 226 3516 α
241 3463 364 3520 Tisidem
372 3460 459 3528 αἰκίας
471 3463 563 3520 videri
574 3474 738 3521 accusatum
751 3481 809 3522 esse
821 3465 951 3525 Reislaius

167 3552 208 3608 ad
228 3553 347 3624 Dionys.
365 3553 429 3626 6p.
454 3551 528 3620 1154
545 3561 573 3608 et
588 3553 629 3610 itt.
646 3553 735 3612 Μοῖσα
746 3553 784 3610 de
803 3554 853 3611 lite
870 3555 955 3610 attica

166 3661 196 3716 p.
209 3638 266 3710 547
277 3650 460 3698 monuerunt.
478 3661 490 3690 s
506 3641 537 3699 S.

335 3804 432 3852 cxvii.
450 3802 615 3854 ADVERSUS
631 3803 785 3854 Tillorttili.

200 3943 435 4008 Ἔσχημαπσμῖνος,
450 3942 492 4006 qui
507 3879 634 3994 εῖόίιδιιοε
643 3956 723 3993 morea
736 3943 823 4006 habet,
835 3944 860 3994 et
869 3943 952 3994 mode·

167 4017 221 4064 stus
232 4028 285 4065 essa
299 4015 410 4074 videtum
425 4019 453 4062 ut
471 4015 535 4076 apud
546 4014 642 4076 Lysiam
658 4015 683 4064 in
694 4013 802 4064 oratiom
816 4015 898 4062 contra
912 4009 954 4062 ri-

169 4097 268 4134 mouem
283 4099 290 4133 :
305 4103 318 4127 ιι
332 4085 367 4134 liii
385 4097 442 4133 rero
456 4083 565 4134 Timonis
583 4083 608 4134 ln
620 4083 721 4134 modum
740 4096 794 4134 sese
810 4082 916 4146 jactant,
929 4085 955 4134 et

170 4154 292 4205 simulatis
305 4154 414 4204 moribus
425 4153 589 4216 ciacumeunt,
602 4155 630 4205 ut
639 4155 686 4204 iiie.
706 4173 720 4198 ν

282 4281 285 4288 ·
318 4257 428 4306 cxviii.
445 4257 606 4376 Δῦθὶλὲξρίθ
621 4255 809 4306 t'ttionmutt.

202 4395 309 4453 Διάθισις
323 4395 508 4458 temnentem,
519 4400 544 4446 et
553 4395 704 4459 διατίθεσθαι,
714 4399 885 4449 testamentum
893 4397 952 4449 seri-

168 4467 236 4516 bere.
269 4471 346 4518 isaeus
360 4467 383 4516 iu
395 4467 503 4516 oratione
515 4467 632 4518 advenas
645 4470 856 4531 Aristogitonem:
872 4489 884 4515 ι
898 4471 954 4520 Post

168 4537 219 4587 hos
240 4549 382 4599 responsum
404 4537 507 4588 alterum
530 4540 703 4588 testamentum
722 4539 873 4600 attulerunt,
889 4539 953 4602 quod

167 4605 204 4655 ab
215 4607 339 4670 irenopoli
352 4608 376 4657 in
388 4610 483 4658 Lemno
495 4610 621 4660 conditum
634 4610 751 4660 dicebant.
766 4629 778 4652 ο
790 4613 820 4659 Et
832 4611 915 4673 Lysias
929 4609 954 4660 in

167 4676 281 4726 oratioue
296 4677 413 4728 adsersus
428 4679 580 4730 ‘simonidem
596 4699 604 4730 ι
617 4699 630 4724 ι
645 4681 694 4729 cur
708 4679 772 4728 euim
785 4681 954 4730 testamentum

167 4743 277 4795 defuncti
290 4747 449 4808 negligamus,
464 4747 530 4810 quod
546 4749 585 4798 iiie
601 4761 679 4811 neque
697 4760 786 4800 asana
799 4753 880 4801 mente
896 4751 954 4801 alle·

166 4827 230 4876 nus,
244 4827 322 4879 neque
332 4816 364 4866 ab
378 4829 453 4866 uxore
466 4819 594 4881 corruptus
607 4820 680 4869 lecit?
694 4837 707 4862 ο

370 4922 454 4973 cxix.
471 4924 599 4976 CONTRA
615 4927 752 4976 tisinum.

205 5066 300 5125 onaan
318 5066 407 5119 oraru
419 5072 457 5120 cu
478 5071 501 5121 u
518 5007 630 5136 ,θόλοι
643 5073 716 5124 νοω
728 5073 800 5136 raas,
812 5074 835 5124 u
851 5075 955 5126 inciens

165 5134 258 5198 ασθαι,
271 5137 333 5187 ιΙουῖ
345 5138 402 5188 lecit
412 5141 499 5204 Lysias
515 5162 521 5193 ι
534 5162 546 5188 ιι
559 5144 692 5196 Familiaris
702 5145 762 5196 milti
773 5147 810 5197 est
823 5147 956 5212 archippus

167 5207 248 5268 trisse,
261 5219 277 5256 ο
290 5206 413 5269 iudices.»

1728 451 1783 498 293

1357 563 1425 626 225.

1034 681 1203 753 Anonymus
1217 678 1344 753 Seguerii
1358 676 1485 756 (Notices
1498 680 1547 734 des
1562 685 1731 735 massuscrits
1744 683 1781 736 de

996 768 1025 822 la
1036 767 1105 828 bibl.
1125 771 1222 840 mycale
1235 777 1254 825 t.
1267 767 1348 840 XIV,
1362 766 1393 842 a)
1403 786 1434 840 p.
1452 765 1488 832 iu
1503 785 1510 822 a
1525 762 1571 824 'tis
1587 764 1614 822 δὲ
1629 765 1698 844 ὑπὲρ
1709 765 1780 824 θεαί·

996 873 1040 931 ρου
1054 852 1147 931 λέγῃς,
1161 851 1207 911 καί
1221 857 1297 912 τοῦτο
1313 851 1533 929 ἐπισημαίνεσθαι
1548 855 1602 928 δεῖ,
1623 852 1713 934 ὥσπερ
1732 879 1779 913 πε-

995 938 1088 1012 ποίηκε
1100 939 1200 1006 Λυσίας
1210 939 1293 1019 λόγοιν
1302 958 1332 995 ··ι
1342 939 1486 1012 ἐπιτήδειός
1497 939 1542 1018 μοί
1555 943 1625 1001 ἔστιν
1634 937 1781 1021 Ἄρχιππος

996 1025 1100 1104 οὑτοσί,
1116 1016 1287 1088 ὦδικασταί.
1304 1053 1316 1080 ο

1348 1153 1417 1210 υα6.

1034 1263 1190 1340 Dionysius
1200 1265 1263 1324 Hal.
1278 1266 1318 1323 De
1336 1266 1366 1320 νί
1379 1264 1523 1322 Demosth.
1535 1284 1560 1322 c.
1576 1284 1608 1320 ιι
1626 1264 1668 1341 (t.
1686 1268 1734 1334 Vl,
1748 1285 1777 1340 p.

997 1351 1121 1428 9831t.)
1141 1363 1171 1409 et
1187 1353 1311 1408 Ioannes
1328 1353 1462 1408 Siceliota
1482 1351 1518 1416 εἰς
1534 1349 1638 1430 ιδπερὶ
1656 1351 1781 1430 εὑρέσεως

997 1438 1098 1518 βιόλίον
1112 1443 1142 1497 in
1152 1440 1253 1498 codice
1263 1443 1438 1498 Barochano
1450 1439 1504 1512 175
1517 1439 1568 1499 iol.
1583 1441 1620 1497 83
1639 1458 1646 1498 ι
1663 1438 1781 1498 Κωλόσει

997 1525 1019 1585 δ’
1041 1525 1123 1602 otiis,
1140 1525 1203 1592 ίσως
1225 1525 1253 1587 δὲ
1276 1525 1450 1606 χαριεστέραν
1472 1525 1578 1598 ποιήσει
1600 1523 1649 1598 τὴν
1670 1527 1779 1606 θεωρίαν

996 1617 1099 1674 τεθιῖσα
1118 1615 1221 1694 πρῶτον
1241 1617 1258 1684 ἡ
1285 1614 1384 1674 Λυσίου
1401 1611 1471 1682 λίξις
1494 1603 1577 1692 ᾔτλν
1600 1615 1782 1689 Δημοσθένους
1849 1643 1857 1652 ·

997 1701 1109 1763 ίοικίναι
1121 1700 1264 1778 πιίθομαι,
1283 1699 1404 1778 διήγησίν
1413 1723 1472 1760 τινα
1485 1701 1644 1780 περιέχουσα
1656 1700 1781 1780 ὓόρισιι-

997 1789 1060 1861 κήν·
1086 1815 1099 1840 ι
1112 1789 1260 1867 Ἄρχιππος
1281 1785 1333 1868 γδρ
1355 1786 1462 1864 οὑτοσί,
1485 1776 1664 1860 nutaretur,
1680 1789 1780 1847 ιἰπεδό-

997 1903 1011 1932 ι
1026 1899 1092 1936 σατο
1105 1874 1153 1954 μὲν
1164 1877 1199 1942 είς
1213 1871 1261 1946 τλν
1273 1873 1354 1945 αὐτὴν
1367 1873 1532 1954 παλαίστραν
1549 1865 1630 1952 οὗπερ
1645 1874 1691 1932 καί
1705 1877 1781 1942 Τισις

998 1989 1010 2018 s
1026 1963 1157 2044 ὀρτύγων
1178 1963 1225 2036 τὴν
1243 1962 1330 2034 δίκην,
1344 1963 1423 2042 ὀργῆς
1443 1963 1470 2020 II
1485 1962 1626 2041 γενομένης
1646 1965 1671 2029 ἐς
1685 1961 1780 2040 σκώμ-

998 2077 1011 2104 ι
1026 2051 1099 2128 ματό
1112 2074 1141 2110 τε
1154 2053 1241 2117 αὑτοῖς
1256 2049 1302 2110 καί
1317 2047 1465 2128 ἀντιλογίαν
1485 2049 1531 2109 καί
1545 2049 1642 2128 ἔχθραν
1663 2050 1708 2110 καλ
1726 2052 1781 2109 λοι-

997 2137 1117 2219 ιδορίαν
1142 2137 1320 2210 κατέστησαν,
1361 2134 1455 2197 Ἔστιν
1473 2127 1517 2196 οδν
1540 2136 1645 2204 Πυθίας
1669 2137 1781 2218 δρασπλς

997 2226 1072 2304 «μίν
1094 2231 1139 2286 τοῦ
1164 2225 1302 2308 μειρακίου
1327 2223 1430 2307 (πάντα
1453 2225 1505 2306 γὰρ
1526 2225 1663 2305 εἰρήσεται
1678 2228 1780 2299 τάληθῆ

997 2341 1011 2368 ε
1023 2315 1087 2396 πρδς
1101 2315 1199 2394 ὑμᾶς),
1216 2313 1353 2394 ίπίτροπος
1372 2312 1400 2372 δί
1413 2313 1466 2372 tat
1489 2313 1649 2393 τοῦπατρὸς
1666 2315 1781 2373 καταλε-

998 2401 1173 2481 «λειμμίνος.
1215 2393 1317 2478 Οθτος,
1332 2401 1422 2473 ἓπιιδὴ
1436 2401 1513 2469 Τῖσις
1526 2400 1591 2482 πρδς
1609 2399 1688 2460 αὐτόν
1709 2401 1781 2482 [τὴν]

998 2491 1052 2550 alu
1074 2496 1108 2572 τῇ
1127 2489 1284 2572 παλαίστρα
1296 2490 1428 2568 λοιδορίαν
1443 2490 1602 2568 διηγήσατο,
1625 2489 1782 2570 βουλόμενος

998 2579 1179 2660 «χαρίζεσθαι
1200 2579 1245 2640 καί
1261 2581 1346 2640 δοκεῖν
1366 2578 1447 2646 δεινὸς
1466 2579 1512 2638 καὶ
1535 2578 1673 2647 ίπίόσνλος
1693 2569 1780 2652 εἶναι,

999 2693 1011 2721 ι
1025 2667 1160 2748 ἐκόλουσεν
1176 2665 1265 2741 αὐτόν,
1278 2670 1314 2734 ὥς
1332 2669 1408 2744 ἡμεῖς
1420 2667 1451 2727 ἔκ
1468 2689 1496 2726 τε
1516 2670 1569 2726 τῶν
1587 2667 1781 2747 πεπραγμόιοιν

997 2781 1010 2808 ι
1024 2755 1162 2836 ᾐσθήμεθα
1176 2755 1221 2814 καλ
1235 2758 1287 2814 τῶν
1303 2749 1331 2814 εὖ
1346 2754 1451 2814 εἰδότων
1463 2754 1611 2832 ἐπυθόμεθα
1622 2802 1631 2834 ,
1642 2757 1669 2814 ἰν
1683 2756 1731 2834 μὲν
1743 2761 1781 2837 τῷ

998 2843 1137 2920 «παρόντι
1153 2843 1340 2919 διαλλαγῆναι,
1356 2851 1465 2902 ακοπιῖν
1480 2843 1507 2902 δί
1521 2842 1592 2911 ὅπως
1609 2843 1685 2902 αὐτὸν
1703 2843 1780 2921 μόνον

1000 2950 1077 2986 ιπου
1097 2927 1221 3009 λήψεται.
1263 2927 1383 2996 Πιισθιίς
1405 2929 1433 2988 δὲ
1455 2935 1540 2990 ταῦτα
1561 2929 1607 2990 καλ
1635 2931 1783 3006 διαλλαγεὶς

999 3015 1072 3076 ικαὶ
1090 3016 1225 3096 χριόμενος
1244 3015 1290 3076 καί
1313 3017 1536 3098 προσποιούμενος
1556 3019 1702 3091 ἐπιτήδειος
1716 3009 1783 3078 εἶναι

999 3109 1062 3172 ιεῖς
1085 3111 1160 3164 τοῦτο
1184 3105 1278 3181 μανίας
1299 3106 1451 3178 τηλικοῦτος
1478 3105 1514 3166 ὢν
1537 3105 1694 3188 σἰρίσταται,
1713 3105 1782 3168 ὥστε

999 3191 1154 3272 ιίτόγχανι
1178 3194 1226 3270 μὲν
1243 3185 1308 3254 οὖσα
1322 3195 1485 3275 ἱπποδρομία
1507 3196 1656 3272 Ἀνακείων,
1676 3196 1738 3256 ἰδὼν
1754 3199 1779 3257 δ’

999 3308 1010 3332 ι
1027 3281 1105 3341 αὐτόν
1120 3283 1178 3358 μετ’
1194 3284 1257 3360 ἐμοῦ
1270 3281 1342 3362 παρὰ
1355 3283 1403 3357 τὴν
1418 3284 1498 3366 θύραν
1511 3285 1640 3366 παριόντα
1656 3285 1783 3366 (γείτονες

999 3367 1077 3450 εγδιρ
1098 3367 1223 3442 ἀλλήλοις
1243 3371 1416 3451 τυγχάνουσιν
1439 3372 1526 3451 ὄντες)
1549 3372 1580 3433 τθ
1604 3373 1653 3450 μὶν
1677 3378 1780 3454 πρῶτον

999 3485 1012 3514 ι
1026 3459 1186 3518 συνδειπνεῖν
1200 3457 1329 3532 ἐκέλευεν,
1341 3459 1430 3531 ἐπειδὴ
1445 3459 1469 3519 δ’
1482 3462 1529 3520 οὐκ
1539 3459 1678 3535 ἠθέλησεν,
1690 3460 1782 3534 ἐδεήθη

998 3575 1012 3602 ι
1025 3547 1098 3620 ἥκειν
1110 3547 1187 3607 αὐτὸν
1203 3546 1247 3606 tat
1256 3550 1355 3625 κῶμον,
1366 3547 1450 3625 λέγων
1461 3546 1500 3607 ότι
1511 3550 1569 3624 μεθ’
1584 3551 1663 3608 αὑτοῦ
1674 3548 1720 3608 καί
1731 3551 1782 3608 τῶν

999 3663 1011 3691 ι
1026 3639 1134 3697 οἰκετῶν
1145 3635 1239 3697 πιίτω.
1281 3634 1474 3708 Δειπνήσαντες
1487 3627 1531 3696 οὗν
1543 3635 1596 3710 ἤδη
1609 3637 1783 3708 συακοτοίζον·

1365 3806 1418 3852 226.

1030 3887 1093 3939 llilsil
1105 3885 1245 3951 impedient,
1255 3887 1363 3940 fortassis
1373 3901 1431 3938 sero
1442 3888 1609 3951 Jrrctrneliorem
1619 3895 1726 3940 nostram
1737 3891 1782 3940 tiis·

999 3959 1154 4020 quisitiouem
1166 3959 1267 4008 reddent
1278 3959 1401 4022 pranulus
1412 3961 1488 4023 Lysiae
1497 3962 1584 4018 rerba.
1595 3962 1685 4024 quibus
1694 3964 1780 4010 Demo·

998 4027 1105 4077 stireniea
1119 4039 1171 4078 esse
1188 4027 1275 4077 similia
1288 4033 1355 4090 puto.
1371 4029 1502 4080 Continent
1515 4043 1572 4080 sero
1580 4031 1740 4080 narrationem
1752 4031 1783 4081 de

999 4098 1062 4146 iacta
1073 4098 1219 4148 contumelia
1231 4111 1238 4146 ι
1253 4117 1265 4141 ο
1278 4098 1396 4148 Nimirum
1406 4099 1540 4162 arrlrippus
1553 4101 1606 4160 hie,
1617 4100 1782 4160 tilienienses,

1000 4169 1023 4216 in
1034 4167 1135 4216 esuriem
1156 4168 1267 4230 inquam
1285 4169 1346 4219 Tisia
1360 4183 1416 4219 reus
1437 4171 1556 4232 ingressus
1575 4175 1613 4221 est
1630 4172 1782 4235 palaestram,

1000 4237 1042 4286 irbi
1055 4237 1109 4287 irati
1131 4237 1160 4286 ari
1175 4239 1284 4288 convicia
1304 4240 1329 4288 et
1346 4240 1528 4291 altercationem
1541 4244 1564 4290 ei
1587 4241 1736 4292 inimicitiam
1757 4249 1782 4293 et

999 4307 1170 4358 coutumeliam
1191 4309 1348 4360 devenerunt.
1381 4311 1438 4360 iam
1453 4323 1512 4361 vcro
1527 4311 1633 4374 Pytheas
1645 4317 1682 4362 est
1694 4313 1782 4362 Tisidis

999 4377 1156 4428 molummis
1172 4383 1266 4429 amator
1289 4380 1384 4440 (omnia
1400 4383 1464 4431 enim
1485 4395 1541 4444 qum
1561 4395 1617 4431 tera
1638 4387 1696 4431 suut
1712 4385 1782 4434 robis

999 4447 1093 4509 dicam)
1106 4447 1232 4513 eidemque
1243 4452 1335 4499 tutora
1356 4455 1423 4513 patre
1436 4451 1539 4502 relictus.
1574 4451 1633 4512 liic,
1655 4455 1782 4515 postquam

998 4520 1060 4570 Tisia
1081 4533 1154 4582 quam
1176 4533 1261 4581 passus
1279 4521 1304 4570 lu
1325 4521 1436 4584 palustre
1456 4526 1519 4572 esset
1538 4522 1708 4572 contumellam
1729 4537 1782 4571 nar·

999 4593 1108 4649 raserat,
1131 4591 1258 4650 gratiiicari
1272 4590 1355 4640 rolens
1367 4593 1393 4640 et
1403 4591 1477 4642 rideri
1498 4591 1600 4642 callidus
1611 4593 1636 4641 et
1656 4591 1783 4642 insidiosus

993 4665 1059 4717 esse,
1072 4656 1144 4704 suasit
1154 4657 1175 4706 ei
1191 4657 1200 4719 i
1208 4661 1235 4707 ut
1249 4661 1352 4708 nostum
1362 4673 1376 4708 e
1386 4661 1535 4724 rebusgestis
1547 4663 1711 4713 intelleximus
1726 4667 1779 4714 tum

993 4735 1008 4770 e
1022 4725 1096 4784 probe
1111 4725 1244 4777 scientibus
1259 4730 1435 4794 comperimus)
1451 4733 1476 4781 in
1498 4734 1649 4796 praesentiam
1671 4735 1781 4790 reconcie

993 4792 1045 4844 ilari
1054 4829 1062 4854 ‚
1072 4795 1255 4858 circumspicere
1269 4801 1349 4846 autem
1362 4811 1412 4860 quo
1427 4803 1497 4860 paeto
1513 4801 1580 4850 iilum
1595 4803 1675 4852 solum
1686 4803 1779 4854 alleubi

999 4871 1186 4922 nancisceretur.
1222 4868 1263 4918 iiis
1276 4868 1407 4920 obsecutus
1428 4874 1454 4920 et
1475 4867 1643 4920 reconcilatus
1662 4870 1783 4933 Arciaippo

999 4946 1024 4992 et
1051 4939 1223 4990 ccmuetudine
1247 4939 1299 5001 ejus
1322 4943 1393 4991 utens
1418 4941 1571 5004 amicumque
1592 4953 1643 4994 ems
1666 4941 1783 4996 simulans

999 5025 1028 5062 eo
1053 5011 1152 5060 insaniae
1182 5011 1292 5060 tantillus
1318 5011 1385 5062 iiiece
1418 5012 1552 5076 processit,
1574 5016 1615 5073 ut,
1645 5025 1694 5076 quo
1718 5015 1782 5063 iem·

1001 5093 1058 5144 pore
1071 5093 1157 5131 cursus
1170 5085 1295 5144 equestres
1307 5085 1456 5132 Anaeeomm
1469 5081 1568 5144 tierent,
1586 5084 1740 5145 conspicatus
1755 5083 1782 5132 it·

1000 5152 1050 5201 ium
1066 5163 1162 5200 mecum
1184 5153 1277 5213 portam
1300 5165 1369 5202 suam
1391 5155 1573 5215 praetereuntem
1595 5153 1676 5215 (vieini
1692 5154 1783 5210 scilcet

999 5221 1044 5272 sibi
1055 5221 1156 5273 invicem
1170 5221 1296 5286 trahitant),
1309 5221 1385 5287 ,ιιῖιιιο
1398 5221 1428 5274 ad
1440 5235 1534 5276 cunam
1547 5224 1670 5286 invitaret,
1682 5223 1783 5284 cieimie¹
