4114 6088
386 407 442 456 522
912 397 1135 456 ΟΥΛΠΙΑΝΟΥ
1156 397 1446 458 ΠΡΟΛΕΙῸΜΕΝΑ.

385 526 618 596 ἀκοραντικῶτιροκ·
635 525 663 577 τό
678 525 704 577 δέ
716 524 741 578 ἐν
756 525 834 596 τούτῳ
851 527 912 578 κατά
923 533 971 578 τῶν
986 527 1097 591 ἀνοήτων
1113 529 1158 596 μό·
1203 527 1307 592 λιππσν,
1329 528 1438 580 λκῦόντα
1455 527 1499 594 τὴν
1521 528 1655 592 Ὄλυνθον,
1677 529 1768 592 εἰκότως
1780 531 1879 584 κάνταῦθα
1894 533 1925 585 ἐτι-

385 623 436 656 νον·
451 604 492 656 καί
507 609 579 656 τοῦτο
593 603 637 656 σῦκ
650 603 785 666 ἀπολότως.
822 605 856 656 Τὸ
874 604 921 675 γάρ
938 605 1060 665 Πολλάκις
1073 606 1114 656 καθ
1130 606 1158 656 τδ
1204 606 1364 676 λογιζόμενος
1381 613 1428 658 τῶν
1443 608 1520 660 αὐτῶν
1542 607 1659 678 ἐμνήσθη.
1695 609 1742 660 Τοῦ
1757 609 1878 662 Χαλκιδικοῦ
1893 612 1924 678 γἰρ

384 684 461 736 Δοκεῖ
481 682 588 752 [δηλσῖῄ
612 683 659 751 οθχ
681 683 719 733 ότι
741 685 835 744 πάντως
854 685 895 735 δεῖ
913 687 985 736 τοῦτο
1008 684 1157 752 συμόαίνειν,
1205 687 1362 749 ἀπολωλότος
1371 691 1463 758 γένους,
1477 690 1518 742 καὶ
1531 691 1573 742 δόο
1587 692 1628 742 καί
1639 692 1761 760 τριάκοντα
1773 692 1854 744 πόλεων
1863 693 1924 762 ῄρηνί·

385 761 451 814 ἀλλά
464 762 529 815 ἐστιν
542 764 594 816 δτε.
615 786 626 812 ι
641 765 687 816 Δεῖ
700 766 780 818 τοίνυν
794 757 897 833 ῦμᾶς,ὦ
918 764 1001 833 ἀνδρες
1024 763 1157 829 Ἀθηναῖοι,
1205 787 1267 831 νων,
1282 769 1344 829 τίνες
1356 767 1452 820 ἔσονται
1463 769 1549 822 λοιπδν
1565 769 1691 840 ἐμποδώνς
1705 769 1754 822 ἀδὲ
1768 769 1828 822 αῦτοθ
1838 773 1920 824 πείσοντα

387 839 457 906 «τὴν
476 839 586 911 ἀκαιρίαν
609 839 653 907 τὴν
668 843 768 896 ἐκείνου.
791 865 801 891 ι
828 839 953 894 Ἐντεῦθεν
968 847 1016 893 ταῖιν
1037 841 1158 912 ἐπιλόγων
1205 845 1228 896 οἱ
1243 843 1505 916 ’λθηναῖοιγενομένου
1515 845 1573 914 κρδς
1586 845 1667 906 αὐτοῖς
1675 849 1725 906 τοῖς
1733 847 1841 917 όρίοιςτῆς
1854 847 1926 910 ’λτειῇς
1979 855 1980 874 ¹

386 920 501 982 ἅπτεται,
518 921 559 980 οδς
571 919 662 990 ὁμοίως
673 921 706 983 είς
718 922 762 972 δι’νυ
778 923 837 992 μέρη
851 921 980 990 διῄρηκεν,
993 919 1025 980 είς
1040 920 1068 972 εδ
1088 922 1159 972 δυνα-
1205 928 1247 974 τοῦ
1259 923 1366 992 πολέμου
1383 924 1530 994 βουλόμενος
1544 924 1644 989 αῦξῆσαι
1659 925 1716 993 δίχα
1726 925 1836 994 διῄρηκεν,
1847 923 1898 985 είςτε
1908 927 1925 976 ιδ

384 997 427 1050 τδν
441 998 482 1050 καί
492 997 521 1050 τδ
535 1001 664 1068 συμφόρου.
682 1001 727 1051 Καί
738 999 786 1070 γάρ
799 999 822 1050 οἱ
842 998 952 1066 ἐπίλογοι
966 997 1013 1050 ἀπδ
1030 1005 1079 1050 τῶν
1093 999 1159 1052 τελι-
1207 1001 1284 1072 [πρδ]
1301 1005 1344 1053 τοῦ
1355 1001 1463 1071 πολίμου
1475 1001 1515 1053 καλ
1529 1001 1561 1062 είς
1578 1002 1650 1054 αῦτόν
1660 1003 1701 1055 τόν
1713 1003 1825 1073 πόλεμον,
1836 1003 1878 1054 τίνα
1888 1003 1925 1054 θκο
1979 1007 1980 1040 ί

384 1081 434 1128 κῶν
454 1076 592 1145 κεφαλαίων
606 1077 782 1148 λαμόάνονται.
821 1077 867 1128 ίίαθ
887 1077 916 1128 τδ
934 1077 976 1146 μὲν
998 1078 1100 1129 δυνατόν
1113 1077 1160 1130 ἀπὸ
1207 1084 1318 1148 μενοῦσιν
1333 1079 1355 1132 οί
1371 1081 1615 1149 γεωργοῦντες,τίνα
1629 1081 1654 1133 δὲ
1668 1080 1735 1145 καθίη
1752 1083 1926 1150 γόιρα,γρωμίια
1979 1099 1980 1106 “

385 1158 429 1206 τοῦ
451 1157 534 1224 καιροῦ
554 1158 733 1216 κατασκευάζει·
760 1154 807 1207 ἀπδ
828 1155 951 1224 πρεσῦείας
963 1160 1011 1206 τῶν
1031 1153 1160 1220 Ἀθηναίων
1206 1158 1266 1228 αῦτῄ
1279 1159 1331 1210 κατ’
1344 1157 1453 1227 ἀνάγκην
1466 1162 1509 1210 τοῦ
1530 1161 1689 1228 στρατοπέδου
1700 1165 1745 1210 τῶν
1768 1157 1875 1224 Ἀθηναίων
1890 1159 1926 1224 πρός

385 1235 428 1298 ῖῆς
449 1232 507 1301 πρὸς
529 1233 584 1294 τοὺς
601 1233 727 1298 Ἓλληνας
749 1232 860 1302 καθπρθς
878 1231 1056 1292 ῐῡὶθςῦπόπῐως
1072 1234 1160 1285 διακει-
1206 1235 1249 1302 τῆν
1268 1237 1398 1306 ῦπηρεσίαν
1421 1243 1469 1289 τῶν
1493 1236 1643 1307 ἀναγκαίων·
1668 1240 1721 1291 τίνα
1739 1237 1763 1290 δέ
1782 1236 1897 1306 ἐργάσονται
1911 1239 1925 1286 ιθ

386 1313 471 1379 μόνους
483 1314 526 1362 τοῦ
545 1311 693 1372 Μακεδόνος
716 1310 763 1364 ἀπδ
779 1313 890 1378 στρατιᾶς
903 1309 981 1362 αὐτῶν
1005 1311 1047 1361 καί
1067 1310 1157 1372 ἐξόδου·
1205 1315 1318 1384 πολέμιοι
1331 1315 1372 1365 καί
1384 1313 1521 1384 ἀναγκαίως
1531 1314 1670 1384 ῦῦρίζοντες
1679 1315 1719 1367 καθ
1728 1314 1843 1384 ρλίγοντες
1852 1313 1885 1378 τὴν
1894 1315 1926 1381 γέν

385 1389 434 1442 ἀπδ
446 1393 489 1441 τοῦ
503 1388 609 1452 ἀτόπου,
622 1392 680 1460 ὅπερ
690 1389 754 1440 ἐστίν
766 1387 814 1442 ἀπὸ
826 1390 934 1458 γνώμης,
942 1393 992 1448 πῶς
1000 1390 1028 1440 ἀν
1039 1389 1162 1452 Φίλιππος
1207 1411 1259 1462 ραν·
1276 1395 1309 1455 ὡς
1321 1393 1422 1446 διπλοῦν
1436 1393 1604 1462 περιίστασθαι
1615 1395 1647 1464 τῆ
1662 1393 1751 1464 ’λττικῄ
1765 1393 1867 1462 πόλεμον,
1880 1395 1926 1442 τοῦτο

385 1469 477 1534 διετίθη
485 1469 595 1520 τοιοῦτον
606 1473 690 1537 καιροῦ
701 1470 926 1538 παραπεπτωκότος·
937 1467 984 1521 ἀπδ
993 1473 1035 1534 τῆς
1046 1469 1162 1539 αίσχῦνης
1209 1471 1251 1542 μὲν
1265 1471 1329 1540 παρὰ
1343 1477 1391 1524 τῶν
1406 1470 1501 1524 οἰκείων
1514 1509 1521 1536 ,
1534 1477 1607 1524 τοῦτο
1619 1471 1645 1524 δέ
1660 1470 1698 1522 διά
1711 1477 1757 1523 τῶν
1774 1469 1884 1540 πολεμίων.
1896 1467 1926 1518 ’ίίι

385 1551 434 1598 τιῖνν
444 1545 566 1598 ἐκῦάντων
573 1547 612 1600 ἀν.
623 1547 689 1600 Τδδὲ
698 1548 815 1616 συμφέρον
824 1547 883 1615 δίχα
891 1547 1013 1618 διῄρηκεν,
1023 1547 1055 1608 είς
1064 1549 1161 1618 σι’νγκρι-
1207 1551 1357 1622 ἀπαλλαγείς
1375 1549 1442 1611 ἀξιοῖ
1451 1552 1531 1603 πᾶσαν
1546 1549 1643 1616 ἡλικίαν
1662 1549 1702 1602 καί
1721 1551 1765 1603 πᾶν
1780 1547 1849 1610 ἐθνος,
1864 1547 1893 1598 καί
1903 1545 1926 1598 ιθ·

385 1644 423 1676 σιν
436 1625 479 1677 δύο
488 1625 613 1695 πολέμων,
621 1630 664 1678 τοῦ
674 1645 699 1678 τε
712 1626 750 1679 ἐπί
757 1625 852 1694 Θρᾴκης
864 1626 918 1692 [καί
931 1629 973 1678 τοῦ
985 1626 1023 1680 ἐπί
1035 1631 1077 1692 τῆς
1090 1626 1162 1681 'Am-
1206 1631 1293 1699 πόρους
1316 1628 1356 1680 καί
1379 1627 1481 1698 ἀπόρους
1503 1628 1543 1679 καί
1566 1627 1684 1698 ῥῄτορας,
1705 1626 1838 1680 ἀπωθεῖσθαι
1855 1624 1883 1676 &A
1899 1622 1926 1686 τὴν

386 1703 456 1772 κῆς],
469 1703 584 1773 παριστάς
600 1703 641 1756 καί
654 1703 745 1764 δεικνθις
761 1705 785 1755 τί
800 1703 874 1755 κακδν
888 1705 1014 1770 ποιήσουσι
1027 1703 1071 1770 τὴν
1084 1707 1164 1758 Μακε-
1206 1707 1302 1778 θρᾴκην
1314 1707 1357 1758 τόν
1371 1706 1498 1776 πόλεμον,
1513 1708 1607 1768 δεικνὶις
1618 1707 1646 1758 οῦ
1660 1705 1730 1776 μικρθι
1748 1703 1776 1756 τῖι
1788 1704 1847 1774 κέρδη
1858 1701 1897 1753 σθδί
1908 1701 1926 1752 τί

385 1781 469 1832 δονίαν
482 1785 667 1852 συμμαχοῦντες
684 1780 833 1842 Ὀλυνθίοις,
848 1783 902 1833 τίνα
917 1781 943 1833 δὲ
961 1781 1030 1834 αιίτοθ
1039 1784 1161 1837 πείσονται
1206 1787 1347 1856 διαφέροντα
1363 1784 1467 1854 ἐσόμενα
1480 1787 1567 1848 πᾶσιν,
1582 1785 1604 1837 εί
1621 1789 1694 1838 τοῦτο
1711 1785 1807 1855 γίνοιτο.
1847 1780 1926 1842 ’λξιινθί

386 1861 540 1929 κομισθέντος
546 1862 616 1930 δεῦρο
625 1865 668 1912 τοῦ
675 1860 794 1930 πολέμου,
804 1861 912 1929 μηδόνων
918 1861 995 1914 όντων
1002 1863 1162 1915 τῶνκωλυόν-
1206 1865 1247 1916 καὶ
1261 1863 1304 1930 τὴν
1318 1864 1481 1934 μεταχείρισιν
1492 1865 1593 1932 θεωρεῖν
1615 1861 1712 1927 καλιὴν
1727 1861 1844 1916 ποικιλίαν.
1873 1858 1926 1924 ίίροη

386 1955 445 2001 των,
460 1936 492 2009 μὴ
502 1937 619 2002 Φωκέων,
630 1935 793 2008 μὴθηόαίων,
804 1943 852 1989 τῶν
867 1938 909 2008 μὲν
920 1940 952 1989 δι’
965 1938 1098 2005 ἀσθένειαν,
1113 1948 1160 1994 τῶν
1206 1945 1286 2010 γεῖται
1306 1941 1348 2010 μὲν
1367 1941 1414 2011 γάρ
1436 1941 1506 2006 ὁτῆς
1524 1941 1665 2012 συμόουλῆς
1684 1939 1805 2010 λογισμός,
1819 1939 1882 1990 ἕπεται
1895 1934 1927 1986 δθό

386 2014 412 2067 δὲ
424 2015 464 2067 διά
479 2017 629 2086 δυσμένειαν.
667 2015 702 2067 (λδ
719 2015 767 2085 γὰρ
785 2014 965 2084 ῦπολαμῦάνειν
981 2015 1100 2069 ἀντίθεσιν
1123 2020 1163 2072 δεῖ
1206 2024 1248 2084 τῆς
1258 2023 1392 2089 προτροπῆς
1404 2019 1477 2080 εῦθῦς·
1490 2021 1552 2072 ὥστε
1567 2020 1632 2072 κατὰ
1645 2025 1716 2073 τοῦτο
1730 2019 1757 2071 τδ
1768 2015 1825 2078 εἶδος
1832 2015 1927 2081 ιιεπλίγθιι

386 2091 430 2158 την
443 2092 538 2146 ἔννοιαν
552 2091 596 2157 τὴν
609 2093 656 2146 ἀπό
672 2097 773 2164 γνώμης
788 2097 831 2144 τοῦ
844 2093 982 2156 Φιλίππου,
995 2097 1075 2164 ὥσπερ
1086 2095 1100 2146 ό
1113 2096 1160 2160 Ζῄ-
1206 2097 1247 2149 τδν
1262 2097 1353 2167 λόγον,
1367 2097 1519 2167 ἐπειδῄπερὴ
1535 2098 1579 2168 μὲν
1595 2097 1718 2169 συμόουλὴ
1736 2097 1803 2166 λόγος
1812 2094 1863 2148 ἐστίν
1872 2092 1926 2144 θπιθι·

387 2191 436 2224 νων
459 2170 549 2236 εῦῄθως
569 2170 714 2240 ῦπείληρεν,
738 2169 795 2220 ἀλλ’
815 2170 909 2236 ἐστινὴ
930 2171 1012 2224 ἔννοια
1031 2171 1159 2242 ἐπιλογικὴ
1206 2173 1270 2236 τικδς
1280 2181 1327 2226 τῶν
1345 2176 1506 2244 πραγμάτων,
1518 2175 1534 2240 ἥ
1548 2175 1575 2228 δὲ
1591 2175 1712 2246 προτροπὴ
1724 2175 1793 2243 λόγος
1804 2173 1893 2242 προίγυι
1904 2167 1926 2232 ἐν’

387 2253 431 2300 τοῦ
452 2248 594 2318 ἀναγκαίου.
636 2247 733 2314 Ἐπειδὴ
759 2248 806 2319 γὰρ
822 2249 847 2302 ἐν
865 2253 917 2312 τοῖς
934 2249 1068 2320 ἔμπροσθεν
1090 2269 1161 2303 κατε·
1205 2253 1403 2324 ὁμολογουμένας
1414 2252 1456 2314 τάς
1470 2253 1579 2324 πράξεις,
1600 2256 1734 2324 παραίνεσις
1747 2251 1770 2304 δέ
1779 2251 1842 2322 λόγος
1851 2247 1926 2302 ῦτυθῑῦ·

388 2327 488 2378 οκεῦασε
500 2327 628 2395 προσήκειν
646 2331 676 2398 τῇ
695 2326 765 2380 πόλει
786 2327 829 2379 τδν
842 2327 963 2398 πόλεμον,
982 2328 1022 2380 διθι
1044 2327 1103 2398 [δὲ]
1118 2333 1161 2382 τοῦ
1205 2331 1247 2392 κδς
1259 2331 1300 2384 καὶ
1312 2331 1458 2401 περιεκτικός
1470 2335 1513 2384 τοῦ
1527 2334 1618 2400 τρόπου
1633 2339 1680 2385 τῶν
1692 2329 1799 2400 πράξεων.

385 2405 497 2475 δεντίρον
508 2407 653 2474 παρέστησεν
668 2405 707 2459 ἐπὶ
719 2405 763 2471 τὴν
779 2404 885 2472 ’δοτικὴν
905 2408 934 2458 ἀν
948 2405 1028 2460 ἐλθεῖν
1048 2408 1090 2460 τόν
1112 2408 1161 2460 Φί-
