4154 6064
85 337 212 413 ρει-οε)
447 340 635 402 nscnrms
658 344 716 404 oa.
737 346 787 404 os
809 347 917 408 uana
936 349 1060 412 nnsra
1082 355 1308 418 Lucanicus.
1629 376 1666 425 aa

83 469 254 548 προνοούμενος
263 468 308 527 καὶ
322 469 493 546 περὶτούτων
509 473 674 551 ἀνεπίφθονον
685 474 768 553 λέγειν
782 467 848 534 είναί
894 487 983 538 invidia
991 490 1021 541 de
1033 493 1172 544 lrisetioma
1189 510 1228 546 me
1237 497 1284 546 dici
1297 501 1321 548 et
1332 513 1399 562 posse
1415 503 1439 550 et
1448 501 1535 551 debere
1546 504 1667 554 eabtimo.

83 581 120 632 μοι
134 558 244 632 νομίζω·
257 562 308 614 ποῦ
323 555 375 636 γὰρ
386 555 403 626 ἢ
413 557 476 615 πόῐῑ
491 557 604 630 αὐτῶνθ
619 561 683 640 πρὸς
694 564 780 636 cirac,
796 585 848 620 Μ·
895 590 940 640 Ubi
958 593 1035 654 miro,
1053 598 1096 646 aut
1113 599 1210 660 quando
1226 614 1326 663 eorum,
1344 607 1386 652 aot
1404 606 1468 667 apud
1484 619 1559 668 arros,
1578 609 1624 658 bac
1634 610 1674 660 dle

82 643 188 724 ίαίιπὼν
204 643 281 713 τήνδε
293 641 342 714 τὴν
362 643 476 724 ’ww’
495 645 692 726 μνησθήσομωί
705 651 735 708 ἐκ
747 649 848 756 παίδων
894 694 1068 758 praetermissa,
1090 698 1176 748 laciam
1190 703 1354 752 mentionem?
1368 707 1450 762 Quum
1469 707 1540 770 igitur
1548 711 1673 771 pueritiam

82 731 124 808 μὲν
147 731 196 811 γάρ
219 731 384 809 ἀπαλλαγείς
406 732 546 808 περίπολος
571 739 617 806 τῆς
639 734 728 815 χώρας
752 759 848 808 raam<
977 793 982 804 Ι
1276 801 1299 814 ..
1335 803 1339 814 Ι
1389 805 1395 818 ,
1478 807 1483 818 Ι
1533 810 1539 820 1
1638 811 1643 822 ι

81 819 195 896 wrm
213 817 252 875 δύο
272 816 332 890 pm,
354 817 400 878 καὶ
419 819 596 897 ,οὗωχμῖν
614 823 673 890 τοὺς
691 822 849 904 συνιφχὸους
894 799 1151 856 excessissern,custos
1160 802 1248 850 nostrae
1257 799 1353 853 druonrs
1363 804 1395 853 lur
1411 817 1451 867 per
1460 807 1591 870 biennium,
1604 823 1674 871 curus

81 906 119 962 m,
135 905 191 972 τοὺς
212 905 339 984 ἄρχοντα,
358 909 432 981 ἡμῶν
453 907 588 987 μάρτυρα,
606 907 768 988 παρέχων
788 911 849 990 χω,
894 891 1181 960 reimqualesetecllegre
1195 899 1672 972 milaiapudrostestimoniurnperbibe-

80 993 177 1070 upum*
189 993 210 1050 δν
221 991 327 1060 ρξεχρρ,
340 992 477 1070 mnf„
489 991 535 1063 ἢ,
549 995 575 1051 ρ,
589 1002 641 1062 τοῖς
651 994 741 1073 μέρεα,
754 996 848 1054 καλου,
894 987 1036 1054 Ινυο1.(1οο)
1047 993 1125 1043 Prima
1135 999 1215 1046 autem
1224 999 1308 1048 militia
1317 1001 1374 1050 milri
1384 1003 1460 1052 luitur
1469 1007 1590 1066 prasinus
1600 1022 1673 1070 quem

51 1105 71 1144 ης
81 1081 164 1156 μένην,
178 1079 221 1138 καί
240 1079 482 1160 συμπαραπέμπων
495 1079 561 1156 μιτθ
577 1085 627 1138 τῶν
645 1083 791 1150 ἡλικιωτῶν
805 1081 849 1140 καί
894 1095 996 1152 roccas,
1013 1096 1037 1142 et
1057 1107 1113 1144 cum
1131 1099 1264 1158 nquuibus
1283 1103 1355 1163 atque
1379 1105 1505 1154 Alcibiadis
1522 1110 1674 1160 mercenariis

80 1171 126 1225 τῶν
140 1165 299 1226 Ἀλκιθιάδου
314 1166 391 1235 ξένων
401 1166 448 1238 την
459 1169 495 1234 είς
509 1168 643 1226 Φλιοῦντα
656 1167 849 1249 παραπομπήν,

80 1254 190 1312 κινδύνου
204 1254 348 1331 συμόάντος
365 1255 428 1332 ἡμῖν
442 1255 502 1334 περὶ
518 1253 565 1325 τὴν
580 1254 704 1332 Νεμεάδα
721 1255 850 1332 καλουμέ-

80 1367 122 1412 νην
135 1343 269 1422 χαράδραν
285 1341 364 1410 ansa
378 1343 551 1419 ἠγωνισάμην
571 1341 639 1400 ὥστε
661 1343 712 1402 ὑπὸ
723 1347 774 1402 τῶν
787 1349 847 1422 ἡγε-

80 1427 162 1504 μόνων
185 1431 354 1486 ἐπαινεῖσθαι·
375 1427 421 1486 καί
437 1427 482 1494 τδς
504 1427 586 1494 άλλας
608 1428 654 1496 τάς
676 1431 706 1487 ἐκ
727 1431 849 1509 διαδοχῆς

78 1515 173 1582 ἐξόδους
181 1515 226 1582 τθις
235 1518 261 1572 ἐν
271 1515 322 1581 τοῖς
335 1514 481 1590 ἐπωνύμοις
490 1515 535 1574 καί
548 1524 600 1582 τοῖς
612 1516 715 1596 με’ρεσιν
728 1515 849 1590 ἐξῆλθον,

79 1601 130 1681 (rso)
144 1602 189 1660 καί
200 1601 247 1671 τίην
259 1603 285 1660 ἐν
300 1602 445 1682 Μαντινείᾳ
460 1602 549 1682 μάχην
568 1602 788 1682 συνεμαχεσάμην
802 1607 849 1662 οὐκ

78 1691 185 1768 αἰσχρῶς
197 1689 251 1746 οὐδ’
266 1687 376 1756 άναξίως
389 1693 434 1759 τῆς
443 1689 556 1762 πόλεως,
569 1689 615 1748 καλ
626 1688 672 1755 τἀς
686 1692 722 1756 είς
735 1689 848 1750 Eddana

44 1795 66 1832 ru
77 1775 205 1856 στρατείας
216 1774 442 1856 ἐστρατευσάμην,
457 1775 501 1834 καί
513 1775 560 1847 πλην
570 1780 597 1834 ἐν
609 1778 744 1852 Ταμύναις
759 1777 848 1857 μάχην

77 1867 100 1922 ἐν
112 1868 162 1929 τοῖς
175 1863 319 1929 ἐπιλέκτοις
330 1863 412 1930 οὕτως
423 1862 604 1939 ἐκινδύνευσα,
619 1863 687 1922 ὥστε
700 1866 777 1922 κάκεῖ
789 1888 848 1923 στε-

76 1955 219 2031 ρανωθῆναι
227 1951 272 2010 καί
283 1953 358 2030 δεῦρο
364 1951 435 2021 ἥκων
443 1951 522 2008 πάλιν
533 1949 584 2008 ὑπὸ
591 1956 637 2009 τοῦ
650 1951 746 2026 δήμου,
760 1951 807 2022 τάν
820 1975 847 2010 τε

76 2038 143 2108 νίκην
155 2043 201 2109 τῆς
217 2039 317 2104 πόλεως
337 2037 512 2116 ἀπαγγείλας,
526 2036 572 2096 καί
583 2037 724 2113 Τεμενίδου
744 2044 789 2096 τοῦ
803 2043 849 2109 τῆς

76 2125 236 2192 Πανδιονίδος
265 2123 407 2204 ταξιάρχου
432 2124 478 2182 καί
505 2123 771 2204 συμπρεσόεύσαντος
796 2126 848 2185 άπὸ

77 2212 245 2292 στρατοπέδου
269 2235 313 2290 μοι
338 2212 408 2290 δευρί
433 2211 478 2268 καί
500 2209 533 2269 τδι
556 2211 616 2291 περὶ
644 2210 687 2268 τὸν
710 2212 848 2290 γενόμενον

76 2299 196 2372 κίνδυνον,
215 2289 266 2364 οἷος
279 2291 327 2371 ἦν,
340 2296 553 2376 ἀπαγγείλαντος.
570 2295 627 2375 (170)
643 2295 707 2357 Ὅτι
720 2297 747 2356 δὲ
763 2301 847 2370 ἀληθῆ

32 2381 57 2428 ⁵¹
76 2385 148 2462 λέγω,
169 2385 238 2444 λαόό
258 2409 303 2460 μοι
326 2391 403 2444 τοῦτο
425 2383 455 2442 τὸ
476 2384 617 2464 ψήφισμα,
641 2383 687 2442 καί
707 2385 782 2443 κάλει
804 2385 848 2444 τόν

74 2473 215 2547 Τεμενίδην
237 2473 282 2530 καὶ
300 2471 359 2540 τούς
373 2471 638 2550 συνεστρατευμένους
657 2494 701 2548 μοι
717 2471 764 2538 τθς
782 2471 848 2553 ύπέρ

74 2565 116 2631 τῆς
136 2561 239 2626 πολεως
260 2559 398 2640 στρατείας
411 2558 457 2617 καί
476 2558 610 2618 Φωκίωνα
624 2558 668 2616 τὸν
683 2559 847 2638 στρατηγόν,

76 2647 150 2720 μήπω
165 2645 321 2727 συνήγορον,
339 2645 370 2704 δν
386 2644 424 2718 μὴ
437 2645 537 2711 τούτοις
551 2647 677 2725 συνδοκῇ,
696 2649 756 2705 ἀλλ’
767 2647 849 2706 ύπεό·

73 2739 138 2794 θυνον
149 2739 185 2815 τῷ
202 2737 353 2816 αυκοράντη
371 2735 506 2813 μάρτυρα,
521 2733 566 2791 iio
578 2733 713 2812 ψεύδηται.

280 2881 634 2930 ΨΗΦΙΣΜ1.Μ.11”111)1111.
711 2927 716 2936 ,

107 3017 150 3056 111.
179 2997 356 3074 Ἀπαγγείλας
379 2996 464 3055 τοίνυν
486 2999 587 3077 πρῶτος
612 2996 659 3066 τὴν
682 2997 729 3068 τῆς
748 2995 848 3061 πόλεως

49 3099 60 3134 ο
72 3082 136 3154 νίκην
149 3086 210 3160 ύμῖν
223 3081 272 3140 καί
292 3081 405 3154 τὴντῶν
418 3083 523 3140 παίδων
538 3086 588 3140 τῶν
604 3081 735 3162 ύμετέρων
750 3081 847 3162 κατόρ-

70 3173 158 3248 θωσιν,
172 3169 286 3250 πρώτην
305 3167 403 3240 ταύτην
422 3173 491 3246 ὑμᾶς
512 3171 615 3226 άπαιτῶ
625 3169 713 3250 χάριν,
734 3170 782 3240 τὴν
802 3173 846 3228 τοῦ

70 3257 185 3334 σώματος
199 3257 352 3333 σωτηρίαν,
368 3259 397 3315 ού
412 3256 558 3332 μισόδημος
570 3255 623 3328 άνν,
635 3255 670 3322 ὥς
682 3280 761 3337 φησιν
773 3259 786 3314 θ
801 3280 847 3315 κα·

68 3343 184 3422 τήγορος,
198 3342 273 3402 ἀλλὰ
284 3343 472 3424 μισοπόνηρος,
482 3345 511 3402 οὗ
522 3344 580 3409 τοὺς
593 3343 771 3418 Δημοσθένους
780 3348 847 3420 ὑμᾶς

69 3432 110 3488 οἷοι
122 3435 169 3489 ἐῶν
181 3431 327 3511 προγόνους
341 3435 477 3506 μιμεῖσθαι
489 3431 497 3507 (
507 3431 536 3488 οὗ
549 3429 598 3508 γδρ
614 3429 701 3508 εἰσίν),
715 3430 782 3488 ἀλλὰ
795 3435 845 3488 τῶν

68 3521 148 3577 καλῶν
161 3523 195 3598 τῇ
213 3519 296 3577 πόλει
314 3518 502 3596 βουλευμάτων
515 3516 632 3588 ζηλωτάς
645 3508 710 3574 εἶναι
725 3539 845 3596 παρακα-

67 3607 125 3666 isa.
154 3609 213 3666 Νῦν
230 3608 256 3663 δ’
268 3604 335 3662 αὐτὰ
356 3604 487 3683 πόρρωθεν
505 3603 647 3683 ἀρξάμενος
662 3609 748 3684 μικρῷ
766 3605 845 3678 δίειμι

35 3703 55 3742 ¹⁰
66 3693 234 3774 σαρίστερον.
283 3693 342 3769 (ins)
367 3693 500 3772 Πρότερον
515 3697 532 3762 ἡ
550 3691 624 3757 πόλις
635 3696 711 3768 ἡμῶν
725 3691 844 3764 εὐδόξησε

65 3779 127 3852 μετὰ
144 3781 193 3850 τὴν
214 3781 244 3836 ἐν
263 3779 396 3853 Σαλαμῖνι
418 3777 569 3856 ναυμαχίαν
587 3776 655 3856 πρδς
668 3777 711 3835 τὸν
729 3777 843 3857 Πέρσην,

64 3975 104 4024 ln<
116 3955 137 4011 δ’
147 3951 324 4032 ὑπαρχούσης
333 3951 396 4031 πρδς
407 3950 639 4028 Λακεδαιμονίους,
648 3950 772 4028 διίμεινεν
781 3958 843 4030 ἡμῖν

64 4039 151 4112 τὸτῆς
169 4039 353 4122 δημοκρατίας
374 4039 532 4114 πολίτευμα.
570 4039 795 4118 Συνταραχθέντες
816 4040 842 4100 δὲ

65 4127 111 4184 θπό
125 4152 204 4186 τινων
223 4125 274 4185 καί
289 4123 465 4194 καταστάντες
485 4122 549 4204 πρδς
568 4126 791 4201 Λακεδαιμονίους
809 4129 843 4196 είς

63 4211 184 4289 πόλεμον,
204 4211 297 4272 πολλά
317 4211 363 4269 καί
378 4211 502 4278 παθόντες
521 4211 591 4269 κακόν
606 4212 652 4269 καὶ
672 4212 842 4288 ποιήσαντες,

63 4299 210 4361 Μιλτιάδου
225 4305 275 4359 τοῦ
289 4299 410 4376 Κίμωνος
421 4299 701 4378 προκηρυκευσαμένου
712 4300 776 4380 πρὸς
791 4307 843 4361 Λα·

29 4399 51 4438 lt
62 4389 264 4464 scismaticae,
280 4386 352 4454 ὄντος
373 4386 510 4466 προξένου,
536 4385 646 4453 σπονδάς
666 4393 710 4445 τοῦ
726 4388 843 4466 πολέμου

62 4477 296 4547 πεντηκονταετεῖς
309 4474 504 4550 ἐποιησάμεθα,
526 4474 694 4552 ἐχρησάμεθα
709 4474 737 4532 ei
751 4477 842 4542 αὐταῖς

60 4561 102 4632 ἔτη
114 4563 302 4642 τριακαίδεκα.
325 4563 383 4638 (rin)
406 4561 453 4621 Ἐν
465 4561 492 4618 dl
506 4561 590 4635 τούτῳ
605 4563 641 4638 τῷ
654 4561 739 4640 χρόνῳ
749 4562 842 4640 ἐτειχί-

60 4671 140 4726 σαμεν
155 4651 206 4709 τὸν
222 4654 337 4729 Πειραιᾶ
351 4647 396 4707 καί
415 4648 445 4706 τὸ
459 4648 558 4728 βόρειον
572 4647 656 4725 τεῖχος
670 4649 841 4728 ᾠκοδομήσα·

59 4761 114 4813 μεν,
137 4738 238 4797 exarto
254 4736 404 4815 disperiistis
416 4737 479 4816 πρὸς
497 4736 553 4801 ταῖς
573 4735 750 4814 ὑπαρχούσαις
771 4738 840 4794 ἐναυ·

58 4825 255 4902 πηγησάμεθα,
265 4822 425 4902 τριακοσίους
436 4823 459 4880 δ’
469 4821 565 4889 ἱππίας
578 4843 837 4899 προσκατεσκευασα-

59 4917 137 4985 μεθα,
160 4911 211 4970 καὶ
238 4909 399 4990 τριακοσίους
423 4909 526 4978 Σκύθας
546 4911 708 4992 ἐπριάμεθα,
728 4911 773 4968 καί
792 4909 839 4982 τὴν

895 1191 1031 1243 Phliuntem
1047 1195 1146 1245 subsidii
1158 1199 1247 1248 terendi
1259 1213 1330 1248 causa
1342 1203 1439 1262 missus,
1455 1219 1530 1266 quum
1547 1208 1610 1256 circa
1629 1213 1674 1258 Ne·

895 1308 993 1346 moneam
1003 1299 1089 1349 iussam
1104 1303 1215 1363 proelium
1231 1307 1431 1370 committeretur,
1443 1309 1478 1358 sic
1495 1310 1630 1374 decertavi,
1647 1317 1674 1362 ut

894 1407 909 1443 a
921 1395 1023 1448 ducibus
1033 1399 1144 1450 laudarer
1158 1421 1163 1450 :
1179 1405 1264 1454 ceteris
1277 1406 1349 1456 etiarn
1361 1409 1552 1470 expeditionibus
1561 1425 1616 1474 quan
1630 1427 1674 1476 per

895 1494 958 1544 vices
980 1497 1146 1562 mittebantur,
1160 1502 1285 1552 ordinariis
1305 1508 1329 1554 et
1346 1509 1542 1560 extraordinariis
1564 1512 1673 1572 interlui,

895 1591 959 1652 (169)
980 1596 1005 1643 et
1030 1595 1062 1644 ad
1086 1599 1229 1650 Mantineam
1250 1601 1399 1666 depugnari,
1427 1619 1475 1656 non
1499 1609 1609 1670 turpiter,
1632 1613 1675 1659 aut

894 1707 950 1744 cum
966 1695 1082 1747 dedecore
1097 1699 1208 1750 civitatis.
1243 1704 1271 1750 ln
1287 1703 1379 1754 liuboee
1392 1705 1449 1755 item
1471 1710 1584 1772 militavi,
1595 1713 1619 1760 et
1630 1715 1673 1762 Ta·

893 1811 987 1860 mpnaea
999 1815 1078 1864 pugna
1091 1804 1266 1857 interdeleetos
1279 1809 1313 1858 ita
1325 1823 1364 1860 me
1383 1812 1456 1873 gessi,
1478 1816 1506 1862 ut
1521 1816 1545 1864 et
1555 1815 1587 1864 ibi
1601 1816 1673 1866 adu-

894 1902 962 1953 eibus
977 1918 1065 1954 corona
1082 1919 1191 1970 orbarer,
1202 1912 1226 1958 ct
1242 1911 1290 1960 buo
1301 1925 1411 1964 reversus
1426 1916 1513 1966 itemm
1533 1929 1547 1965 a
1569 1919 1671 1982 populo,

893 2022 968 2071 quum
982 2012 1006 2060 et
1027 2013 1152 2063 victoriam
1169 2015 1264 2076 publice
1277 2017 1467 2081 renunciassem,
1489 2022 1514 2070 et
1534 2023 1675 2071 Temenidcs

894 2115 1031 2166 Pandioniae
1043 2117 1121 2168 tribus
1135 2121 1256 2178 centurio,
1269 2123 1336 2184 quia
1352 2124 1436 2172 castris
1450 2123 1543 2186 legatus
1557 2126 1605 2175 lruo
1621 2141 1673 2176 rne-

893 2229 948 2266 cum
964 2220 1084 2280 proiectus
1096 2223 1165 2293 erat,
1185 2223 1282 2284 qualem
1301 2225 1325 2273 in
1342 2227 1428 2288 prelio
1444 2240 1483 2277 me
1503 2231 1673 2294 praebuissem,

893 2321 1026 2374 indicasset.
1060 2325 1123 2386 (170)
1135 2327 1195 2384 Quae
1205 2328 1233 2375 ut
1244 2340 1300 2376 rere
1311 2341 1324 2376 a
1335 2341 1373 2378 me
1382 2329 1427 2378 dici
1438 2333 1546 2393 constet,
1559 2345 1617 2396 cape
1635 2335 1673 2386 de·

894 2427 986 2476 cretum
995 2427 1048 2486 boc,
1056 2429 1231 2478 et'remeniden
1239 2433 1559 2484 rometeoscommilitones
1570 2436 1611 2498 qui
1621 2450 1672 2486 me·

894 2545 949 2582 cum
963 2547 1007 2595 pro
1020 2533 1140 2596 republica
1154 2535 1296 2592 rnilitamnt,
1310 2539 1335 2586 et
1347 2537 1490 2588 Phocionem
1502 2540 1670 2603 imperatorem

894 2637 1002 2688 nondum
1012 2640 1166 2701 advocatum,
1176 2641 1219 2690 nisi
1227 2640 1349 2702 judicibus
1360 2643 1438 2693 risum
1447 2646 1527 2707 luerit,
1540 2647 1581 2696 sed
1588 2649 1674 2697 testem

893 2742 1061 2791 calumniatori
1071 2744 1216 2806 obnoxium,
1229 2746 1248 2794 si
1260 2747 1373 2797 mentitus
1385 2749 1465 2797 luerit.

1084 2899 1256 2940 DECRETUH.
1278 2901 1481 2944 TESTIMONIA.

929 3011 979 3055 171.
993 3010 1075 3064 errrm
1090 3008 1159 3069 igitur
1171 3009 1464 3070 primnsnrbisrictoriam
1472 3011 1540 3061 robis
1550 3015 1670 3062 renuncia·

896 3104 955 3161 rim,
968 3103 1128 3152 etliberorum
1139 3107 1271 3153 vestrorum
1281 3118 1411 3167 successus,
1422 3107 1523 3168 primam
1535 3108 1597 3158 lianc
1609 3123 1673 3158 aro-

896 3198 932 3249 bis
940 3199 1040 3262 gratiam
1047 3202 1137 3262 repeto,
1148 3199 1255 3248 utrltam
1264 3213 1343 3250 meam
1353 3203 1478 3264 tueamini,
1486 3217 1563 3266 quum
1572 3219 1619 3254 non
1628 3207 1673 3255 sim

895 3297 985 3360 populo
1003 3296 1127 3360 inimicus,
1145 3299 1416 3359 intremiscendam
1435 3301 1549 3364 improbis
1560 3302 1672 3362 iniustus.

891 3399 980 3462 quippe
993 3401 1034 3462 qui
1048 3401 1127 3449 retem
1142 3413 1186 3450 ros
1201 3402 1368 3450 Dernostlaenis
1379 3405 1481 3464 majores
1498 3405 1586 3454 imitari
1599 3407 1671 3468 (nulli

895 3502 959 3551 enirn
977 3505 1059 3565 siant),
1086 3503 1127 3552 sed
1152 3505 1271 3563 cohorter,
1294 3507 1321 3552 ut
1339 3505 1496 3555 lronestcmm
1515 3507 1672 3557 consiliorum

894 3603 1045 3653 aemulatores
1067 3605 1124 3654 sitis.
1157 3609 1217 3662 Quae
1235 3607 1306 3655 altius
1331 3608 1431 3668 repetita
1452 3609 1523 3671 paulo
1543 3609 1673 3660 dilucidius

879 3703 1033 3768 'explanabe
1067 3708 1132 3768 (171)
1145 3708 1250 3757 Primum
1264 3711 1346 3758 nostra
1356 3711 1413 3760 urbs
1431 3711 1531 3773 gloriam
1541 3717 1670 3762 consecuta

890 3811 926 3859 cst
938 3813 991 3872 post
1001 3811 1086 3861 navale
1098 3817 1182 3862 contra
1195 3816 1291 3862 Persam
1303 3814 1413 3875 prelium
1427 3813 1457 3864 ed
1475 3815 1618 3865 Salaminem
1629 3830 1670 3879 ge·

888 3913 1046 3974 stum,qnnm
1056 3911 1175 3960 maenibus
1184 3925 1198 3960 a
1206 3911 1313 3961 barbaris
1322 3911 1417 3974 dirutis,
1427 3915 1451 3962 et
1461 3927 1519 3975 pace
1528 3927 1585 3962 cum
1594 3917 1669 3964 bace·

888 4011 1012 4060 daemoniis
1021 4013 1309 4072 constituta,libertatem
1318 4013 1579 4062 civitatisretinuimus.
1614 4017 1671 4064 Post

888 4118 902 4152 a
914 4105 1057 4167 quibusdam
1067 4105 1193 4165 concitati,
1204 4105 1315 4165 belloque
1324 4107 1407 4153 cantra
1416 4104 1670 4156 Lacedaemoniossua·

889 4203 972 4263 cepto,
993 4201 1075 4250 multis
1091 4201 1161 4250 malis
1174 4203 1198 4250 ct
1207 4199 1269 4250 datis
1282 4203 1307 4250 ct
1318 4201 1436 4263 acceptis,
1448 4203 1617 4252 intercessione
1629 4209 1669 4256 cl·

888 4301 979 4358 monis,
990 4299 1103 4349 Miltiadis
1116 4300 1171 4362 filii,
1187 4301 1226 4350 cui
1239 4301 1369 4363 hospitium
1386 4302 1437 4350 erat
1450 4313 1506 4354 cunr
1517 4303 1667 4356 Lacedaemo·

887 4405 945 4466 niis,
967 4404 1045 4454 ludria
1061 4418 1179 4454 annorum
1198 4405 1371 4467 quinquaginta
1393 4405 1567 4468 percussimus,
1591 4422 1668 4471 eoque

886 4503 1001 4552 tredecim
1017 4517 1094 4552 annos
1112 4517 1195 4552 aramus
1206 4505 1249 4552 usi.
1284 4505 1347 4564 (17.1)
1365 4507 1533 4568 tloctempore
1548 4507 1666 4556 Piraeeum

886 4615 957 4652 muro
966 4604 1092 4662 cinximus,
1102 4605 1126 4650 et
1133 4603 1343 4664 septentrionalem
1355 4608 1631 4668 murumexstruximns,
1641 4613 1666 4659 et

886 4701 1035 4762 praetereas,
1052 4712 1112 4761 quos
1126 4701 1182 4747 ante
1194 4697 1368 4758 habueramus,
1381 4681 1479 4748 centum
1491 4700 1599 4750 triremes
1610 4703 1665 4752 cedi·

819 4824 826 4844 ν
885 4799 1024 4860 ticarimus,
1035 4802 1060 4848 et
1073 4802 1193 4848 trecentos
1202 4798 1294 4860 amnites
1307 4797 1395 4848 nostris
1405 4798 1480 4860 copiis
1495 4799 1663 4862 adjrrnaimus,

883 4903 1006 4951 trecentos
1019 4903 1076 4950 item
1093 4902 1195 4963 scythas
1208 4901 1342 4963 sagittarius
1363 4901 1461 4950 mercati
1471 4913 1569 4962 sunaus,
1586 4905 1611 4950 et
1624 4916 1662 4965 pc·

26 5021 48 5060 aa
60 4999 241 5078 δημοκρατίαν
256 4997 367 5076 βεόαίως
387 4996 502 5076 είχομεν.
527 4997 755 5078 Παρεμπεσόντων
770 4999 792 5055 δ’
803 5001 839 5064 εἰς
884 4997 967 5059 pulare
986 4997 1111 5058 imperium
1124 4997 1260 5046 constanter
1276 4995 1427 5044 retinuimus.
1443 4999 1523 5054 Quum
1535 4997 1615 5044 antem
1636 4997 1660 5044 in

58 5087 98 5157 rip
108 5087 254 5147 πολιτείαν
266 5089 342 5162 ἡμῶν
354 5087 401 5144 ούκ
413 5084 553 5165 ἐλευθέρων
566 5086 708 5168 ἀνθρώπων
726 5085 770 5144 καί
787 5087 839 5152 τοῖς
886 5092 1057 5155 rempublicam
1068 5093 1172 5140 nostram
1183 5090 1290 5140 immines
1298 5089 1446 5152 noningenni
1456 5102 1500 5138 nec
1510 5088 1625 5140 moderati
1633 5089 1662 5137 ir·
