3934 6350
1099 227 1177 286 111.
1202 227 1304 286 11111
1327 207 1494 286 11111101.

497 374 581 418 νοντο,
599 353 729 425 ’λντιγονίς
743 355 784 407 καί
804 355 942 426 Πτολεμαῒς
957 355 999 408 καί
1015 353 1165 427 Ἆμμωνιύς,
1190 352 1271 421 ἐπειδὴ
1320 354 1474 427 ιύπόμεινε,
1490 377 1500 404 ι
1515 355 1577 408 διὰτ
1632 376 1635 407 1

495 433 648 505 τῷἈμμωνι
658 435 689 485 δι’
701 433 773 500 αὐτῆς
782 434 824 496 τὰς
833 433 1039 506 θνσίσςέταμπον.
1076 435 1209 488 Τούτωνδέ
1223 441 1272 488 τῶν
1316 434 1506 498 σατο,ἐνταῦθα
1516 434 1543 488 δέ
1555 454 1578 488 τι
1632 457 1635 488 :

496 513 563 583 ίεριῖιν
578 513 682 583 τριήρων
699 511 786 578 αθτὴή
807 513 877 575 πόλις
888 513 1031 584 ἐτημελεῖτο
1042 514 1083 567 καλ
1094 514 1212 585 χρήματα
1225 512 1273 566 ἐδί-
1316 514 1407 566 τούτων
1424 514 1493 580 δίκην
1510 513 1579 566 ἔδοσο

494 595 535 644 όου
547 595 600 652 τοῖς
614 593 725 662 ταμίαις,
741 594 804 646 ὥστε
818 591 896 646 αὐτῶν
915 591 1082 664 ἐπιμελεῖσθαι
1097 593 1139 646 καί
1157 594 1272 664 παρέχειν
1316 593 1456 662 ληρθὲννων
1475 592 1506 646 τὰ
1522 593 1565 663 μὲν
1632 615 1635 644 ι

494 672 697 742 ταχυναυτούσας·
736 671 782 724 Καὶ
799 670 857 742 τιμὴ
879 667 950 737 ήντδ
964 673 1057 726 τούτων
1073 675 1138 736 τινδς
1158 672 1273 744 ἐπιμιλη-
1316 691 1354 724 σιν
1378 673 1462 742 μόνον.
1502 672 1581 726 ίίαίτί
1632 675 1635 724 ί

495 752 573 818 θῆναι.
1316 769 1370 803 τον.
1412 747 1528 815 Ἐξήτακε
1546 749 1582 819 γὰρ
1632 751 1635 797 Ξ

528 835 588 902 571),
605 837 631 895 ίς.
648 829 727 884 'om
738 833 862 902 τοιοῦτον]
877 831 960 884 Δεινόν
974 851 998 884 τε
1012 832 1052 884 καί
1064 851 1114 902 μοχ
1116 833 1199 901 θηρόν.
1316 847 1404 889 σαντας
1418 828 1459 880 καί
1478 827 1582 881 κολασθέ
1632 853 1635 890 ς

528 913 589 982 570,
604 912 629 962 5.
645 909 690 962 Ιίαί
702 909 772 964 πόλιν
780 910 920 980 ἵππαρχον]
936 911 1037 971 Φθόσας
1049 909 1096 976 ήδη
1109 907 1152 974 τήν
1168 927 1271 980 στρατη·
1315 907 1426 960 ύποθίαει
1437 908 1510 977 Ι*περί
1522 908 1552 960 τό
1570 929 1583 978 μ
1633 931 1635 958 z

494 991 548 1060 γίαν
569 987 659 1054 ταύτην
678 987 751 1039 αὐτοῦ
766 987 885 1040 διίόαλεν.
924 986 1033 1048 Εἰκότως
1053 982 1096 1040 ούν
1110 986 1228 1058 ἐπήνεγκε
1243 988 1271 1040 τό
1316 987 1385 1048 σίοις.
1411 984 1441 1038 Ὁ
1451 987 1584 1058 μίντοιόήτ

497 1071 699 1140 «δυνάμενον»
749 1066 930 1136 Είγόρούτως
947 1066 1011 1120 ἐστίν
1033 1064 1135 1132 ἀσθενὴς
1154 1067 1273 1120 ὥστεκαὶ
1316 1067 1370 1119 καθ’
1384 1067 1496 1138 ἑκάτερον
1511 1065 1575 1119 εἶναι
1632 1087 1635 1118 1

494 1147 528 1201 ἐπ’
541 1147 661 1218 όστρόόης
675 1146 804 1216 ὀχεῖσθαι,
820 1145 897 1211 δῆλον
910 1145 948 1198 δτι
963 1145 1127 1212 ἀνεπιτήδειός
1146 1143 1197 1198 ἐστι
1214 1145 1273 1216 πρός
1352 1146 1398 1200 ίίαί
1411 1146 1532 1213 θσωνήδη
1544 1166 1586 1200 κατ
1632 1166 1635 1200 1

493 1226 520 1278 τό
533 1229 689 1296 στρατηγεῖν.
1315 1225 1402 1287 λοντος
1419 1226 1562 1280 ἀνίστασθαι
1582 1245 1586 1256 ·

530 1303 659 1374 ’θχεῖσθαι
678 1303 718 1355 διδ
729 1307 771 1368 τῆς
783 1302 889 1372 ἀγορᾶς]
901 1301 974 1364 Ἔθος
993 1301 1041 1374 γὰρ
1057 1297 1087 1369 ἤν
1102 1303 1127 1356 ἐν
1140 1306 1194 1366 ταῖς
1207 1323 1272 1374 πομ-
1315 1304 1492 1376 ήμαρτηκότων
1505 1305 1530 1358 ἐν
1544 1308 1587 1357 ταῖ
1632 1339 1633 1346 1

493 1385 548 1445 παῖς
556 1385 717 1453 προηγεῖσθαι
731 1383 785 1444 τοίας
796 1382 925 1452 ἄρχοντας.
972 1382 1006 1433 Οὐ
1020 1387 1062 1448 τῆς
1076 1381 1209 1452 ἐπιστήμης
1228 1379 1271 1437 οὖν
1317 1385 1430 1438 θισθῶσιν
1443 1383 1475 1446 είς
1491 1383 1587 1454 όγανόκ
1632 1405 1634 1428 ³

493 1463 562 1532 χάριν
577 1461 631 1514 υύδέ
651 1465 693 1527 τῆς
713 1463 799 1530 τέχνης
819 1461 954 1531 τετίμηται·
979 1465 1095 1513 τοσοῦτον
1114 1460 1162 1532 γαρ
1188 1459 1273 1531 ἐπίχει
1355 1465 1414 1531 571.
1434 1465 1475 1517 13.
1494 1463 1589 1534 Πρῶτοι
1632 1465 1635 1510 1

493 1541 579 1608 ταύτης
596 1542 655 1594 ὥστ’
678 1541 729 1592 οὐδ’
751 1541 775 1593 ἐν
799 1539 882 1612 εἰρήνη
896 1539 976 1602 καλῶς
995 1538 1138 1610 ἐποχεῖσθαι
1157 1541 1273 1614 τῷίτστῳ
1316 1544 1471 1612 παράδειγμα
1484 1541 1531 1595 ἀπδ
1544 1545 1586 1594 τοῦ
1632 1560 1635 1592 :

492 1620 552 1672 κατὰ
563 1619 607 1685 τήν
619 1619 712 1691 ἐγορόν
724 1637 782 1672 ποτε
795 1620 932 1685 δεδύνηται.
1355 1621 1540 1690 571,16.Τοῦ
1558 1619 1590 1672 θε
1632 1661 1633 1668 ,

528 1699 588 1766 570,
604 1715 628 1767 7.
649 1695 796 1768 Ἱεροποιδν]
817 1697 865 1749 Τόν
878 1697 1054 1752 ἐπισκοποῦντα
1069 1697 1100 1750 τό
1113 1697 1221 1768 θύματα,
1239 1696 1271 1769 μή
1316 1699 1349 1760 ὡς
1362 1703 1405 1752 τοῖν
1420 1697 1542 1768 Εύόνδρου
1564 1695 1591 1748 λί
1633 1721 1635 1744 1

492 1774 597 1846 ἐδόκιμα
619 1775 747 1846 καὶπηρό.
786 1777 886 1844 Βούνην
906 1776 933 1828 δέ
950 1775 992 1828 τδν
1010 1776 1149 1848 ὠνούμενον
1170 1777 1227 1847 βοῦς
1241 1775 1274 1838 είς
1317 1779 1383 1840 ξίνον
1406 1775 1521 1849 ἐνόμισαν
1543 1775 1592 1828 θεσ
1632 1796 1635 1825 ι

492 1853 634 1925 τόςὶορτός.
1317 1857 1390 1920 ξένοις
1402 1857 1515 1928 ἐμπόροις
1529 1857 1590 1908 θπου
1633 1879 1635 1898 ι

490 1946 495 1964 ·
528 1935 588 2002 ⁵7⁰·
609 1939 635 1990 8.
656 1934 706 2001 Τήν
720 1938 763 2001 τῆς
780 1934 872 2006 ρύσεως
886 1935 972 1988 κακίαν
992 1935 1035 1988 καί
1050 1933 1196 2007 ὰνανδρίαν]
1218 1933 1273 1989 ’ίπ-
1354 1935 1522 2006 Ιίαρόςτινος]
1551 1931 1594 1987 Ὗτ.
1632 1933 1635 1984 Ξ

491 2033 585 2083 παρ-χον
601 2013 643 2084 μέν
666 2013 737 2066 αύτόν
752 2013 967 2083 χειροτονήσαντες
988 2011 1033 2078 τὴν
1052 2012 1145 2066 δειλίαν
1165 2012 1273 2083 ἐπηνωρ-
1319 2035 1390 2086 μενος
1401 2016 1442 2069 καὶ
1452 2017 1518 2088 θμως
1529 2014 1557 2066 ού
1570 2033 1594 2067 πι
1632 2041 1634 2076 γ

491 2093 615 2158 θύσαντα,
631 2091 751 2162 ἱεροποιόν
764 2091 790 2144 δέ
803 2092 844 2144 καί
854 2092 991 2164 μυστηρίων
1002 2089 1151 2164 ἐπιμελητήν
1159 2091 1273 2163 ἐλόμενοι
1355 2095 1415 2163 571,
1444 2111 1489 2150 α1,
1517 2093 1595 2146 ίίαταδ
1632 2113 1635 2142 ι

490 2169 534 2236 τὴν
550 2171 667 2241 πονηρίαν
682 2169 820 2241 ήμόλυναν.
1318 2173 1382 2226 ἄλλο
1403 2173 1596 2242 καταδικασάμεν
1632 2211 1635 2225 .

527 2251 587 2319 5711,
611 2250 652 2302 15.
669 2251 808 2318 Κυζικηνῶν
822 2249 915 2320 ήπρασε
935 2249 1021 2304 πλεῖον
1041 2251 1057 2316 ή
1079 2251 1159 2320 πέντε]
1177 2249 1219 2304 Ἐν
1239 2256 1274 2322 τῷ
1317 2253 1496 2312 ταδικαζόντων
1511 2251 1597 2302 δικαστ

491 2336 638 2402 συμμαχικῷ
652 2331 752 2401 πολίμῳ
762 2329 907 2402 ἐψηφίσαντο
935 2328 1058 2396 Ἀθηναῖοι
1081 2328 1208 2396 ληίζεσθαι
1218 2331 1273 2392 τούς
1317 2348 1360 2390 κας
1374 2329 1416 2382 καί
1429 2327 1598 2400 αίτίωνγινομ
1632 2355 1635 2378 ι

491 2409 613 2462 θόλατταν
636 2409 766 2472 πλέοντας,
786 2409 831 2460 κέν
859 2407 961 2478 ἔμποροι
983 2405 1039 2470 ὦσι,
1062 2413 1111 2460 τῶν
1135 2407 1271 2479 πολεμίων.
1318 2427 1353 2460 νει
1369 2407 1398 2461 τδ
1415 2407 1499 2479 ῥητόν.

490 2488 642 2558 ίίαρατνχὼν
660 2482 703 2540 σύν
718 2487 831 2559 ἐμπόροις
850 2489 993 2553 Κυζικηνοῖς
1010 2487 1122 2558 ἀφείλετο
1140 2487 1218 2540 αὐτῶν
1241 2489 1273 2550 ύις
1355 2487 1415 2553 571,
1439 2487 1482 2538 23.
1510 2485 1599 2556 Τοῖςμ
1633 2505 1635 2514 ⁴

490 2565 615 2636 πολεμίων
627 2566 657 2620 τὰ
675 2567 799 2636 χρήματα.
847 2567 877 2618 Οί
891 2567 917 2619 δέ
930 2566 1041 2628 ἐλθόντες
1053 2566 1085 2628 εἷς
1102 2565 1200 2632 Ἀθήνας
1214 2565 1272 2619 ἀπε·
1318 2563 1403 2634 ἑορτὴν
1420 2565 1552 2636 πρόόλημα
1571 2583 1600 2616 κα
1633 2589 1635 2611 ι

490 2646 709 2707 δείκνυσαναύτοῖς
722 2645 804 2716 φιλίαν
820 2645 976 2716 ύπόρχσυσαν
989 2645 1047 2716 πρός
1061 2643 1105 2710 τήν
1120 2645 1202 2699 πόλιν.
1244 2644 1273 2697 Ὁ
1317 2641 1436 2712 όρθήναι,
1452 2642 1564 2704 κακεῖνος
1576 2643 1601 2701 ὡς
1632 2645 1635 2692 Ξ

490 2724 516 2777 δὲ
530 2725 629 2786 Μειδίας
648 2726 719 2796 μέχρι
731 2724 848 2777 τοσούτου
866 2723 989 2788 ἀντεῖπεν,
1011 2726 1057 2786 ἕως
1072 2725 1152 2778 ἔπεισε
1166 2723 1199 2795 μὴ
1214 2723 1273 2777 ἄπο·
1317 2739 1376 2790 αχεν
1387 2721 1515 2791 ὀργισθείς.

489 2805 574 2855 δοῦναι
590 2803 853 2878 αθτοῖςτθχρήματκ.
890 2803 1118 2865 Οίδέόπελθόντες
1136 2805 1273 2871 ἀπέστησαν
1354 2799 1414 2867 571,
1430 2798 1603 2869 Ἅθ-Τῦθόἒπξ
1632 2799 1635 2850 ἶ

489 2881 534 2948 τὴν
551 2881 641 2935 ἑαυτῶν
659 2883 771 2952 πατρίδα.
811 2883 869 2936 Κατ’
893 2883 966 2955 όμρω
983 2879 1093 2946 ούντοθς
1112 2885 1200 2954 ἄνδρας
1219 2883 1273 2950 ἠδί-
1318 2878 1416 2950 θανάτῳ
1428 2877 1604 2949 περιθαλεῖψι
1632 2881 1635 2928 ί

489 2981 563 3030 κησε,
580 2963 621 3016 καί
631 2963 662 3016 τίς
673 2963 790 3033 χρήματα
803 2963 887 3016 λαόῖυν
904 2963 989 3025 καλεῖς
1004 2963 1095 3034 ἐχθραν
1110 2963 1236 3034 ἐμόαλιύν.
1317 2958 1444 3019 καυθέντος
1457 2959 1561 3029 ῖῑμωρίᾳ
1574 2977 1602 3010 το
1632 2959 1635 3008 ί

468 3101 480 3124 ⁸
526 3043 587 3110 570,
605 3059 644 3112 17.
658 3042 806 3113 Περιωθῶν]
824 3043 961 3113 Περιόγων.
976 3045 1006 3094 Β.
1318 3038 1373 3107 τέρᾳ
1387 3038 1558 3109 καταδίκη,ήν
1571 3037 1605 3090 ύπ
1632 3077 1635 3086 .

527 3121 587 3188 57ο,
608 3123 648 3175 18.
662 3121 794 3192 Συγχέων]
810 3121 886 3174 ίίινῶν
906 3121 948 3173 καί
965 3121 1133 3190 συνταράττων
1145 3119 1187 3172 καί
1204 3119 1273 3173 όναι·
1318 3116 1346 3167 τὸ
1361 3116 1495 3185 πρότερον,
1509 3117 1606 3186 αυνδρση
1634 3135 1635 3146 ’

490 3204 554 3270 ρῶν,
567 3199 611 3250 ἵνα
628 3197 660 3270 μή
671 3198 799 3253 ἐπαιτοῖτο
813 3199 843 3252 τύι
855 3199 980 3271 χρήματα.
1318 3195 1359 3248 καί
1373 3196 1459 3265 μηκίτι
1469 3195 1601 3261 ἀπαιτῆσαι
1632 3195 1634 3244 ί

528 3277 587 3347 570,
602 3295 646 3333 21.
661 3279 788 3340 Τοιούτους
807 3280 854 3341 θείς
875 3281 978 3350 νόμους]
993 3277 1024 3332 Οί
1041 3279 1084 3350 μέν
1096 3279 1152 3342 τούς
1168 3279 1271 3350 λόγους,
1354 3274 1415 3342 571,
1429 3291 1473 3344 ²9·
1487 3275 1533 3326 Καὶ
1545 3294 1607 3344 πρῠῦ
1632 3293 1634 3302 ’

490 3357 533 3418 υθς
550 3356 604 3410 εἷπε
620 3357 682 3411 κατίι
696 3365 743 3412 τῶν
764 3359 869 3425 ίππέων,
897 3358 1014 3413 ἐκόλασαν
1036 3360 1138 3429 νόμους,
1158 3359 1182 3412 οί
1199 3360 1224 3414 δέ
1242 3365 1274 3431 τῇ
1318 3351 1414 3422 ἀφεῖναί
1432 3351 1476 3418 ἲθί
1490 3354 1607 3419 καταδίκη

490 3435 594 3506 ἀληθεία
614 3436 733 3491 ύπέλαόον
749 3439 871 3492 τεθεῖσθαι
890 3441 978 3509 νόμους
999 3439 1033 3499 ύις
1046 3438 1074 3490 ού
1092 3440 1171 3491 δεῖται
1182 3439 1273 3494 ἱππίων
1318 3429 1360 3482 τὸν
1375 3429 1511 3500 Εὔανδρον,
1534 3429 1609 3482 “lm

489 3513 597 3578 ἡπόλις·
623 3517 812 3586 καταισχύνουσι
825 3509 873 3590 Ιγὰρ
894 3517 978 3584 αύτήν.
1026 3517 1098 3579 Ἴσως
1112 3517 1135 3569 δ’
1150 3518 1272 3586 ἐποίησεν,
1318 3508 1395 3570 ἄλλαι
1408 3509 1497 3575 mm!
1514 3509 1605 3577 &4625

489 3590 533 3642 ἵνα
546 3589 579 3661 μὴ
591 3592 758 3662 στρατεύηται,
1318 3585 1362 3652 τὴν
1376 3587 1453 3656 κρίσιν
1469 3586 1579 3652 Ἀθήνησι
1593 3605 1610 3638 κ

528 3669 643 3740 Ἐξαρνος
659 3666 706 3742 ἦν]
720 3673 842 3740 Φοόηθείς
858 3673 905 3744 γὰρ
918 3672 962 3738 τήν
974 3673 1123 3744 κατηγορίαν
1139 3672 1218 3744 ίρριψε
1234 3673 1275 3726 καί
1319 3665 1391 3718 αθτθν
1402 3664 1505 3720 ἐκτῖσαι.

494 3745 572 3816 όρῆκε
583 3749 749 3820 τοθςνόμους.
1112 3746 1116 3758 ’
1355 3745 1416 3813 57α,
1433 3761 1458 3797 α.
1477 3742 1519 3805 Είς
1535 3743 1578 3813 μέν
1592 3739 1611 3794 οί

529 3827 590 3892 550,
602 3828 645 3882 23.
660 3827 720 3880 Ὅτε
735 3827 779 3893 τὴν
797 3827 836 3882 ἐπὶ
847 3828 967 3895 θηόαίους
983 3827 1082 3899 ἔξοδον]
1101 3827 1215 3899 Ἐγόνιτο
1228 3827 1275 3900 γὰρ
1318 3822 1388 3892 ῥηθὲν
1405 3824 1559 3893 παράδειγμα
1578 3820 1611 3874 ἇπ

492 3905 533 3956 καί
544 3904 584 3956 διὰ
598 3906 639 3958 τόν
650 3905 810 3978 Πλούταρχον
823 3907 899 3978 ἐτίρα.
1320 3901 1428 3954 ίόιωτικίι
1440 3907 1488 3954 τῶν
1503 3901 1612 3972 δημοσίω

528 3984 588 4053 571),
610 3990 653 4048 κύ.
679 3987 779 4039 Διύκεκα
797 3990 840 4053 τῆς
861 3987 955 4048 πόλεως
976 3985 1101 4056 τάλαντα]
1127 3984 1276 4040 λντιπῖπτον
1356 3983 1417 4050 572,
1431 3983 1455 4035 3.
1466 3981 1588 4052 Οδδεμιῖις
1597 3981 1613 4034 θ

492 4061 578 4114 ἔλυσεν
592 4086 603 4112 ι
618 4063 661 4116 ούκ
676 4061 782 4129 ἠδύνατο
796 4065 868 4119 πλεῖν
880 4065 896 4132 η
912 4065 1009 4136 τριήρης
1019 4071 1055 4136 τῷ
1069 4063 1102 4136 μὴ
1114 4064 1201 4117 λαόεῖν
1213 4067 1276 4137 χρή.
1320 4059 1435 4130 θὸρισεν,
1451 4059 1517 4114 ἆλλίι
1535 4063 1614 4130 κακία,

495 4163 506 4189 ι
523 4159 587 4208 ματα
599 4142 663 4211 παρὰ
676 4147 719 4208 τῆς
729 4143 823 4205 πόλεως
839 4143 872 4206 είς
881 4143 925 4209 τήν
938 4143 1076 4208 ἐπισκευήν.
1096 4165 1106 4192 ι
1128 4141 1157 4196 ‘0
1171 4144 1197 4197 δέ
1211 4143 1274 4212 ιίπε,
1320 4141 1361 4194 καὶ
1376 4138 1460 4210 ἐπάγει
1475 4139 1578 4194 ἐπαινῶν
1589 4140 1614 4191 όν

493 4219 593 4288 καὶμὴν
607 4223 701 4274 δώδεκα
714 4223 824 4277 τάλαντα
839 4223 933 4295 είλήρει
941 4264 948 4289 ,
968 4225 1015 4278 ὅσα
1025 4224 1102 4286 οθδείς
1113 4225 1202 4294 ἐτερος.
1320 4218 1413 4291 φυλακή
1427 4226 1474 4274 τῶν
1490 4221 1583 4290 νόμων.

530 4299 591 4365 570,
605 4316 649 4368 ²9·
663 4299 714 4365 Τὴν
727 4301 792 4372 ἱερὰν
805 4303 890 4373 τριήρη
901 4305 1088 4374 παρεσκευάκει]
1104 4303 1153 4356 Τοῦ
1166 4305 1278 4373 διαπορθ-
1357 4300 1419 4369 57α,
1443 4321 1469 4370 9.
1495 4297 1597 4368 Ἕτερος

495 4375 575 4444 μεύιιν
590 4376 630 4430 ἐπί
642 4379 685 4432 τόν
701 4379 820 4450 πόλεμον.
857 4381 961 4446 Διοκλῆς
977 4381 1003 4434 δέ
1017 4383 1152 4452 στρατηγός
1169 4377 1199 4448 ήν
1209 4381 1223 4434 ὁ
1234 4382 1276 4434 λύ-
1320 4376 1416 4447 όμοίου·
1430 4377 1482 4430 ἐστι
1495 4376 1521 4430 δέ
1536 4376 1583 4430 όπδ
1602 4395 1616 4428 τ

495 4471 537 4514 σας
558 4453 600 4504 τόν
614 4457 672 4526 πρός
685 4455 805 4523 θηόαίους
814 4457 924 4530 πόλεμον
936 4461 989 4520 ταῖς
999 4461 1122 4521 σπονδαῖς.
1297 4501 1303 4550 γ
1321 4459 1407 4526 θμοισν
1423 4455 1466 4527 μέν
1480 4455 1543 4510 κατὰ
1556 4456 1617 4510 πόνει

532 4531 593 4599 571,
613 4551 635 4585 1.
654 4531 719 4586 Ἀλλ’
736 4535 812 4588 ίππον
831 4535 874 4588 οθκ
889 4534 1000 4608 ἐτόλμα]
1023 4535 1117 4590 Οὐκοῦν
1136 4537 1168 4599 εἰς
1181 4537 1224 4609 μίν
1237 4537 1278 4600 τὰς
1320 4534 1434 4587 Διονύσια
1445 4551 1618 4604 καταχειροτον

495 4609 556 4672 ἰδίαις
565 4611 652 4682 τρυφύς
665 4612 768 4684 θπόρχει
784 4613 928 4684 φιλότιμος,
949 4613 981 4675 είς
999 4613 1024 4668 δέ
1045 4615 1087 4678 τύις
1098 4615 1180 4677 κοινός
1196 4615 1278 4686 χρείας
1320 4621 1356 4686 τῷ
1369 4612 1402 4686 μὴ
1415 4613 1534 4668 είσιλθεῖν
1548 4613 1581 4674 είς
1594 4615 1619 4666 δι

497 4689 562 4744 ούτω
584 4691 729 4764 μικρολόγος
752 4694 815 4746 ὥστε
839 4693 900 4765 μηδέ
917 4695 993 4748 {mov
1018 4695 1175 4761 ὠνήσασθαι,
1200 4696 1278 4748 καίτοι
1321 4693 1369 4748 όπδ
1381 4697 1424 4760 τῆς
1441 4693 1562 4754 ἐκδόσεως
1579 4691 1620 4746 όσί

492 4769 618 4840 ἵππαρχον
632 4771 700 4829 ὄντα.
1321 4775 1410 4828 τίθεικε
1421 4779 1469 4826 τῶν
1485 4771 1620 4842 ίσχυριῖνντι

532 4849 579 4917 571
585 4889 592 4914 ,
605 4854 632 4904 8.
646 4851 770 4922 Βούλομαι
787 4853 886 4924 τοίνυν]
902 4850 952 4918 Τὴν
972 4851 1125 4919 πηλικότητα
1142 4852 1277 4924 ἐπιλογίζε-
1321 4853 1403 4924 (τοῖς)
1419 4851 1529 4923 χρήμασι
1545 4850 1587 4904 καί
1598 4867 1619 4906 τι

496 4947 545 4982 ται.
587 4927 686 4996 Ἐπειδὴ
696 4931 744 5002 γύρ
754 4931 780 4986 ἐν
796 4931 876 5004 ἐκείνη
887 4932 960 5002 φησίν
975 4931 1100 4993 όΜειδίας
1112 4933 1150 4985 ότι
1169 4953 1179 4980 ι
1193 4932 1218 4984 τί
1231 4932 1278 5002 γὰρ
1321 4934 1501 4988 ταδικασθέντα.

499 5029 510 5056 ι
526 5009 614 5080 γέγονι
624 5009 719 5076 δεινὸν,
732 5012 773 5064 καί
783 5013 817 5075 τίς
829 5031 887 5067 ποτε
902 5011 941 5067 ἐπὶ
950 5011 1066 5076 τοιούτοις
1076 5013 1196 5084 δημοσίαν
1208 5013 1277 5080 δίκην
1358 5015 1419 5083 57α,
1435 5029 1475 5066 1ο.
1491 5009 1618 5081 Παρεδρεύι

595 5116 722 5159 ommes.
733 5119 758 5155 u.
