3934 6350
550 427 614 488 XX.
636 427 740 488 ΠΡΟΣ
760 428 967 492 ΛΕΠΤΙΝΗΝ.
1583 456 1641 510 888

22 559 154 626 Λεπτίνην
170 557 213 612 τδν
226 558 320 628 νόμον,
339 557 397 610 ἀλλ’
410 557 536 626 ἀλήθειαν.
575 559 610 613 Ἦ
627 560 655 614 οὗ
670 561 745 632 λόγος
760 561 815 614 ἀντί
860 561 969 625 οίκείως·
987 563 1025 617 ἀεί
1039 565 1086 637 γάρ
1098 568 1139 620 καὶ
1155 574 1203 622 τῶν
1216 575 1306 642 καιρῶν
1324 573 1366 624 καί
1385 577 1433 626 τῶν
1446 578 1582 646 προσώπων
1600 579 1642 632 καί

21 645 70 694 τοῦ
81 640 112 692 (εὖ
121 640 228 711 φροντίς·
243 639 324 691 TCV·
858 646 907 694 τῶν
920 649 1008 713 χρειῶν
1021 647 1061 697 δεῖ
1072 649 1245 717 στοχάζεσθαι.
1288 649 1386 718 Ἐπειδὴ
1397 653 1502 708 Πλάτων
1512 656 1554 708 καί
1567 657 1642 710 άλλοι

63 719 145 781 Λύτδς
157 718 236 789 θέτω]
249 715 451 778 Ούτωςέδέξαντό
465 735 543 781 τινες,
559 717 598 772 δτι
617 718 747 774 ύπιύθυνσν
760 719 815 772 ίαν-
858 721 950 774 πσλλοί
962 724 1004 776 καί
1020 723 1065 790 τήν
1084 723 1231 798 ὀλιγαρχίαν
1249 729 1348 796 καλιήν
1365 732 1490 786 πολιτείαν
1504 733 1549 800 τήν
1566 740 1642 790 Am.

22 800 71 853 τδν
92 797 249 864 καταστήσας
266 797 399 867 κυρωσάτω
413 796 456 849 τόν
476 795 578 863 ἑαυτοῦ,
599 797 620 852 εί
642 801 728 871 θαρρεῖ
739 799 812 872 αύτῷ.
859 800 991 872 δαιμονίων
1005 807 1049 870 τῆς
1062 805 1226 876 δημοκρατίας
1241 810 1395 880 προχρςηοω,
1413 812 1454 865 ,αγ
1468 816 1511 880 τῆς
1524 815 1579 885 mp'
1594 813 1642 869 ἑτέ,

21 881 115 933 ch.
697 893 700 898 '
859 897 908 949 ρσις
919 881 1018 950 κρίσεως
1032 881 1214 954 ἐμνημόνευσε,
1229 886 1336 958 μάλιστα
1357 889 1400 960 μέν
1414 889 1539 954 ἀποδείξας
1550 891 1575 946 έν
1588 896 1641 955 τοῖς

63 957 131 1020 488,
141 960 168 1008 6.
183 953 258 1026 Ἐμοί
264 955 297 1020 δ’,
308 951 330 1008 ώ
340 955 425 1026 ἄνδρες
439 953 577 1028 Ἀθηναῖοι]
591 955 692 1012 Ἐθικδν
706 959 748 1032 μέν
758 979 816 1032 τυγ·
858 959 961 1027 πρώτοις
981 961 1117 1028 καλλίστην
1132 961 1177 1028 τήν
1195 965 1376 1036 δημοκρατίαν·
1393 967 1448 1022 είτα
1462 971 1504 1022 καί
1525 971 1555 1024 τδ
1578 972 1639 1026 κατὰ

23 1036 103 1104 χάνει
118 1034 148 1088 τδ
163 1033 681 1108 ίννόημα,,προσείληφιδέκαλτδπικρόν.
718 1039 752 1092 Th
767 1039 815 1110 γὰρ
860 1040 1035 1110 συγχώρησιν,
1051 1040 1074 1095 εί
1084 1041 1131 1113 ἀρα
1142 1043 1185 1096 καί
1198 1045 1260 1098 κατὰ
1272 1045 1315 1098 τὸν
1326 1045 1448 1119 λογισμὸν
1463 1047 1546 1103 έκεῖνο
1554 1053 1639 1122 φανείη

25 1113 62 1185 μὴ
79 1113 246 1183 ἀνεγνωκέναι
255 1111 336 1183 λέγειν
350 1112 406 1174 τούς
416 1112 529 1176 Σόλωνος
539 1116 669 1185 νόμους,ή
685 1115 718 1188 μή
734 1120 815 1171 συνεῖ-
861 1117 969 1187 βιλτίω,
989 1119 1047 1172 ἀλλ’
1066 1116 1109 1175 ούν
1130 1142 1160 1193 γε
1188 1124 1264 1194 τύχης
1291 1125 1363 1178 ῖνεκα
1381 1125 1412 1180 τά
1429 1132 1478 1180 τῶν
1508 1126 1639 1196 ’Λθηναίων

24 1213 86 1256 ναι,
103 1191 148 1244 ούκ
157 1191 312 1258 ἀπήλλακται
321 1195 365 1244 τοῦ
378 1191 522 1258 πληκτιαοῦ.
535 1195 616 1249 ch.
858 1197 969 1267 κρείττω.
981 1201 1062 1256 TCV.

64 1275 130 1337 488,
150 1291 176 1342 7.
192 1271 238 1323 ίίαί
254 1289 296 1342 μοι
311 1271 370 1342 πρὸς
393 1271 589 1344 Διὀς]Τῷήθει
603 1273 711 1337 δελεάζει
729 1274 812 1330 αύτόν.
894 1279 956 1345 489,
982 1280 1008 1334 8.
1033 1279 1095 1333 Λύτδ
1109 1279 1157 1351 γὰρ
1171 1284 1243 1333 τοῦτο
1257 1288 1370 1352 πρῶτον,
1391 1285 1406 1336 δ
1425 1289 1467 1338 νῦν
1485 1283 1552 1339 οὗτοι
1568 1287 1638 1354 ποιή-

23 1353 112 1404 TCV.
858 1359 943 1424 σονσι]
965 1356 1158 1428 Συγκρουστικθν
1181 1361 1277 1432 νόημα·
1302 1361 1429 1432 παροξύνει
1451 1364 1499 1436 γὰρ
1524 1365 1580 1427 τούς
1604 1369 1640 1418 δι-

65 1433 132 1495 488,
148 1432 174 1484 8.
195 1427 231 1480 Ἠ
247 1427 291 1481 οίικ
304 1426 467 1498 ἀνεγνωκέναι
480 1427 536 1490 τούς
547 1427 661 1490 Σόλωνος
674 1430 777 1501 νόμους,
797 1431 813 1497 ή
857 1433 947 1495 καστάς
963 1434 1003 1487 διὰ
1020 1437 1113 1491 τούτων
1130 1437 1256 1508 ἐντεῦθεν,
1268 1437 1311 1492 ἵνα
1325 1441 1447 1510 βεόαιώση
1464 1443 1503 1496 δτι
1520 1439 1637 1506 ήκουσαν.

26 1510 58 1562 ού
79 1505 291 1581 σανιίναι]”ίν’ᾖ
314 1508 343 1561 τί)
358 1507 400 1579 μέν
415 1511 458 1575 τῆς
476 1508 583 1579 φύσεως,
598 1509 626 1562 τδ
641 1508 667 1562 δέ
680 1513 724 1576 τῆς
745 1510 815 1582 ῥρθυ-
856 1511 938 1567 TCV.
1434 1497 1439 1514 ¹

27 1591 98 1659 μίας.
136 1587 174 1640 Ἢ
191 1587 238 1658 γάρ
252 1587 297 1640 ούκ
308 1585 415 1658 ἀνέγνως
426 1587 457 1638 δι’
474 1585 603 1657 ἀμέλειαν·
624 1586 646 1640 εί
660 1587 683 1639 δ’
694 1585 814 1660 ἀναγνούς
892 1594 955 1662 489,
973 1593 1015 1646 13.
1031 1591 1150 1647 Είτακαί
1169 1595 1357 1666 Λακεδαιμόνιοι
1373 1602 1421 1652 τῶν
1442 1599 1485 1671 μέν
1503 1602 1638 1673 τοιούτων]

25 1670 74 1721 ούκ
87 1668 206 1734 ἐνόησας,
217 1665 296 1732 νωθής
307 1664 331 1719 εί
343 1665 405 1718 κατὰ
416 1667 496 1736 φύσιν.
508 1668 590 1720 TCV.
859 1669 914 1722 Τῶν
937 1670 998 1724 έθῶν
1015 1677 1063 1726 τῶν
1078 1674 1134 1744 παρ’
1154 1673 1215 1745 ἡμῖν
1233 1675 1275 1727 καί
1287 1679 1331 1742 τῆς
1347 1677 1479 1740 πολιτείας.
1517 1677 1589 1733 θέλει
1613 1681 1640 1734 δέ

66 1751 131 1811 488,
142 1763 184 1802 10.
196 1744 303 1808 Ἐζεῖναι
312 1747 396 1798 δοῦναι
405 1745 435 1799 τά
443 1744 546 1817 ίαυτοῦ]
560 1744 725 1818 Ἐπιχείρημα
735 1747 762 1801 έκ
770 1751 814 1800 τοῦ
857 1745 933 1800 εἰπεῖν
945 1749 983 1802 ότι
993 1757 1082 1821 τιμῶσι
1092 1753 1135 1823 μέν
1150 1755 1347 1826 Λακεδαιμόνιοι,
1361 1754 1409 1826 ούχ
1420 1757 1511 1829 ὁμοίοις
1523 1758 1549 1812 δέ
1562 1759 1634 1831 ἡμῖν,

27 1827 175 1886 ἐλάττονος·
194 1823 243 1895 ίδίᾳ
256 1823 304 1895 γὰρ
317 1824 417 1886 ἕκαστος
428 1827 471 1878 τοῦ
485 1827 568 1878 κοινοῦ
586 1823 705 1878 ἀλάττων.
743 1827 813 1897 Λέγει
857 1823 938 1892 έπειδή
948 1827 1002 1882 ούδέ
1015 1830 1106 1901 ὁμοίως
1118 1831 1297 1886 πολιτεύονται.
1308 1835 1388 1889 TCV.

27 1903 221 1969 δὲότιάτοπον,
235 1901 281 1956 είό
296 1901 434 1973 μίνΣόλων
449 1901 711 1976 θζουσίανίνίέκάστῳ
724 1905 813 1958 δέδωκε
891 1909 954 1975 489,
981 1907 1022 1960 τό.
1040 1909 1078 1970 Ἃς
1092 1907 1212 1971 ἀπεύξαιτ’
1227 1911 1272 1982 ἀν]
1296 1909 1339 1973 τάς
1351 1912 1407 1982 παρ’
1426 1911 1525 1967 θκείνων
1549 1917 1635 1987 τιμάς·

27 1989 80 2036 τῶν
96 1981 199 2044 ἑαυτοῦ,
213 1982 244 2034 σύ
257 1979 284 2034 δέ
294 1979 339 2046 τήν
355 1980 426 2035 πόλιν
439 1979 484 2047 τὴν
500 1981 599 2052 μείζονα
617 1983 746 2053 στερίσκεις
763 1989 812 2038 τῶν
857 1983 946 2054 σχεδόν
959 1984 1007 2058 γάρ
1020 1987 1130 2058 τυραννίς
1143 1986 1159 2055 ή
1172 1989 1243 2059 τιμή.
1256 1991 1337 2042 TCV.

28 2061 127 2126 ἑαυτῆς·
137 2063 218 2114 TCV-
891 2067 955 2134 489,
976 2082 1018 2134 17.
1031 2066 1080 2128 Τὰς
1092 2066 1135 2138 μέν
1151 2068 1205 2120 καθ’
1224 2069 1327 2121 ἕκαστον
1342 2067 1425 2140 έάσω]
1439 2069 1568 2141 Σοφίζεται
1580 2073 1639 2144 πρὸς

67 2141 131 2202 488,
154 2155 195 2192 τι.
222 2137 277 2208 Ούχ
295 2137 330 2190 ἵν’
353 2135 506 2209 ἀποστερήσῃ
518 2138 574 2200 τούς
587 2137 714 2209 ἐγγυτάτω
727 2142 811 2212 γένει]
856 2142 885 2193 τδ
898 2141 1044 2198 λυσιτελοῦν
1058 2145 1166 2199 ἅπαντα·
1183 2141 1246 2213 ήσαν
1263 2145 1312 2217 γάρ
1330 2147 1386 2217 παρ’
1409 2145 1507 2211 έκείνοις
1526 2151 1638 2221 στέφανοι

28 2224 75 2286 τῆς
95 2219 236 2290 συγγενείας
249 2218 347 2271 καὶτοῦ
369 2217 471 2288 κλήρου.
513 2216 628 2288 Ἐγίνετο
651 2218 699 2290 γὰρ
719 2219 759 2272 καί
773 2219 813 2272 διά
856 2218 898 2272 καὶ
906 2221 1021 2288 σιτήσεις,
1036 2225 1117 2294 ὥσπερ
1133 2223 1175 2277 καί
1183 2225 1239 2294 παρ’
1258 2223 1402 2292 Ἀθηναίοις,
1415 2228 1507 2296 σαφεῖς.
1519 2227 1600 2280 TCV.

28 2307 75 2364 τῆς
88 2300 178 2360 δόσεως
190 2303 239 2350 τιῖιν
255 2297 391 2368 χρημάτων
406 2297 495 2366 σχεδδν
517 2295 637 2368 συγγενής
659 2300 811 2371 τῇγνώμη,
891 2305 954 2371 489,
977 2319 1017 2372 19.
1033 2303 1179 2374 Γερονσίαν]
1194 2303 1293 2375 Ὄνομα
1318 2303 1396 2375 ἀρχῆς
1412 2303 1477 2375 παρά
1491 2305 1639 2376 Λακεδαιμο-

32 2377 57 2431 εἶ
69 2397 100 2448 γε
113 2377 155 2430 καί
171 2374 204 2446 μή
217 2381 253 2446 τῷ
273 2377 339 2446 γένει
360 2375 537 2446 συνταττόμενοι
550 2375 753 2448 φιλοτιμήσονται
772 2377 813 2430 καί
856 2375 929 2442 νίοις,
944 2377 977 2440 είς
990 2380 1020 2447 ήν
1036 2379 1152 2452 ἔρχονται
1165 2381 1189 2433 οἱ
1203 2381 1285 2443 καλῶς
1301 2383 1422 2452 βιοῦντες,
1435 2381 1476 2434 καὶ
1489 2383 1599 2454 γέροντες
1613 2383 1637 2436 σί

31 2455 276 2528 εύεργετηθήσονται.
288 2455 369 2510 TCV.
859 2457 1001 2526 μετέχοντες
1013 2457 1061 2513 ἀπὸ
1070 2463 1114 2513 τοῦ
1123 2459 1205 2531 τιμίου
1214 2467 1262 2514 τῶν
1271 2457 1384 2528 ἡλικιῶν.
1396 2463 1477 2514 mv,

69 2539 132 2600 488,
150 2551 192 2604 19.
208 2533 255 2585 ίίαί
269 2529 303 2604 μή
316 2529 428 2593 κάκεῖνος
437 2536 486 2585 τῶν
498 2533 579 2595 καλῶς
595 2533 746 2604 δοκούντων]
759 2535 813 2605 περί
892 2535 1032 2607 ίίαρασχῶν
1054 2537 1139 2592 ἓαυτδν
1153 2533 1208 2592 οίον
1227 2537 1294 2613 χρὴ]
1310 2539 1375 2612 παρὰ
1392 2541 1591 2611 Λακεδαιμονίοις
1605 2541 1639 2604 ὡς

31 2617 78 2668 τοῦ
92 2611 124 2683 μή
145 2611 226 2683 λέγειν
246 2615 325 2671 κακῶς
340 2609 383 2662 τόν
400 2611 530 2663 τεθνεῶτα.
546 2613 577 2666 Β.
595 2609 625 2663 ‘0
638 2611 751 2674 Σόλωνος
771 2613 813 2666 νό·
855 2612 1033 2670 πολιτεύονται.
1042 2617 1113 2671 ch
1114 2653 1123 2670 .

32 2714 79 2766 μος
94 2692 242 2761 ἀπηγόρευσε
265 2689 321 2749 tob:
340 2689 474 2750 τῑθῖῑῖἶπας
489 2689 596 2752 ἅπαντας
615 2689 697 2761 λέγεθ’
719 2697 810 2757 κακῶς,
890 2700 954 2766 489,
971 2712 1016 2750 το.
1031 2695 1153 2762 Δεσπότης
1171 2695 1223 2750 έστί
1235 2701 1284 2750 τῶν
1296 2696 1415 2766 πολλῶν]
1430 2695 1485 2750 ἀντὶ
1497 2701 1541 2750 τοῦ
1552 2698 1638 2768 ἀρχων

30 2774 79 2824 κᾶν
94 2765 812 2842 lptflffiml1²55&fflVMffiWOWfflVMtocffiptth·
856 2775 974 2842 δεσπότης
987 2773 1070 2837 εἶπεν,
1084 2771 1145 2836 έξσύ
1158 2774 1268 2846 έμφαίνει
1282 2775 1405 2830 δουλείαν.
1444 2775 1545 2847 Βαρύδέ
1558 2777 1638 2848 ὄνομα

32 2869 116 2922 μενος.
157 2845 186 2900 ‘0
202 2848 228 2900 δέ
241 2863 331 2916 WB
350 2843 416 2917 ἔθῖῳ
436 2845 466 2898 ⁰³⁰
480 2851 559 2908 κακῶς
576 2849 662 2910 ποιεῖς.
704 2846 813 2914 Ἐκεῖνος
854 2853 920 2925 παρά
936 2853 1068 2921 ’Λθηναίοις
1083 2852 1099 2920 ἡ
1117 2853 1225 2908 δουλεία.
1266 2853 1308 2918 Ἐξ
1321 2855 1457 2926 ἐλευθερίας
1472 2855 1548 2926 γὰρὴ
1563 2859 1639 2929 δημο·

32 2927 79 2998 μὲν
96 2925 143 2996 γάφ
160 2925 231 2998 λόγῳ
246 2923 352 2989 κωλύει,
366 2923 395 2976 σθ
406 2922 433 2976 δέ
444 2923 485 2976 καί
496 2923 521 2978 ίν
542 2923 636 2996 ἔργοις·
654 2923 765 2990 κάκεῖνος
784 2927 812 2980 ού
855 2935 942 3005 apula
960 2933 1116 3005 γνωρίζεται.
1126 2934 1206 2986 TCV.
1703 2919 1713 2938 ί

30 3007 91 3067 τούς
104 3005 202 3074 φίλους,
220 3002 279 3054 ἀλλ’
293 3001 375 3064 &Me
391 3000 543 3073 ὄπ’ίγύρῑῦῦῑ
561 3001 594 3075 μθ
611 3006 764 3076 δυσφημεῖν,
783 3007 813 3058 σθ
890 3017 954 3082 489,
965 3028 1010 3066 ατ.
1025 3010 1098 3066 Μετὰ
1109 3017 1156 3066 τῶν
1169 3011 1281 3084 ὁμοίων]
1294 3009 1356 3083 μετά
1373 3016 1422 3066 τῶν
1438 3011 1524 3066 ἀλλων
1546 3011 1637 3084 ἀρχόν-

30 3086 58 3139 δὲ
83 3085 125 3136 καί
144 3085 199 3146 τούς
222 3083 346 3154 εύεργίτας
359 3080 445 3144 αύτούς
462 3081 562 3145 ἀδικεῖς.
602 3081 769 3157 Ἐπιχείρημα
786 3087 813 3140 δέ
854 3108 913 3144 των.
926 3091 1008 3143 ch.

29 3167 86 3220 ἔστι
99 3164 139 3217 καλ
152 3163 210 3218 αύτδ
222 3163 249 3218 έκ
261 3166 305 3216 τοῦ
316 3161 455 3224 ἐλάττονος.
465 3162 545 3217 TCV.
890 3171 953 3238 489,
969 3171 1014 3230 94.
1030 3166 1149 3238 Στίρανοι
1161 3165 1187 3220 δὲ
1198 3165 1240 3219 καλ
1253 3165 1379 3236 ἀτέλειαι]
1391 3166 1426 3220 Ού
1438 3167 1494 3229 τούς
1509 3169 1637 3239 στεφάνους

69 3247 132 3308 488,
154 3247 198 3306 τό.
215 3241 265 3295 Ὧν
289 3240 358 3294 σύδέν
374 3239 474 3304 ίκείνοις
491 3243 629 3313 προσῆκεν]
644 3247 696 3305 τοῖς
718 3242 812 3315 εύεργί-
854 3245 927 3312 ήτάς
942 3245 1047 3312 σιτήσεις
1060 3244 1074 3297 ό
1087 3245 1206 3313 Λεπτίνης
1220 3244 1356 3316 ἐμέμφετο,
1369 3244 1436 3299 ἀλλά
1447 3241 1492 3312 τήν
1506 3245 1635 3314 ἀτέλειαν,

31 3344 98 3386 ταις,
115 3323 195 3375 TCV.
853 3325 896 3376 ἵνα
912 3323 986 3396 λυθῇ.
1000 3325 1081 3376 TCV.

68 3405 132 3466 488,
147 3406 192 3458 26.
206 3399 273 3452 Πάνυ
282 3400 364 3452 τοίνυν
376 3399 470 3470 σπουδή
482 3417 518 3460 τις
529 3397 696 3474 ἀπήγγειλεν]
711 3399 811 3456 Λντίθε·
891 3407 953 3472 489,
969 3407 1013 3457 26.
1028 3402 1074 3454 ίίαί
1086 3401 1155 3456 ταῦτ’
1167 3400 1292 3472 ἀμφότερα
1305 3399 1382 3472 ὀρθῶς
1396 3402 1466 3474 ἔχει]
1478 3403 1520 3456 καί
1536 3403 1566 3458 τθι
1580 3405 1636 3476 παρ’

30 3485 70 3544 σίς
86 3479 186 3534 ἐστινέκ
200 3476 481 3548 τοῦέθους,όπερέστίν
496 3480 605 3550 ἄγραφον
618 3481 739 3552 νόμιμον·
753 3483 812 3534 διατι
854 3480 976 3552 ἡμῖνκαὶ
999 3479 1156 3536 τάίκείνων.
1194 3480 1250 3541 Πῶς
1270 3479 1296 3532 δὲ
1314 3479 1437 3533 διαθαλὼν
1457 3482 1508 3534 ἀνω
1523 3480 1568 3548 τήν
1587 3489 1636 3536 τῶν

31 3563 113 3631 ρεῖται
124 3557 171 3629 γάρ
182 3559 211 3612 τὸ
223 3558 328 3628 νόμιμον
341 3555 374 3620 είς
387 3555 495 3628 ἄγραφον
514 3557 556 3611 καί
573 3557 712 3630 ἔγγραφον·
729 3559 755 3614 έκ
768 3565 812 3614 τοῦ
855 3559 1052 3630 Λακεδαιμονίων
1067 3559 1191 3613 πολιτείαν
1212 3557 1317 3611 ἐνταῦθα
1335 3558 1442 3624 ἐπαινεῖς
1459 3557 1531 3612 Ἐκεῖ
1548 3561 1590 3632 μέν
1604 3563 1637 3624 ὡς

30 3636 77 3692 σύν
90 3638 197 3708 ἀγράφου
214 3635 352 3693 ἀντέπεσεν.
395 3635 531 3707 Ἐλέγομεν
543 3636 569 3690 δέ
582 3636 606 3698 ἐξ
620 3636 697 3708 ἀρχῆς
709 3639 810 3694 διπλοῦν
854 3637 912 3706 πρὸς
927 3636 971 3702 τὴν
994 3638 1080 3691 έαυτοῦ
1101 3639 1236 3708 συγκρίνων
1251 3637 1377 3690 πολιτείαν
1392 3637 1516 3702 διέόαλεν,
1534 3637 1637 3692 ἐνταῦθα

31 3719 101 3772 εἶναι
114 3717 171 3770 αύτδ
182 3716 212 3769 τδ
224 3718 346 3786 νόμιμον,
364 3715 427 3768 κατά
442 3715 471 3768 τύ
486 3714 551 3778 εἶδος
568 3719 611 3782 τῆς
631 3717 718 3784 διπλῆς
733 3737 811 3789 πραγ-
854 3714 880 3767 δέ
897 3716 930 3777 ύις
950 3717 1008 3787 πρδς
1029 3714 1073 3782 τήν
1087 3716 1167 3768 αύτῶν
1181 3715 1380 3784 Λακεδαιμονίων
1401 3713 1503 3770 ίπαινεῖ.
1546 3716 1635 3770 ‘1125-

33 3799 144 3868 ματιςῆς,
183 3793 276 3848 Οὐκοῦν
293 3794 322 3847 τὸ
332 3794 433 3849 διπλοῦν
451 3794 560 3861 ἐδήλωσε
579 3794 620 3848 διὰ
630 3799 673 3862 τῆς
686 3795 812 3859 mend.
855 3812 909 3844 νοια
925 3793 966 3859 δὲ,
982 3795 1071 3864 φησίν,
1085 3793 1140 3846 ἐκεῖ
1155 3792 1181 3846 ἐκ
1199 3796 1242 3845 τοῦ
1255 3789 1320 3845 εἶναι
1338 3793 1430 3855 πάντας
1443 3793 1499 3856 τούς
1515 3793 1636 3865 ἀρχοντας

32 3895 96 3934 οεως
109 3879 156 3925 τῶν
166 3875 249 3944 νόμων
262 3872 303 3925 καί
316 3871 356 3924 διὰ
367 3877 416 3925 τῶν
436 3871 524 3934 ἔξωθεν
543 3875 810 3946 παραναγνωσθέντων,
856 3869 935 3935 ίσους,
955 3872 1058 3926 ένταῦθα
1078 3871 1104 3925 δέ
1118 3871 1144 3924 έκ
1158 3873 1201 3924 τοῦ
1221 3869 1356 3942 λαμύάνειν
1376 3873 1432 3936 τούς
1458 3873 1535 3936 ἀξίους
1554 3877 1633 3944 τιμάς.

33 3955 68 4016 ῶς
85 3953 108 4004 σί
130 3953 172 4024 μὲν
190 3955 354 4022 κατηγοροῦσι
377 3955 421 4004 τοῦ
437 3952 513 4022 νόμον
533 3955 577 4003 τοῦ
597 3951 729 4016 Λεπτίνου,
745 3953 769 4006 σί
786 3954 812 4006 δὲ
855 3947 972 4000 Ούκοῦνὸ
987 3949 1030 4010 τάς
1042 3949 1114 4021 τιμάς
1124 3948 1242 4019 ἀφαιρῶν,
1253 3947 1323 4012 οὗτος
1337 3949 1483 4022 ἀναιρεῖτήν
1498 3951 1633 4005 πολιτείαν.

33 4035 191 4102 συμφωνοῦσι
204 4035 240 4101 τῷ
253 4031 415 4100 Δημοσθένει·
433 4030 538 4082 δείκνυσι
551 4028 577 4081 δὲ
597 4027 666 4082 οὐδέν
685 4023 758 4096 ήττον
772 4031 811 4084 διά
854 4029 935 4082 TCV.

32 4117 83 4163 τῶν
99 4109 249 4162 ἀντιθέσεων.
286 4105 337 4174 Τήν
351 4107 393 4179 μέν
405 4107 453 4178 γάρ
468 4107 526 4179 ύπέρ
535 4111 578 4160 τοῦ
590 4108 707 4160 Λεπτίνου
721 4112 808 4180 νόμου·
890 4113 952 4180 490,
970 4109 996 4163 3.
1012 4107 1059 4160 ίίαλ
1072 4105 1118 4179 μήν
1130 4107 1185 4179 περί
1198 4127 1227 4180 γε
1236 4111 1279 4162 τοῦ
1294 4107 1355 4178 μηδέ
1368 4107 1491 4179 θηῦαίου]
1503 4108 1633 4176 Ζητήσειεν

32 4186 145 4258 ἔστιγὰρ
159 4186 263 4240 ἀπὸτοῦ
279 4187 391 4258 νομίμου
402 4187 444 4240 καί
457 4187 533 4253 αύτη,
547 4185 569 4239 εί
584 4187 625 4240 καί
638 4186 692 4247 ξένα
706 4190 747 4242 καί
762 4192 811 4243 Λα-
855 4187 884 4240 άν
898 4207 934 4250 τις
945 4187 1010 4250 τίνος
1027 4189 1099 4258 χάριν
1111 4185 1127 4254 fi
1140 4187 1258 4250 ἀντίθεσις
1276 4186 1332 4258 είχε
1348 4188 1410 4260 μετὰ
1423 4193 1471 4241 τῶν
1486 4190 1635 4260 Λακεδαιμο·

31 4265 125 4318 κωνικά
142 4265 184 4319 καί
203 4265 318 4332 θηόαίων
332 4265 362 4319 τά
375 4267 468 4337 νόμιμα
486 4263 551 4318 εἶναι
564 4267 641 4321 δοκεῖ.
679 4267 811 4339 Θαυμαστή
854 4267 913 4320 νίων
929 4266 991 4338 ύμοῦ
1001 4267 1043 4320 καί
1056 4267 1190 4333 Θηῦαίους,
1205 4267 1229 4321 έν
1240 4266 1266 4320 δέ
1276 4269 1306 4338 τῇ
1315 4267 1384 4320 λύσει
1395 4268 1545 4340 διηρημένως
1556 4267 1631 4339 λέγει.

31 4347 59 4399 δέ
78 4345 94 4410 ἢ
111 4347 224 4416 μέθοδος·
241 4348 322 4416 ὥσπερ
334 4346 382 4418 γάρ
397 4347 563 4417 έλεγχομένου
576 4348 694 4400 Λεπτίνου
706 4349 747 4401 καί
764 4370 810 4421 μη·
856 4346 913 4400 Ὅτι
923 4346 963 4399 διά
974 4345 1019 4412 τήν
1035 4353 1083 4400 τῶν
1096 4349 1233 4417 προσώπων
1244 4349 1364 4415 ποιότητα
1375 4346 1419 4400 οθκ
1433 4345 1538 4413 ήδύνατο
1555 4347 1634 4409 έξετά·

30 4426 116 4494 δαμῶς
127 4423 283 4494 εύποροῦντος
291 4423 396 4478 λυτικῶν
406 4425 626 4496 παραδειγμάτων,
639 4426 703 4480 ούτω
712 4428 811 4500 μνήμην
854 4429 903 4487 ζων
914 4424 1061 4496 ἀμφοτέρους
1071 4424 1157 4480 είπεῖν.
1172 4426 1252 4481 TCV.

30 4503 163 4568 πεποίηται
172 4505 318 4556 Λακωνικῶν
333 4503 375 4556 καλ
390 4503 515 4570 θηῦαίων.
557 4502 625 4557 Ἡδὲ
638 4504 706 4568 λύσις
721 4507 747 4561 ἐκ
758 4509 810 4560 δια·
890 4507 952 4571 490,
963 4508 989 4568 4.
1006 4503 1101 4572 ’Λληθὲς
1111 4502 1203 4575 οἶμαι]
1216 4503 1244 4556 ού
1255 4505 1330 4575 μόνον
1340 4502 1431 4569 εἰπεῖν,
1443 4499 1509 4555 ἀλλά
1523 4501 1563 4555 καί
1574 4501 1635 4573 μετά

29 4584 120 4652 φοράς,
143 4583 182 4634 ότι
195 4581 242 4652 οθχ
255 4579 271 4648 ἥ
286 4581 345 4648 αύτλ
363 4581 477 4636 πολιτεία
493 4583 549 4654 παρ’
567 4581 628 4653 ἡμῖν
642 4585 684 4637 καί
703 4585 810 4648 ἐκείνοις.
855 4586 898 4650 τῆς
911 4581 1034 4650 ἀληθείας.
1048 4581 1128 4637 ch.

31 4661 75 4724 Είς
89 4661 131 4712 δύο
144 4661 170 4714 δέ
191 4661 270 4715 διεῖλε
283 4662 326 4724 τάς
342 4662 436 4726 λύσεις,
452 4661 485 4724 είς
498 4682 524 4716 τε
538 4663 567 4715 τδ
581 4663 643 4716 κατὰ
663 4665 812 4736 Λακεδαιμο-
867 4709 869 4712 .
891 4666 952 4732 490,
965 4680 991 4732 7.
1012 4661 1041 4713 Εί
1061 4661 1108 4732 ἀρα
1119 4660 1229 4723 εὔξασθαι
1248 4663 1304 4728 δεῖ]
1317 4660 1352 4712 Δι’
1368 4656 1403 4712 ὧν
1418 4659 1560 4730 κατεύχεται
1579 4659 1635 4721 τούς

33 4739 99 4799 νίους
122 4739 254 4810 πρότερον,
284 4739 339 4795 εἶτα
363 4741 396 4803 είς
418 4742 447 4794 τδ
469 4741 531 4794 κατὰ
551 4741 671 4808 θηόειίους
688 4743 810 4814 δεύτερον.
854 4743 985 4814 πολεμίους
998 4739 1031 4812 μή
1044 4744 1115 4814 τιμάν
1132 4741 1187 4804 τούς
1199 4738 1389 4812 εύεργίτας,διά
1402 4739 1496 4792 τούτων
1507 4739 1561 4800 τούς
1578 4737 1637 4810 όμο·

34 4816 135 4882 Ἐπειδὴ
149 4818 197 4888 γάρ
217 4820 258 4872 καί
274 4819 299 4873 έν
315 4823 370 4882 ταῖς
389 4821 488 4874 λύσεσιν
504 4815 534 4888 ήν
555 4839 590 4882 τις
606 4821 708 4893 διαφορὰ
720 4825 773 4894 περί
785 4843 811 4876 τε
854 4821 942 4892 φύλους
949 4822 1073 4891 προτρέπει
1084 4821 1180 4891 φεύγειν
1190 4823 1271 4884 τοῦτο,
1282 4820 1361 4874 ποιεῖν
1370 4818 1397 4871 δέ
1405 4817 1434 4871 τ“ο
1445 4817 1535 4888 ἕτερον.
1574 4817 1635 4888 Σφό·

30 4896 75 4957 τάς
89 4896 210 4959 πολιτείας
227 4899 268 4950 καλ
286 4899 327 4961 τὰς
345 4901 475 4965 ποιότητας
493 4905 541 4951 τῶν
562 4902 714 4969 προσώπων,
734 4899 811 4968 ἠναγ-
855 4901 899 4970 δρα
920 4900 946 4953 δέ
959 4901 1052 4962 κακίζει
1063 4899 1108 4966 τήν
1122 4899 1191 4970 φύσιν
1206 4903 1249 4952 τοῦ
1265 4900 1422 4969 πράγματος,
1443 4897 1504 4950 ὅπου
1518 4916 1547 4967 γε
1561 4895 1635 4968 ἀμφι·
1665 4927 1667 4931 ,

31 4977 111 5044 κάσθη
125 4977 222 5042 διπλαῖς
236 4982 290 5042 ταῖς
302 4982 428 5052 διαφοραῖς
439 4981 559 5052 χρῆσθαι,
576 4979 643 5048 έτέρα
659 4978 701 5048 μὲν
713 4979 760 5050 γὰρ
774 4979 812 5034 ἐπί
855 4979 958 5044 όάλλει,
979 4979 1020 5031 καλ
1039 4979 1078 5032 ἐπί
1102 4985 1150 5032 τῶν
1174 4977 1267 5048 ἐχθρῶν
1292 4976 1403 5038 εὔξασθαι
1423 4975 1544 5044 συμόῆναι
1564 4975 1632 5031 αύτό.

30 5057 249 5127 Λακεδαιμονίων,
270 5059 337 5131 έτέρᾳ
357 5061 383 5113 δέ
404 5061 444 5114 ἐπὶ
465 5060 595 5127 Θηόαίων·
615 5060 655 5112 καὶ
675 5061 704 5112 τδ
720 5059 810 5114 οἰκεῖον
855 5061 993 5127 Τηνικαῦτα
1008 5059 1034 5112 δὲ
1052 5056 1136 5128 έχθροί
1149 5053 1212 5123 ἦσαν
1222 5055 1327 5122 θηὸαῖοι
1339 5054 1434 5108 ἐπὶτῶν
1447 5053 1582 5120 Φωκικῶν,
1593 5055 1633 5108 ότε

31 5133 184 5191 ἀποδέδωκεν
205 5136 306 5208 έκατέρᾳ
329 5141 451 5206 ποιότητι.
492 5138 601 5191 Ἐοίκασι
620 5137 668 5208 γάρ
690 5139 748 5210 πρὸς
769 5139 811 5210 μέν
855 5141 897 5193 καὶ
911 5139 1034 5200 Φίλιππος
1048 5132 1078 5205 ήν
1092 5137 1127 5190 έτι
1138 5139 1263 5198 ταπεινός·
1280 5133 1342 5206 μετά
1358 5133 1405 5206 γὰρ
1417 5133 1447 5187 τά
1463 5133 1566 5187 Φωκικά
1579 5133 1633 5187 ίδο·

31 5213 153 5280 θηόαίσυς
171 5216 294 5287 δυσμενῶς
306 5216 388 5288 ίχειν,
410 5217 468 5290 πρὸς
488 5217 514 5271 δέ
535 5217 590 5278 τούς
610 5219 813 5289 Λακεδαιμονίους
856 5219 897 5281 ξαν
910 5219 951 5272 καλ
964 5217 1046 5288 φιλίαν
1059 5217 1112 5270 τινὰ
1127 5215 1208 5287 ἔχειν,
1223 5217 1263 5268 ότε
1273 5215 1315 5268 καί
1331 5213 1374 5280 τήν
1396 5213 1524 5268 Ἐλάτειαν
1540 5213 1633 5268 Φίλιπ-
