4032 6094
648 317 731 378 xlss.
755 318 846 378 ΠΕΡΙ
867 318 1101 380 ΣΥΝΤΑΞΕΩΣ
1636 338 1692 391 675

75 449 157 500 όάσει
168 447 246 512 ἢτοῖς
259 445 439 517 άγωνιστικοῖς.
476 446 573 499 Ούτωσὶ
586 446 612 499 δέ
625 445 765 510 κάνταῦθα,
781 447 868 516 βουλό·
916 450 1117 520 τεσκευασμένοι,
1137 451 1202 512 όπως
1218 451 1244 505 δὲ
1258 452 1281 503 οί
1299 456 1339 506 νῦν
1357 454 1551 524 μεγαλοπρεπεῖς
1567 456 1608 508 καί
1624 457 1696 529 ύπερ·

75 547 160 597 μενος
180 530 297 592 συστῆσαι
311 523 355 591 τὴν
371 525 507 595 εἰσήγησιν,
522 526 649 578 διαύάλλει
668 525 710 587 τάς
722 531 770 578 τῶν
785 526 869 578 ἄλλων
916 527 1053 590 θαλλούσας
1064 529 1130 592 τινθις
1141 535 1190 582 τῶν
1205 531 1330 602 δημοσίων
1350 531 1566 603 οἰκοδομημάτων.
1594 535 1641 588 Καί
1652 535 1697 602 τὴν

73 605 377 675 ρητόρωνπολιτείαςὼς
392 605 504 673 πονηράς.
539 604 585 656 Καὶ
596 605 654 674 δίχα
665 606 756 674 διαιρεῖ
764 604 807 658 τδν
817 606 870 676 περί
916 603 995 657 αἰτίαν
1009 607 1176 675 προστίθησιν,
1192 609 1230 660 ότι
1248 609 1272 660 οί
1294 609 1337 680 μέν
1352 609 1476 680 ἐφείδοντο
1490 616 1538 663 τῶν
1555 618 1654 678 κοινῶν,
1672 615 1696 666 οί

74 682 188 736 ἐκείνων
200 683 287 752 λόγον·
299 680 333 742 εἰς
345 683 371 734 ἓν
382 682 425 752 μὲν
438 683 476 734 ότι
488 683 542 752 περὶ
555 683 628 754 μικρά
641 684 683 736 καί
696 683 777 754 φαῦλα
790 686 870 737 διατε-
915 683 941 737 δὲ
952 684 983 738 τὰ
994 688 1036 750 τῆς
1050 685 1144 748 πόλεως
1156 688 1323 758 νοσφίζονται,
1340 689 1379 740 διὰ
1392 689 1484 742 τούτων
1504 690 1604 744 ἔπαινον
1617 691 1697 764 ἑαυτῷ

75 762 158 814 λσῦσι
173 762 364 824 σπουδάζοντες,
380 757 412 820 εἰς
427 759 509 829 ἕτερον
519 759 545 811 δὲ
559 761 597 812 ότι
605 761 731 814 πεπείκασι
741 761 786 828 τὴν
798 762 870 816 πόλιν
915 765 1112 829 κατασκευάζων,
1124 766 1214 818 καθότι
1226 765 1327 836 άμεινον
1340 767 1438 820 έκείνων
1455 770 1640 839 πολιτευόμενος
1659 771 1697 824 ἀεί

76 841 198 910 νομίζειν
210 839 235 892 έν
250 839 302 900 τοῖς
316 837 477 912 δικαστηρίοις
491 835 535 902 τὴν
550 839 671 908 σωτηρίαν
685 843 728 904 τῆς
745 841 870 910 δημοκρα-
915 839 944 894 τδ
956 845 1027 912 κοινῇ
1040 844 1170 914 συμφέρον,
1186 843 1213 896 ού
1225 845 1254 898 τδ
1270 843 1318 915 δίᾳ
1331 847 1463 916 κερδαίνειν
1477 847 1532 917 δρᾷ.
1569 846 1634 900 Εἶτα
1643 851 1698 903 τού-

75 921 136 982 τίας
149 919 227 972 εἶναι.
264 911 339 976 Ούτοι
349 915 375 969 δέ
386 911 448 982 ήσαν
461 917 486 970 οί
497 918 549 978 τοῖς
559 917 666 988 εύιιόροις
677 917 871 980 έπιόουλεύοντες
915 938 964 972 των
983 919 1199 993 ἀπαλλαττόμενος
1221 922 1442 994 ἀνακεφαλαιοῦται
1462 923 1509 978 ἀπθ
1523 929 1566 978 τοῦ
1586 927 1695 993 ἐνδόξου,

76 998 125 1050 καλ
138 998 185 1059 τὰς
193 997 274 1058 ούσίας
282 996 360 1049 αύτῦιν
372 995 518 1065 δημεύεσθαι
530 998 758 1066 παρασκευάζοντες.
768 997 869 1051 Τούτων
915 997 953 1051 θτι
961 1001 1050 1069 πρέπον
1060 997 1190 1068 Ἀθηναίοις
1201 1001 1294 1070 ἀρχειν·
1310 1000 1357 1054 ἀπὸ
1369 1005 1412 1054 τοῦ
1422 1000 1535 1073 αἰσχροῦ,
1547 1005 1585 1055 ότι
1593 1003 1697 1076 αἰσχρόν

75 1077 107 1130 δέ
125 1077 244 1131 ἁπάντων
257 1075 427 1144 κατηγορήσας
442 1074 503 1144 [ὡς]
516 1080 594 1136 κακῶς
606 1075 800 1146 πολιτευομένων
815 1095 871 1129 συν-
914 1077 1029 1147 προέσθαι
1038 1079 1094 1140 τούς
1108 1079 1192 1150 φίλους
1202 1079 1244 1130 καί
1255 1079 1310 1140 τούς
1324 1079 1479 1148 συμμάχους·
1502 1079 1549 1133 ἀπδ
1563 1085 1606 1134 τοῦ
1619 1082 1698 1154 ἀναγ-

79 1157 169 1222 ίστησι
186 1153 231 1220 τὴν
254 1153 339 1206 ἑαυτοῦ
353 1152 488 1216 πολιτείαν,
502 1152 543 1204 καί
554 1153 610 1223 περὶ
622 1151 664 1204 οἷα
673 1154 714 1206 καί
723 1155 777 1206 τίνα
789 1155 872 1208 έσπυύ-
918 1155 997 1220 καῖον,
1018 1157 1056 1208 ότι
1070 1155 1118 1226 ούχ
1131 1151 1184 1210 οίόν
1201 1176 1226 1210 τε
1243 1159 1421 1228 προεστηκότας
1436 1154 1626 1224 τῶνἙλλήνων
1642 1159 1697 1212 ἀνα·

78 1235 160 1286 δακεν
187 1233 272 1297 αύτδς,
296 1233 334 1284 ότι
357 1231 411 1301 περὶ
429 1229 545 1301 μεγάλων
572 1229 665 1284 ἀκούειν
688 1233 805 1294 συνεθίζει
827 1233 870 1285 τόν
914 1236 1005 1304 χωρεῖν
1020 1239 1063 1302 τῆς
1078 1236 1177 1298 τάξεως·
1196 1235 1244 1290 άπδ
1258 1240 1301 1290 τοῦ
1315 1235 1439 1300 ἐναντίου,
1455 1237 1493 1288 ότι
1506 1235 1578 1308 ἡμεῖς
1597 1244 1640 1292 τοῦ
1652 1259 1696 1293 κα-

78 1314 180 1382 δῆμον,
195 1309 306 1372 συνιστὰς
318 1309 358 1362 διέι
372 1309 465 1362 τούτων
480 1309 518 1361 ότι
532 1309 606 1379 μόνος
618 1309 659 1361 καὶ
674 1309 780 1380 μάλιστα
798 1309 869 1363 πολι·
914 1310 972 1374 λοθς
985 1312 1027 1364 καί
1037 1315 1157 1383 πονηρούς
1170 1313 1234 1366 εἶναι
1243 1314 1298 1375 τούς
1310 1313 1510 1384 πολιτευομένους
1520 1312 1604 1379 αίτισι,
1615 1315 1697 1386 λέγειν

78 1393 219 1460 τευόμενος
238 1388 309 1450 αύτδς
321 1389 451 1458 τυγχάνει,
472 1389 538 1456 τάχα
550 1388 608 1456 πρδς
628 1387 671 1440 τδν
687 1386 811 1442 Εόόουλον
830 1389 870 1440 διά
915 1387 1001 1449 αύτοίις
1020 1389 1049 1442 τδ
1067 1390 1127 1460 πρδς
1144 1388 1235 1456 ίγδονὴν
1254 1391 1427 1452 συνεθίζοντες.
1469 1388 1511 1452 Ὧς
1526 1391 1552 1444 δέ
1571 1395 1697 1464 συντόμως

79 1471 183 1522 τούτων
198 1467 384 1537 ἀποτεινόμενος
398 1463 496 1531 κοίτην
512 1465 597 1518 ἑαυτοῦ
618 1466 743 1519 πολιτείαν
757 1467 814 1536 πρδς
826 1465 870 1534 τήν
915 1464 1002 1530 εἰπεῖν,
1017 1465 1130 1538 τριμερὴς
1145 1467 1227 1538 όπερί
1244 1467 1376 1529 συντάξεως
1394 1468 1479 1538 λόγος,
1495 1469 1557 1522 κατθι
1571 1469 1616 1536 τήν
1632 1475 1697 1542 πρώ-

79 1550 182 1603 έκείνσυ
197 1547 332 1618 συγκρίνων
343 1545 385 1597 καί
393 1544 485 1604 δεικνύς
496 1542 582 1614 πολλῷ
591 1549 626 1614 τῷ
638 1544 704 1615 μέσιρ
714 1545 870 1613 διαφέρουσαν
914 1562 959 1611 την
973 1551 1021 1597 τῶν
1036 1551 1115 1617 μερῶν
1126 1547 1216 1617 τομήν.
1254 1547 1302 1598 Ιίαί
1316 1547 1342 1600 ἓν
1357 1546 1400 1616 μέν
1416 1547 1489 1600 αὐτοῦ
1509 1551 1579 1619 μέρος
1591 1550 1642 1603 ἐστὶ
1653 1571 1696 1604 πε-

80 1626 133 1694 τὴν
153 1626 253 1679 ἑαυτοῦ·
270 1625 312 1678 καί
331 1623 359 1676 ού
373 1623 432 1694 πρδς
444 1622 487 1675 τδν
509 1620 634 1674 Εἰίόουλον
650 1623 736 1692 μόνον,
752 1622 818 1675 ἀλλὰ
829 1625 871 1676 καί
914 1622 1033 1691 ριεκτικδν
1047 1627 1091 1676 τοῦ
1105 1625 1279 1694 συμφέροντος·
1297 1623 1322 1677 ἐν
1340 1620 1361 1696 ᾧ
1376 1627 1482 1678 ποιεῖται
1497 1625 1624 1696 εἰσήγησιν
1640 1631 1696 1700 περί

81 1707 147 1777 πρδς
159 1707 267 1766 ἅπαντας
278 1705 332 1758 ὅσοι
343 1702 388 1769 τήν
400 1699 475 1767 αύτὴν
485 1701 569 1772 ἐκείνῳ
587 1701 712 1754 πολιτείαν
727 1701 869 1774 ἀνῄρηνται.
914 1703 958 1753 τοῦ
972 1701 1074 1772 δύναμιν
1097 1703 1274 1755 κατασκευάσαι
1291 1706 1322 1774 τῇ
1343 1703 1424 1756 πόλει.
1466 1702 1509 1755 Ἐν
1528 1704 1555 1756 δέ
1575 1707 1698 1778 τούτῳτί)

82 1783 154 1837 Εἶτα
165 1784 208 1837 καί
218 1781 263 1848 τὴν
275 1781 353 1834 αἰτίαν
366 1780 509 1850 προστίθησι
528 1780 559 1831 δι’
574 1781 604 1846 ἣν
619 1779 709 1832 ἐκεῖνοι
726 1780 769 1851 μέν
783 1785 870 1834 τοῦτον
916 1778 960 1848 μὲν
974 1781 1094 1851 συμφέρον
1106 1781 1183 1851 φαμὲν
1198 1780 1263 1833 εἰναι
1274 1781 1303 1833 τδ
1314 1781 1511 1851 προηγούμενον,
1522 1787 1697 1855 περιεχόμενον

81 1863 130 1916 τδν
150 1863 253 1932 τρόπον,
267 1860 340 1922 αύτδς
356 1859 383 1912 δὲ
396 1857 424 1910 ού
438 1859 480 1912 τδν
501 1857 574 1910 αύτδν
589 1859 750 1912 πολιτεύεται.
789 1859 871 1913 Ταῦτα
914 1857 941 1908 δὲ
954 1856 983 1909 τδ
996 1858 1108 1910 δυνατόν.
1146 1858 1262 1929 Δεύτερον
1277 1859 1348 1929 μέρος
1361 1858 1414 1910 ἔστί
1427 1859 1559 1927 τοῦλόγου
1577 1863 1697 1930 παρέκόα-

81 1941 112 1994 δὲ
127 1941 158 1992 ἂν
172 1938 210 2006 εἰη
220 1938 331 1999 σύστασις
340 1937 481 2001 ποιότητος,
495 1935 511 2002 ἢ
524 1936 648 2006 θεωρεῖται
662 1937 716 2006 περί
727 1935 755 1988 τδ
766 1937 868 1992 δίκαιον,
915 1953 950 1996 σις
963 1935 992 1988 τδ
1004 1936 1097 1988 δίκαιον
1109 1937 1264 2007 πιριέχονσα,
1278 1935 1303 1990 έν
1317 1933 1338 2008 ᾧ
1351 1937 1437 2008 μέμψις
1448 1937 1489 1990 καί
1502 1939 1637 2008 κατηγορία
1648 1947 1697 1993 τῶν

82 2019 131 2070 Διδ
142 2018 311 2088 προσποιεῖται
324 2019 401 2067 ταῦτα
412 2013 492 2085 λέγειν
509 2013 666 2084 χαλεπαίνων
681 2014 721 2068 καλ
735 2013 871 2086 ἀχθόμενος
915 2018 993 2074 κακῶς
1005 2013 1199 2084 πολιτευομένων
1215 2013 1335 2085 ῥητόρων,
1355 2016 1393 2067 ότι
1404 2015 1553 2076 συνεθίζονσι
1564 2013 1609 2081 τὴν
1624 2016 1697 2070 πόλιν

83 2099 126 2149 δτι
150 2096 275 2161 νενίκηκεν
296 2091 440 2158 ἀλυσιτελὴς
459 2091 583 2144 Εύῦούλου
602 2095 706 2162 γνώμη,
723 2095 822 2146 διδοῦσα
840 2094 871 2148 τά
916 2089 1000 2161 ἀργεῖν
1018 2093 1059 2144 καλ
1075 2092 1106 2144 τά
1117 2092 1146 2145 ού
1159 2093 1245 2146 δέοντα
1256 2094 1379 2163 πράττειν,
1395 2091 1461 2144 ἀλλὰ
1475 2093 1548 2154 ξένοις
1565 2093 1697 2164 ἐπιτρέπειν

84 2177 161 2230 κοινά
175 2181 210 2248 τῳ
221 2176 293 2246 δήμιρ
304 2173 454 2243 σχολάζοντι
467 2172 509 2224 καί
529 2170 561 2232 εἰς
574 2171 691 2242 ῥᾳθυμίαν
706 2170 869 2243 ἐκκαλουμένη
914 2170 955 2222 καλ
966 2174 1113 2241 στρατηγοῖς
1122 2171 1216 2241 ὀλίγοις
1228 2177 1277 2224 τῶν
1290 2172 1441 2242 πραγμάτων
1456 2171 1487 2224 τθ
1498 2171 1695 2242 ἀναγκαιότατα,

85 2256 199 2327 μᾶλλον.
237 2253 311 2306 Ὅθεν
325 2251 367 2304 καί
381 2249 397 2316 ἡ
414 2249 562 2311 ἀντεξίτασις
577 2249 645 2320 ἑτέρα
660 2250 754 2321 γίνεται
766 2253 809 2316 τῆς
822 2257 870 2303 τῶν
914 2247 955 2300 καί
968 2249 1022 2302 δέον
1036 2250 1182 2319 προεστάναι
1192 2253 1241 2302 τῶν
1260 2247 1389 2316 Ἑλλήνων
1403 2249 1447 2315 τὴν
1462 2249 1533 2304 πόλιν
1550 2251 1694 2304 κωλύουσιν·

83 2334 218 2403 προγόνων
230 2329 362 2394 πολιτείας,
375 2329 405 2396 ἢν
419 2329 522 2399 διῴκουν
536 2328 619 2398 ἀνδρες
629 2326 716 2398 ἀγαθοὶ
727 2327 778 2390 οἷος
789 2328 869 2394 αύτδς,
915 2325 940 2378 ἔν
951 2323 973 2398 ᾧ
984 2327 1026 2379 καί
1034 2327 1197 2390 ἀντεξετάσεις
1207 2332 1250 2394 τῆς
1264 2327 1350 2381 ἑαυτοῦ
1363 2329 1486 2390 πολιτείας
1504 2328 1562 2398 πρὸς
1575 2327 1619 2393 τὴν
1633 2329 1696 2382 ἰκεί-

84 2413 130 2464 καὶ
144 2415 189 2477 τῆς
201 2410 254 2462 νυνί
266 2407 454 2474 καθεστηκυίας,
470 2406 503 2468 εἰς
516 2404 558 2458 σία
572 2407 596 2458 οἱ
612 2407 818 2477 δημαγωγοῦντες
831 2407 871 2461 έπί
915 2426 964 2459 νων
985 2406 1121 2478 εἰσήγησιν·
1138 2409 1209 2461 ἀκαί
1228 2408 1435 2461 κατασκευαστικὰ
1448 2409 1566 2478 τυγχάνει
1582 2412 1626 2460 τοῦ
1644 2410 1697 2461 δεῖν

85 2491 132 2540 τοῦ
145 2489 264 2558 παρόντος
274 2485 398 2555 προήχασι
414 2482 459 2550 τὴν
473 2484 555 2538 πόλιν.
593 2483 700 2546 Εἰκότως
713 2485 739 2538 δέ
756 2485 871 2548 πλεῖστος
918 2485 1044 2552 πεισθῆναι
1059 2483 1096 2549 οἰς
1115 2485 1186 2549 αύτδς
1203 2485 1354 2558 εἰσηγεῖται,
1376 2486 1442 2539 ἀλλὰ
1466 2485 1499 2558 μή
1514 2479 1551 2548 οίς
1571 2485 1640 2538 αύτοί
1656 2487 1696 2541 λέ-

85 2565 172 2634 όπερί
185 2564 278 2616 τούτων
291 2563 381 2633 λόγος·
395 2561 476 2628 ἐπειδη
487 2562 535 2634 γδιρ
545 2561 591 2632 όρᾷ
602 2560 645 2628 τήν
656 2562 779 2616 πολιτείαν
791 2583 871 2616 καινο·
914 2583 993 2635 γουσι.
1032 2563 1099 2636 [Tb]
1114 2565 1195 2636 τρίτον
1211 2566 1280 2636 μέρος
1291 2569 1335 2618 τοῦ
1348 2565 1426 2636 λόγου
1443 2567 1541 2635 δευτέρα
1554 2565 1697 2634 παρίκόασις

86 2643 255 2714 τομουμένην,
273 2639 371 2701 εἰκότως
395 2639 500 2694 πλεῖστα
519 2641 574 2710 περί
587 2643 631 2706 τῆς
649 2639 772 2702 πολιτείας
789 2641 870 2694 διαλέ-
914 2642 1051 2713 περιεκτικὴ
1064 2647 1108 2696 τοῦ
1121 2645 1296 2715 συμφέροντος·
1313 2641 1427 2716 ένῷτῆς
1437 2645 1558 2715 παρούσης
1574 2643 1697 2704 πολιτείας

87 2741 177 2792 γεται,
198 2723 230 2791 τῇ
251 2718 293 2790 μίν
314 2718 428 2784 ίπαινῶν,
452 2723 483 2790 τῇ
502 2719 528 2772 δέ
545 2721 713 2790 μεμφόμενος,
737 2720 871 2789 μονονουχὶ
915 2719 1191 2791 ἀντεξέτασινπρδςτὴν
1208 2721 1313 2776 παλαιὰν
1326 2723 1446 2786 ποιεῖται,
1460 2721 1599 2782 ἀποδεικνύς
1610 2722 1697 2794 πολλῷ

87 2802 133 2854 τὸν
159 2799 278 2869 Περικλέα
295 2798 462 2868 μιμούμενος.
499 2799 598 2868 Πρῶτος
621 2799 668 2869 γὰρ
692 2798 783 2860 ἐκεῖνος
803 2798 871 2862 ἔταξε
915 2799 1071 2869 διαφέρουσαν
1084 2797 1129 2865 τὴν
1145 2799 1250 2870 ἀρχαίαν
1266 2803 1309 2866 τῆς
1321 2799 1373 2852 νυνὶ
1392 2801 1572 2866 καθεστηκυίας.
1607 2799 1655 2851 Καὶ
1668 2799 1697 2852 τδ

88 2877 241 2949 μισθοφοράν
252 2877 294 2929 καί
305 2875 381 2928 ἔδωκε
394 2881 430 2947 τῷ
446 2877 518 2948 δήμῳ
532 2878 731 2948 στρατευομένῳ·
749 2879 790 2930 καί
801 2877 871 2940 αύτδς
916 2876 959 2946 μὲν
971 2883 1066 2948 πρῶτον
1081 2879 1151 2948 μέρος
1161 2877 1242 2938 καλῶς
1256 2876 1309 2946 ἔχει
1321 2877 1402 2948 λέγειν
1412 2877 1561 2947 περιεκτικόν
1576 2873 1640 2930 εἶναι
1652 2880 1696 2930 τοῦ

87 2957 115 3010 δέ
131 2957 245 3026 βούλεται
257 2955 367 3019 διδόναι,
382 2955 424 3007 καί
435 2953 594 3025 προκαλεῖται
605 2957 717 3026 πράττειν
730 2957 745 3006 ἀ
759 2957 806 3008 δεῖ.
823 2957 871 3009 Δύο
916 2955 1047 3024 κεφαλαίου
1068 2959 1112 3022 τῆς
1131 2955 1293 3026 εἰσηγήσεως,
1315 2955 1344 3008 τό
1364 2955 1390 3008 δέ
1409 2955 1519 3026 δεύτερον
1538 2955 1694 3026 παρέκόασιν,

87 3037 172 3088 τοίνυν
195 3033 255 3086 εἰσίν
277 3033 301 3086 έν
316 3037 347 3105 τῇ
366 3033 511 3103 παρεκόάσει
529 3035 642 3104 μέγισται
662 3035 796 3104 συγκρίσεις
816 3034 871 3101 ήτοι
916 3034 1091 3105 καίτδτρίτον
1105 3035 1184 3088 δὲκαὶ
1197 3034 1412 3106 αύτδπαρίκόασιν
1425 3033 1468 3106 μέν
1483 3033 1561 3100 εἰναι,
1576 3037 1698 3106 διαφέρου-

89 3112 268 3177 ἀντεξετάσεις,
282 3113 325 3183 μία
340 3111 382 3182 μίν
392 3116 436 3178 τῆς
452 3111 538 3164 ἑαυτοῦ
549 3113 672 3174 πολιτείας
684 3113 742 3183 πρδς
762 3111 806 3178 τὴν
822 3119 870 3167 τῶν
916 3131 960 3166 σαν
972 3113 998 3165 δέ
1005 3117 1048 3180 τῆς
1055 3115 1177 3185 προτέρας·
1188 3115 1251 3166 ὥστε
1258 3114 1301 3165 δύο
1312 3113 1469 3184 παρτκῦάσεις
1482 3112 1599 3183 ίχειντδν
1607 3113 1695 3178 λόγον,

89 3191 350 3262 ἀντιπολιτευομένων,
366 3189 434 3260 ἑτέρα
454 3189 480 3242 δὲ
499 3193 542 3257 τῆς
557 3191 618 3258 όλης
635 3191 758 3252 πολιτείας
770 3195 813 3259 τῆς
829 3197 870 3245 νῦν
917 3193 974 3263 μίαν
991 3193 1034 3263 μὲν
1050 3192 1201 3264 περιεκτικὴν
1216 3195 1260 3260 τῆς
1276 3193 1450 3255 ἀντεξετάσεως
1462 3199 1511 3246 τῶν
1524 3192 1696 3264 ἀντιδημαγω-

89 3271 151 3340 πρύς
162 3267 207 3334 τὴν
219 3270 305 3323 πάλαι.
342 3269 437 3336 Ταύτην
449 3268 476 3321 δὲ
489 3269 548 3338 δίχα
566 3270 669 3340 διαιρεῖ,
685 3267 719 3330 είς
729 3289 755 3323 τε
771 3270 813 3332 τάς
828 3275 870 3324 νῦν
914 3269 1035 3340 γούντων,
1046 3270 1119 3323 αἰτοῦ
1128 3289 1155 3324 τε
1164 3272 1231 3338 λέγω
1239 3271 1406 3341 Δημοσθένους
1414 3271 1456 3324 καί
1467 3277 1515 3324 τῶν
1521 3273 1580 3342 πρδς
1588 3271 1692 3336 ἰκτῖνον,

89 3348 263 3414 καθεστηκυίας
276 3345 348 3417 τιμθις
358 3353 406 3400 τῶν
419 3353 561 3418 στρατηγῶν
577 3348 618 3400 καί
631 3347 664 3410 εἰς
675 3347 717 3410 τάς
726 3354 774 3402 τῶν
786 3351 871 3420 προτί·
915 3349 1026 3419 δευτέραν
1042 3349 1069 3402 δέ
1081 3353 1125 3416 τῆς
1137 3350 1309 3415 καθεστηκυίας
1319 3349 1445 3411 πολιτείας
1453 3349 1512 3420 πρδς
1526 3348 1570 3414 τήν
1590 3349 1697 3404 παλαιάν

90 3446 151 3496 ρων.
173 3425 219 3478 Καὶ
232 3427 260 3478 τδ
274 3425 339 3477 ἀλλο
353 3423 418 3486 εἶδος
426 3429 469 3492 τῆς
482 3425 605 3488 πολιτείας
623 3425 686 3479 ἅπαν
704 3425 745 3478 καί
762 3425 821 3479 αύτδ
838 3425 871 3489 εἰς
915 3425 1039 3481 πολιτείαν
1056 3428 1086 3494 ἣν
1102 3428 1212 3499 διῄρηκε.
1249 3426 1286 3478 Τὰ
1305 3427 1434 3480 τελευταῖα
1447 3427 1473 3480 δὲ
1486 3419 1530 3479 τοῦ
1543 3427 1621 3498 λόγου
1637 3427 1697 3480 ἀνα-

90 3507 147 3575 τρία
157 3505 269 3576 διῄρηκε,
285 3503 318 3566 εἰς
331 3504 360 3556 τδ
376 3504 457 3558 κοινδν
470 3507 513 3568 τῆς
523 3503 631 3568 πόλεως,
647 3502 699 3573 [εἰς
712 3503 742 3556 τθ
756 3505 817 3558 κατὰ
826 3504 870 3572 τὴν
915 3504 1078 3574 κεφαλαίωσιν
1093 3503 1145 3573 ἔχει
1157 3504 1353 3574 συντετμημένην
1368 3502 1400 3564 εἰς
1418 3504 1434 3554 θ
1452 3503 1498 3572 πρδ
1518 3497 1619 3573 βραχέος
1634 3505 1697 3556 διαι-

91 3584 165 3637 πόλιν
180 3583 241 3636 add.
252 3581 350 3648 Wolf„
361 3584 371 3654 ]
384 3581 417 3644 εἰς
428 3582 459 3635 τά
477 3581 526 3634 ῖδια
538 3581 616 3635 αθτῶν
630 3589 680 3635 τῶν
695 3584 867 3654 δημαγωγῶν.
916 3587 1012 3652 ροῦντες
1024 3583 1067 3634 τδν
1081 3582 1158 3652 λόγον
1171 3582 1348 3651 κατετίμνομεν
1362 3580 1393 3634 τθι
1404 3580 1590 3650 ἰπιχειρήματα,
1598 3599 1697 3650 καταρι-

92 3663 177 3716 Πσῖσαν
190 3663 281 3727 τοίνυν,
299 3662 332 3724 όις
343 3662 445 3733 ἔφαμεν,
461 3659 505 3726 τὴν
518 3661 641 3714 πολιτείαν
660 3659 809 3722 ἀντεξετάζει
826 3659 871 3726 τήν
916 3661 1049 3730 θμούμενοι
1072 3661 1114 3712 καὶ
1133 3659 1313 3720 ύποδεικνύντες
1334 3660 1389 3712 όθεν
1412 3657 1525 3724 εἴληπται
1546 3664 1595 3711 τῶν
1615 3661 1697 3712 τόπων

93 3748 142 3794 τῶν
156 3743 294 3813 προγόνων,
314 3741 357 3792 καί
371 3747 467 3812 πρῶτον
481 3740 523 3812 μέν
540 3739 582 3792 τδν
597 3739 671 3792 αύτδν
693 3740 782 3809 τρόπον
798 3739 871 3810 όνπερ
917 3737 1026 3800 ἕκαστος.
1041 3738 1121 3791 TCV.

93 3819 451 3890 έντῷκατάλριστοκράτους.
489 3819 568 3872 Τοῦτο
578 3817 604 3870 δέ
615 3817 644 3870 τίι
657 3819 727 3888 μέρος
736 3816 820 3887 ἔχεται
828 3821 890 3870 τοῦ,
954 3833 1017 3886 170,
1031 3821 1057 3870 6.
1077 3815 1126 3868 Τδν
1142 3811 1412 3884 όπισθόδομον]οἰκος
1425 3814 1523 3868 ὄπισθεν
1540 3817 1584 3867 τοῦ
1595 3815 1643 3868 νεὼ
1654 3818 1698 3882 τῆς

92 3899 205 3968 περὶτῶν
216 3898 325 3969 ῥητόρων
338 3897 424 3966 λόγου.
462 3897 572 3950 Δείκνυσι
583 3896 631 3967 γθιρ
649 3897 713 3957 όπως
726 3895 815 3948 έκεῖνοι
828 3895 871 3966 μέν
920 3893 1031 3962 Ἀθηνᾶς,
1046 3893 1071 3946 ἰν
1084 3891 1106 3966 ᾧ
1118 3892 1258 3946 ἀπετίθεντο
1273 3893 1302 3946 τά
1316 3893 1446 3964 χρήματα,
1458 3893 1474 3959 ἢ
1487 3891 1512 3946 ἰν
1526 3895 1557 3965 τῇ
1566 3892 1697 3962 ἀκροπόλει

93 3977 233 4047 συμμέτρως
246 3977 336 4046 ἐτίμων
346 3977 402 4038 τούς
414 3977 469 4028 τότε
482 3975 645 4046 στρατηγούς,
665 3975 730 4036 ὅπως
743 3975 769 4027 δέ
783 3975 808 4027 οί
828 3979 870 4028 νῦν
916 3977 1005 4039 τόπος,
1029 3976 1088 4029 ἔνθα
1107 3975 1136 4028 εδ
1152 3977 1270 4046 δημόσιον
1289 3974 1403 4046 ἀργύριον
1425 3974 1535 4028 ἀπέκειτο
1555 3974 1597 4027 καί
1621 3973 1696 4045 όφό-

93 4053 279 4124 πολιτευόμενοι
290 4055 346 4116 τούς
362 4055 445 4126 [νυνί]
462 4055 627 4125 στρατηγούς,
643 4054 681 4106 ότι
696 4051 729 4124 μὴ
744 4053 870 4124 στρατεύε·
917 4075 966 4127 ρος.
984 4059 1039 4109 FY.

94 4132 163 4198 ταιή
183 4133 268 4198 πόλις,
283 4132 370 4187 ούδένα
383 4135 441 4205 ύρον
459 4132 515 4186 ούδέ
535 4135 621 4204 μέτρον
635 4133 768 4203 ὁρίζοντες,
789 4131 827 4186 ἀεί
845 4133 871 4186 δὲ
955 4133 1017 4200 173,
1033 4136 1058 4184 6.
1076 4131 1220 4200 Πενέσταις]
1233 4131 1350 4184 Πενέσται
1364 4129 1428 4200 παρὰ
1442 4129 1575 4191 θετταλοῖς
1595 4130 1698 4183 καλοῦν·

93 4211 229 4282 προσόολάς
246 4213 418 4283 προστιθέντες.
447 4212 480 4266 Εἰ
491 4211 517 4265 δέ
530 4212 544 4264 θ
558 4213 635 4284 δῆμος
647 4210 812 4282 ἐστρατεύετο,
827 4211 871 4264 ούκ
916 4231 969 4276 ται,
983 4214 1041 4282 ὅπερ
1055 4211 1119 4281 παρὰ
1132 4211 1330 4282 λακεδαιμονίοις
1344 4209 1368 4263 οί
1386 4207 1505 4271 Εἵλωτες·
1526 4207 1658 4262 καλοῦνται
1670 4207 1697 4262 δέ

94 4293 125 4342 ἃν
147 4289 219 4351 ούτως
238 4289 440 4360 ύπερόαλλόντως
458 4291 513 4352 τούς
530 4293 724 4360 στρατηγοῦντας
739 4288 869 4361 ἐθαύμαζε.
916 4291 958 4344 καί
969 4289 1138 4344 θετταλίκται.
1154 4291 1254 4345 FYRP.

94 4368 165 4423 Μετά
177 4373 252 4421 ταῦτα
265 4367 304 4422 ἰπί
313 4369 424 4440 δεύτερον
438 4371 507 4440 μέρος
517 4372 560 4434 τῆς
573 4367 646 4435 αύτῆς
656 4367 764 4440 ἔρχεται,
777 4369 872 4440 συγκρί·
955 4370 1019 4439 173,
1042 4375 1083 4424 16.
1104 4369 1214 4440 Φθόρους
1227 4368 1383 4439 ἀνθρώπους]
1398 4367 1486 4438 φθορᾶς
1497 4363 1584 4427 ἀξίους.
1598 4366 1649 4418 ΒΡ.

95 4467 145 4502 νων
154 4445 196 4512 τὴν
211 4451 334 4516 παροῦσαν
346 4448 473 4519 σύμπασαν
486 4451 518 4520 τῇ
530 4447 624 4518 παλαιᾷ
636 4448 760 4520 συμπάσῃ.
779 4447 875 4519 Διαιρεῖ
955 4452 1021 4518 174,
1048 4465 1090 4516 17.
1113 4445 1188 4500 ’λλλθ
1210 4445 1240 4512 νὴ
1259 4447 1321 4515 Δία]
1334 4445 1488 4516 Σημείωσαι·
1507 4448 1583 4497 ταῦτα
1606 4441 1633 4496 ίκ
1652 4447 1697 4495 τοῦ

94 4526 123 4578 δέ
134 4523 176 4591 τὴν
188 4525 312 4578 πολιτείαν
324 4525 357 4587 εἰς
367 4527 431 4596 τρία,
443 4527 549 4596 καθάπερ
559 4525 584 4579 ἰν
594 4531 629 4597 τῷ
640 4527 714 4598 τρίτῳ
723 4533 770 4578 τῶν
787 4525 872 4579 Ὀλυν-
917 4525 998 4595 τρίτου
1012 4531 1060 4578 τῶν
1075 4524 1253 4578 Ὀλυνθιακίῦν.
1267 4527 1297 4578 Β.

95 4606 196 4656 θιακῦιν·
223 4602 255 4665 εἰς
272 4603 300 4656 τδ
321 4603 383 4656 κατὰ
401 4604 457 4665 τούς
476 4603 616 4672 Ἕλληνας,
640 4606 705 4666 όπως
728 4603 770 4674 μὲν
792 4604 870 4658 αύτῶν
955 4608 1020 4670 174,
1034 4621 1078 4659 22.
1102 4603 1274 4673 Ἆκολούθους]
1289 4599 1479 4672 παραπλησίους.
1494 4601 1524 4652 Ρ.

94 4681 290 4752 προειστήκιισαν
307 4682 331 4734 οἱ
344 4684 475 4754 πρόγονοι,
490 4685 555 4744 ὅπως
567 4681 593 4735 δέ
604 4681 629 4735 σί
650 4687 707 4736 νῦν·
724 4681 756 4742 εἰς
770 4681 798 4734 τδ
810 4682 871 4735 κατθι
955 4687 1019 4750 176,
1034 4683 1079 4736 23.
1094 4682 1288 4751 Πεπολίτευσθε]
1303 4679 1419 4739 ἀνενδειῗις
1430 4679 1571 4748 προίστητε.
1582 4676 1658 4728 FYP.

96 4759 142 4826 τὴν
155 4760 235 4825 πόλιν,
250 4763 315 4822 ὅπως
327 4761 416 4815 ἐκεῖνοι
428 4761 471 4832 μέν
485 4761 666 4832 οἰκοδομήμασι
679 4760 721 4812 καλ
739 4761 809 4831 ίεριῖιν
827 4781 871 4812 κα-
955 4767 1018 4830 176,
1033 4765 1077 4816 28.
1099 4761 1285 4832 Βουλομένους]
1299 4759 1353 4813 ἀντί
1367 4762 1410 4812 τοῦ
1425 4756 1568 4826 βούλεσθαι,
1584 4755 1600 4822 ἢ
1617 4755 1695 4808 λείπει

94 4841 220 4900 τασκευαῖς
229 4841 308 4893 πᾶσαν
328 4839 477 4912 ἐκόσμησαν,
492 4839 516 4892 οἷ
528 4839 554 4892 δὲ
568 4843 610 4892 νῦν
629 4839 717 4909 κρήνας
730 4839 772 4892 καί
784 4839 873 4910 λήρους
918 4843 946 4892 τίν
959 4839 1031 4896 εῖναι.
1048 4841 1124 4896 BFY.

95 4919 310 4979 κατασκευάζουσιν
322 4939 327 4949 ·
342 4917 375 4981 εἰς
386 4919 477 4990 τρίτον,
492 4919 507 4971 δ
518 4920 623 4989 περιέχει
640 4921 683 4972 τοῦ
696 4918 749 4987 βίον
762 4924 810 4972 τῶν
826 4938 870 4972 πο·

96 4998 256 5068 λιτευομένων
274 4997 434 5063 ἀντεξέτασιν,
450 5000 515 5060 ὅπως
534 4997 576 5069 μέν
589 4997 615 5051 ἐν
632 4999 684 5058 τοῖς
696 4995 764 5058 ἰδίοις
781 4996 870 5050 ἐκεῖνοι

97 5079 187 5152 μέτριοι
199 5075 241 5130 καί
255 5077 383 5148 δημοτικοί
400 5076 528 5140 τὰςοίκίιις
544 5076 635 5147 ὁμοίως
651 5077 703 5138 τοῖς
718 5074 815 5145 ἀπόροις
831 5095 872 5128 κα-
