4114 6088
738 341 761 400 Ι.
784 339 1031 402 ΟΛΥΝΘΙΑΚΟΣ
1051 345 1088 403 Α.
1654 365 1713 416 529

145 461 276 536 Ὗμειίρεις
294 462 371 536 τύχης
381 463 660 538 ύπολαμῦιίνωΠαῦεα
677 466 718 522 διό
735 468 779 522 δύο
791 467 881 540 είρηιιε·
930 469 1003 542 ἡμεῖς
1014 471 1049 526 δέ.
1061 473 1152 543 Margo
1161 473 1334 548 8.Τδσχἠ’μα
1343 475 1514 548 ύποσιιύπηεις.
1547 481 1712 559 Σομπίραομα

102 545 136 596 δι’
147 545 174 598 ῖν
188 544 242 615 μίν,
256 544 302 597 ἵνα
320 543 463 618 προερεθίσῃ
476 547 531 609 τούς
549 543 692 614 Ἀθηναίους
702 549 744 602 καλ
762 567 884 619 προκατα-
930 551 974 602 τοῦ
988 550 1127 620 προοιμίου.
1143 553 1173 604 Β.

102 625 175 696 πείση
190 623 287 686 ἑαυτούς
299 623 408 694 εύτυχεῖς
420 623 564 690 ύπολαῦεῖν,
581 627 639 698 δπερ
651 627 758 698 μάλιστα
770 623 885 681 ἔόούλετο
969 620 1056 700 Ἧμεῖς
1066 625 1088 680 δ’
1099 628 1144 682 ούιε
1157 628 1206 682 οἶδ’
1216 631 1317 702 όντινα]
1328 630 1363 688 Τό
1377 633 1480 707 έπαχθές
1494 638 1643 712 βουλόμενος
1658 645 1713 716 φαί-

101 705 144 758 διό
163 703 209 771 τὴν
234 703 375 776 όπόγνωσιν
387 705 475 759 αἰτῶν·
489 707 521 758 δι’
538 707 620 778 ῖτερον
633 707 675 773 δί,
689 707 732 762 ίνα
748 708 807 782 δόξῃ
817 708 885 762 καλό
930 723 983 777 γειν
992 705 1034 758 καί
1047 703 1132 761 ύαυτδν
1151 706 1290 782 ἔγκατέμιξε
1310 717 1346 784 τῷ
1357 711 1510 788 ἐγκλήματι,
1528 719 1600 791 ήμεῖς
1617 722 1710 792 είιαδν,

101 789 180 859 λόγος
192 787 294 841 ἀακεπτί
305 787 420 858 λόγεσθαι
428 787 469 840 καί
476 788 534 860 δόξῃ
545 790 587 842 καί
600 789 699 862 όρήτωρ
712 791 738 846 ἔκ
749 797 798 845 τῶν
810 812 885 862 πραγ·
930 783 971 836 ῑαί
985 784 1032 855 ῡῦχ
1045 783 1124 857 “42⁸‘ss-
1139 787 1218 840 Τοῦτο
1229 789 1254 841 δὲ
1272 789 1301 842 rb
1317 795 1404 863 σχῆμα
1418 793 1518 866 λέγεται
1530 797 1713 870 ύποσιῶπησις,

103 870 189 940 μάτων
202 867 305 938 ίσχύειν,
318 867 360 920 καλ
371 866 441 920 αύτοί
454 870 582 922 πεισθῶσιν
598 868 707 941 εύτυχεῖς
719 869 792 938 εἶναι,
800 870 843 924 ούιι
858 871 884 924 ἐκ
931 866 989 920 όταν
1003 867 1083 940 μέλλῃ
1094 887 1129 930 τις
1143 865 1258 939 ἐπιφέρειν
1271 871 1348 940 τραχύ
1363 891 1386 924 τι
1396 873 1437 925 καί
1449 875 1571 948 λοιδορίας
1580 878 1712 952 ἐχόμενον,

101 953 152 1002 τῶν
163 947 248 1000 ἄλλων
260 947 347 1018 μόνον,
358 944 424 998 ἀλλὰ
436 947 477 1000 καί
487 948 544 1018 παρ’
552 947 625 1002 αύτοῦ
636 953 680 1003 τοῦ
691 949 769 1021 λόγου
779 951 886 1012 είκάζον·
931 941 965 1015 μθ
981 945 1100 1016 βῡίληῐαῑ
1118 946 1144 1000 δὲ
1161 947 1202 998 ῧῑύ
1213 947 1242 1000 τί»
1256 946 1358 1017 mlo&
1374 949 1432 1003 αύτὶι
1449 951 1539 1024 λέγειν,
1553 955 1618 1010 ἀλλὰ
1630 960 1662 1010 δι’
1679 960 1715 1013 αἰ-

101 1046 152 1089 τες.
201 1023 253 1078 θύα
264 1025 294 1078 ἂν
306 1025 354 1096 γέιρ
368 1021 439 1088 ούτος
450 1025 493 1078 καί
503 1027 610 1090 δυνατῶς
620 1028 662 1080 καλ
677 1027 798 1100 εύπρεειῶς
812 1047 884 1084 σονε-
930 1023 1186 1098 νῑγμάτωνοημαίνη.
1224 1025 1271 1078 Καὶ
1284 1025 1331 1096 γύιρ
1351 1026 1454 1082 ἐνταῦθα
1467 1033 1616 1104 βουλόμενος
1630 1036 1712 1108 λέγειν

100 1107 160 1172 τίθη
176 1103 252 1176 χωρίς
265 1107 309 1170 τῆς
321 1101 431 1174 εύτυχίας
444 1103 533 1157 αύτῶν.
549 1107 626 1160 HRS.
930 1102 968 1154 δτι
983 1101 997 1154 ό
1010 1101 1053 1173 μέν
1071 1102 1154 1173 παρὼν
1170 1103 1252 1174 καιρός
1269 1105 1348 1158 πάντα
1364 1105 1434 1160 ποιεῖ
1443 1109 1582 1180 παροξύνων
1593 1112 1657 1184 ἡμᾶς
1674 1115 1714 1170 ἐπὶ

138 1184 236 1254 Τύχης]
251 1180 333 1248 ίπειδή
348 1181 434 1254 μέλλει
453 1183 555 1236 δυνατόν
577 1183 664 1238 καλεῖν
680 1183 723 1239 τόν
741 1185 882 1252 Φίλιππον,
929 1177 973 1246 τὴν
986 1180 1110 1252 Ισωτηρίαν
1125 1186 1173 1234 τῶν
1192 1182 1358 1254 πραγμάτων,
1379 1183 1450 1256 ἡμεῖς
1467 1186 1493 1239 δὲ
1503 1187 1657 1262 ῥᾳθυμοῦμεν
1672 1194 1713 1246 καί

101 1263 145 1317 διδ
157 1263 186 1318 εδ
199 1261 266 1317 εἶναι
283 1263 389 1333 εύπιχή,
406 1265 576 1332 προσποιεῖται
591 1262 695 1317 ἐνταῦθα
712 1263 806 1336 άφελῶς
820 1265 885 1320 εύτι·
930 1257 958 1312 ού
968 1261 1129 1330 προσέχομεν
1140 1259 1237 1325 αύεοῖς,
1255 1260 1322 1314 ἀλλὰ
1335 1261 1397 1326 θέαις
1410 1283 1436 1316 τε
1449 1264 1491 1317 καί
1503 1271 1602 1338 τρυφαῖς
1616 1271 1712 1341 σχολή.

101 1343 162 1415 χίαν
176 1341 309 1410 Ἆθηναίοις
324 1343 470 1413 μαρτυρεῖν,
484 1341 528 1394 ἵνα
543 1343 623 1395 έκεῖσε
636 1344 767 1415 γενόμενος
783 1344 830 1418 ἔχῃ
844 1344 886 1398 αθ-
930 1341 1020 1410 ζομεν,
1033 1337 1184 1407 ύπεσιώπησε
1195 1339 1238 1410 μέν
1248 1343 1320 1393 τοῦτο
1333 1341 1373 1393 διὰ
1384 1341 1414 1396 τό
1424 1345 1552 1416 δυσχερές’,
1565 1345 1674 1420 ἐπήγαγε
1686 1351 1714 1405 δὲ

102 1423 161 1484 τοῦς
170 1421 367 1492 προειθισμένους
381 1417 492 1488 έκούειν,
506 1421 544 1474 δτι
555 1419 597 1474 καί
610 1419 679 1476 αύτολ
696 1422 810 1476 δύνανται
827 1427 886 1495 προῖ-
933 1439 944 1466 ε
960 1415 1004 1470 οθιι
1016 1416 1065 1470 οἶδ’
1075 1419 1159 1471 δντινά
1169 1437 1211 1488 μοι
1220 1419 1340 1488 δοκοῦμεν
1355 1418 1421 1489 ἔχειν
1437 1423 1525 1494 τρόπον
1540 1425 1598 1496 πρδς
1611 1425 1681 1482 αὑτά,
1698 1451 1710 1479 ν

102 1499 142 1562 ξαι
156 1497 187 1552 τό
197 1499 293 1553 δέοντα.
308 1499 413 1552 ΥΤΟΚ.
929 1496 1038 1568 Διαφέρει
1052 1496 1079 1550 δέ
1090 1500 1133 1563 τῆς
1151 1495 1355 1563 ἂποσιωπήσεως,
1368 1501 1406 1553 ότι
1426 1499 1505 1570 ἐκείνη
1523 1503 1566 1574 μὲν
1587 1507 1712 1570 παντελῶς

140 1597 166 1648 9,
179 1597 205 1648 9.
229 1575 272 1638 Ἐξ
282 1574 415 1647 όπάντων]
431 1575 473 1628 καί
485 1579 533 1629 τῶν
548 1573 705 1646 ίαιιεμμίνων
722 1575 765 1630 καί
777 1581 826 1632 τῶν
841 1599 885 1634 πα·
930 1573 1059 1648 όποσιωπᾷ
1069 1575 1098 1629 τό
1113 1577 1232 1647 πρᾶγμα,
1249 1577 1282 1639 ὡς
1296 1577 1324 1630 τδ
1340 1577 1392 1630 ιού
1412 1581 1533 1652 βούλομαι
1554 1583 1580 1636 δὲ
1599 1585 1712 1656 δυσχερές

102 1659 222 1728 ραχρήμα
231 1654 381 1726 λεχθέντων.
397 1657 429 1710 P.
933 1675 944 1702 ι
962 1653 1031 1708 οῦδὲν
1046 1653 1136 1718 εἰπεῖν,
1156 1675 1166 1704 ι
1187 1653 1244 1720 ἡδὲ
1258 1655 1422 1724 ύποσιῶπησις
1438 1657 1569 1714 αένίττεεαέ
1579 1681 1612 1727 τι,
1632 1664 1665 1726 ῶς
1678 1663 1714 1718 έν-

139 1755 167 1804 9,
182 1751 224 1790 10.
249 1732 279 1788 Ὀ
295 1733 339 1806 μέν
356 1727 463 1806 ούν-]
476 1733 591 1804 Δεύτερον
604 1733 747 1805 προοίμιον,
763 1734 884 1806 σύντομον
929 1735 1016 1788 ταῦθα.
1062 1732 1108 1800 Είη
1130 1733 1159 1787 δν
1182 1728 1225 1786 ούν
1241 1740 1314 1788 τοῦτο
1335 1736 1364 1789 τό
1385 1737 1466 1792 κῶλον
1491 1742 1650 1814 σιηαιόρασμα
1669 1749 1713 1798 τοῦ

102 1813 147 1868 καλ
159 1819 232 1868 τοῦτο
241 1812 333 1886 όμοίως
341 1819 376 1886 τῷ
385 1813 475 1886 πρείιτῳ
483 1811 524 1865 διό
535 1811 579 1880 τὴν
592 1813 677 1884 χρείαν
688 1815 732 1866 τοῦ
745 1817 830 1884 καιροῦ
841 1817 885 1866 τοῦ
929 1813 1074 1885 προοιμίου,
1089 1817 1237 1881 κατασκευῆς
1260 1813 1333 1883 ούσης
1347 1820 1390 1884 τῆς
1413 1839 1423 1868 ε
1443 1815 1509 1891 εἴπερ
1521 1819 1579 1891 όπὲρ
1593 1824 1713 1894 σωτηρίας

102 1893 290 1964 κατεπείγοντος
299 1892 358 1964 πρός
376 1893 490 1963 βοήθειαν
502 1893 550 1946 BS.
572 1889 716 1945 Ἆκόλουθον
728 1895 765 1962 τῷ
777 1891 885 1964 προτέρῳ
934 1916 945 1938 ι
959 1891 1195 1964 αθτῶνφροντέζετε.
1211 1916 1222 1944 ι
1244 1895 1323 1948 BRV.

102 1971 266 2044 προοιμίιρτδ
282 1971 404 2042 δεύτερον.
445 1967 518 2023 Ἐκεῖ
528 1969 576 2042 γδφ
595 1967 811 2041 προκαλεσάμενος
830 1971 886 2033 τούς
966 1989 996 2040 9,
1014 1972 1055 2028 15.
1076 1971 1148 2025 Ἔστι
1164 1969 1245 2044 δή-]
1261 1971 1383 2028 Ἐνταῦθα
1397 1973 1425 2029 τό
1443 1979 1572 2050 συμφέρον.
1591 1981 1623 2034 Β.
1640 1977 1712 2052 Ἀρχή

104 2049 268 2122 βουλομένους
279 2049 470 2121 συμῦουλεύειν,
491 2053 533 2103 νῦν
549 2047 576 2102 ίκ
592 2047 727 2120 περιουσίας
744 2047 787 2100 τόν
801 2048 885 2119 καιρόν
931 2054 980 2102 τῶν
993 2049 1142 2121 κεφαλαίων.
1162 2053 1211 2106 Bs.
1231 2051 1334 2124 Γνώμης
1347 2051 1476 2124 ἀπόφασις·
1496 2055 1548 2112 ἐστὶ
1561 2058 1587 2112 δέ
1602 2057 1713 2114 ίνςεῦθεν

102 2129 243 2200 σύμόουλον
270 2127 417 2200 εἰσήγαγεν,
437 2131 518 2200 ὥσπερ
539 2127 719 2200 ἐνδεικνύμενος
744 2128 783 2180 ότι
799 2127 825 2181 τί
842 2125 885 2199 μέν
933 2126 999 2200 ἀρχή
1011 2127 1053 2182 καί
1067 2127 1168 2196 είσύολή
1180 2133 1224 2183 τοῦ
1238 2132 1407 2202 συμφέροντος.
1420 2135 1478 2186 BV.

103 2208 200 2280 έροῦαιν
222 2209 246 2264 οί
266 2207 365 2281 ῥήτορες
384 2208 524 2277 άδηλον,ό
544 2209 628 2280 μέντοι
649 2207 731 2278 καιρός
749 2206 823 2272 τήνδε
840 2204 885 2274 τήν
967 2226 994 2277 9,
1015 2225 1056 2278 17.
1080 2205 1132 2274 Τήν
1154 2207 1289 2282 ταχίστην]
1310 2207 1365 2262 ἀντὶ
1385 2215 1429 2264 τοῦ
1442 2214 1545 2282 ταχέως.
1583 2213 1618 2268 Τό
1635 2215 1658 2267 δ’
1677 2213 1714 2270 έν-

102 2289 208 2358 γνώμην
220 2286 388 2358 όποφαίνεται.
425 2285 473 2340 Καί
485 2285 550 2340 ίστιν
562 2288 643 2358 ὥσπερ
653 2285 680 2340 έιι
691 2286 887 2356 προσωποποιίας
932 2283 1000 2340 θένδι
1012 2285 1067 2339 άντλ
1080 2290 1125 2340 τοῦ
1137 2286 1252 2360 πολιτικῇ
1263 2287 1363 2359 δυνάμει
1375 2288 1416 2343 καί
1428 2287 1461 2362 μή
1476 2289 1540 2366 ξένη.
1551 2285 1623 2349 RES.

102 2367 215 2438 όλόγος·
230 2366 358 2437 διενήνοχε
370 2365 396 2420 δέ
407 2369 451 2432 τῆς
463 2365 528 2438 παρὰ
539 2369 591 2429 τοῖς
605 2367 730 2433 ποιηταῖς,
746 2366 785 2418 ότι
796 2363 886 2419 ἐκεῖνοι
970 2362 1099 2436 Ἐνθένδε]
1113 2363 1147 2428 είς
1161 2364 1295 2420 Ὄλυνθον.
1309 2369 1339 2421 Ρ,

105 2445 151 2518 μέν
164 2445 237 2500 αύτδν
252 2445 296 2499 τδν
308 2443 392 2516 καιρόν
404 2447 501 2498 ποιοῦσι
518 2445 702 2518 φθεγγόμενον,
720 2441 771 2510 ήτι
785 2439 885 2515 ἕτερον,
967 2462 994 2514 9,
1013 2447 1053 2500 18.
1074 2441 1153 2516 Ὅπερ
1170 2443 1212 2498 καί
1225 2446 1359 2518 πρότερον]
1375 2447 1466 2518 Καιροῦ
1483 2445 1531 2520 γὰρ
1554 2447 1641 2521 όμοίου
1658 2451 1713 2523 περί

103 2525 143 2589 οίς
155 2523 182 2579 ού
199 2527 294 2598 μέτεστι
307 2529 404 2596 φωνῆς,
419 2523 433 2578 δ
453 2525 536 2596 μέντοι
546 2523 626 2596 ῥήτωρ
641 2521 685 2590 τήν
701 2521 793 2577 έκείνου
803 2519 886 2594 φωνήν
932 2539 1005 2576 τινων
1018 2521 1103 2575 θλλων
1116 2524 1296 2594 παραπεσόντος
1310 2521 1460 2595 ἠμελήκατε.
1472 2528 1502 2581 Ρ.

102 2603 269 2676 ύποκρίνεται,
280 2603 746 2676 τδπιθανδντῷλόγῳιιατασειευάζοιν.
759 2605 885 2659 BRTCV.
970 2618 1018 2667 10,
1036 2619 1060 2655 1.
1074 2599 1145 2664 Ἧτις
1157 2603 1225 2656 ταῦτ’
1235 2599 1299 2674 έρεῖ]
1314 2603 1352 2656 δτι
1363 2599 1493 2674 μέλλουσιν
1508 2603 1590 2658 ἐλθεῖν
1600 2605 1624 2660 οί
1641 2603 1712 2676 Ἀθη-

102 2683 211 2737 Δύναταε
222 2682 249 2736 δέ
264 2683 293 2736 τό
306 2685 348 2750 τῆς
362 2680 489 2748 ἠθοποιίας
502 2681 669 2754 ίμψιχότερον
688 2681 740 2752 ἅμα
753 2680 795 2734 καί
817 2680 887 2752 έναρ·
933 2682 1000 2735 ναῖοι
1011 2679 1051 2733 καί
1067 2679 1187 2750 βοηθῆσαι
1203 2677 1273 2751 ύμῖν,
1295 2679 1337 2734 καί
1350 2681 1391 2734 διδ
1405 2686 1446 2749 τῆς
1458 2685 1588 2754 παρουσίας
1600 2705 1713 2759 παραμν·

104 2763 221 2835 γέστερον
231 2759 372 2831 ἀποφαίνειν
383 2759 427 2813 τόν
438 2759 527 2830 λόγον.
566 2759 638 2812 Ἐστι
647 2757 673 2812 δέ
682 2759 724 2812 καὶ
733 2757 762 2812 τδ
774 2758 886 2829 δεύτερον
934 2757 1033 2824 θήσεται
1046 2757 1144 2820 αύτούς·
1159 2757 1201 2810 καί
1214 2757 1247 2829 μή
1262 2761 1348 2830 χώραν
1362 2763 1413 2832 σχῇ
1426 2761 1440 2812 ό
1453 2762 1577 2826 Φίλιππος
1590 2763 1712 2834 όπαςῆαᾳι

103 2841 235 2912 προοίμιον
248 2837 333 2905 ἠθικόν
347 2839 439 2909 δμοίως
455 2838 498 2892 καί
510 2837 688 2910 πραγματικόν·
708 2836 772 2912 όμοῦ
786 2836 835 2908 γὰρ
846 2857 888 2904 ση·
933 2835 1037 2901 αύτούς,
1057 2835 1112 2890 ἄντί
1127 2835 1242 2908 ένεχύρου
1262 2841 1306 2906 τῆς
1323 2839 1435 2910 βοηθείας
1450 2839 1605 2912 ύπαρχοόσης
1629 2845 1713 2908 αθτοῖς

106 2920 188 2992 μαίνει
198 2918 240 2972 καί
251 2915 296 2984 τὴν
311 2919 392 2990 σιιέίμιν
406 2921 449 2972 τοῦ
462 2915 578 2989 ῥήτορος,
592 2917 684 2984 καὶτῆς
695 2916 801 2978 παλαιᾶς
813 2917 887 2969 αότοῦ
932 2915 1011 2971 ἐκεῖσε
1025 2919 1068 2983 τῆς
1079 2915 1214 2986 πρεσόείας.
1226 2917 1279 2972 SV.

104 2997 178 3065 δόξης
190 2995 384 3068 ύπομιμνήσκει,
398 2995 440 3050 καὶ
450 2995 481 3048 δι’
496 2995 588 3050 έαυτῶν
602 2995 692 3049 ίκαστα
704 2995 818 3066 πράττειν
829 3013 886 3066 προ-
968 2995 1015 3049 Καλ
1037 2997 1165 3068 παρέσται]
1183 2994 1271 3068 ήγουν,
1288 2995 1304 3065 ἡ
1326 2994 1386 3064 αύτή
1408 2995 1515 3070 όγγελος
1534 2995 1572 3066 εἴη
1587 3003 1630 3068 τῆς
1653 3001 1710 3072 βοη.

104 3077 227 3146 τρέπεται.
243 3077 275 3127 R.
933 3077 998 3139 θείας
1011 3076 1053 3131 καί
1066 3078 1163 3148 βοηθός.
1176 3079 1206 3132 Ρ.

147 3153 178 3208 Ὀ
192 3153 235 3226 μέν
249 3147 293 3206 ούν
312 3154 395 3224 παρὼν
407 3151 506 3226 καιρός]
522 3152 607 3223 Σαφῶς
622 3150 724 3206 ίνταῦθα
741 3151 888 3206 δείκνυσινό
970 3173 1012 3222 ιο,
1028 3171 1054 3212 ο.
1073 3153 1132 3228 Ὧς]
1145 3157 1180 3210 Τό
1196 3157 1228 3220 ῶς
1242 3155 1296 3211 ἀντὶ
1307 3157 1351 3211 τοῦ
1364 3155 1406 3209 καί
1417 3157 1474 3228 γόρ.
1490 3157 1537 3212 ES.

102 3235 187 3307 ῥήτωρ
198 3234 237 3286 δτι
252 3231 425 3304 μεμελέτηκεν·
443 3231 468 3286 έν
479 3227 501 3303 ᾧ
514 3231 563 3302 γὰρ
578 3230 646 3301 λέγει
659 3230 702 3284 τὸν
716 3233 824 3302 παρόντα
834 3251 887 3286 ειαι-
967 3232 1085 3308 Δίος,μὴ
1103 3237 1284 3308 πανοῦργος-1
1297 3236 1334 3289 Τό
1348 3233 1391 3308 μέν
1407 3237 1483 3298 όντως
1496 3237 1586 3308 φούερά
1602 3243 1646 3292 τοῦ
1663 3239 1712 3292 Φι-

103 3315 168 3386 ρόν,
182 3309 296 3382 ἐντούτῳ
309 3311 451 3381 παρίστησιν
466 3310 504 3362 δτι
516 3305 586 3371 ούτος
600 3307 691 3371 ἐκεῖνος
702 3307 716 3361 ό
727 3309 809 3380 καιρός
820 3311 849 3363 δν
862 3309 888 3364 ἐκ
931 3311 1022 3366 λίπειου
1034 3315 1189 3380 σεσιώπηιιε,
1208 3315 1317 3367 τουτέστι
1338 3308 1383 3380 τήν
1396 3314 1509 3386 δύναμιν,
1526 3318 1582 3380 τούς
1594 3320 1712 3390 σερατιιύ·

104 3389 204 3447 πολλοῦ
217 3389 368 3460 περιέμενον.
384 3381 549 3456 Εόδηλονούν
564 3387 603 3440 ότι
616 3386 645 3439 τδ
660 3388 780 3458 συμφέρον
793 3387 888 3441 όνωθεν
933 3409 989 3452 τας·
1009 3389 1053 3444 τόν
1073 3390 1100 3445 δί
1120 3392 1210 3462 τρόπον
1230 3389 1296 3445 εἶναί
1308 3411 1366 3463 φησι
1380 3393 1493 3465 φοόερδν,
1515 3390 1544 3446 ού
1561 3395 1603 3448 καί
1625 3395 1712 3468 ῥηιδίως

105 3470 195 3536 έζήτει·
211 3471 259 3522 ποῦ
270 3465 317 3538 γὰρ
330 3467 359 3518 δν
381 3464 475 3537 ίπέγνω
495 3466 538 3520 τδν
552 3464 636 3536 καιρόν
656 3463 682 3519 ίν
696 3461 718 3536 ᾧ
734 3465 837 3520 δυνατόν
857 3460 888 3534 ήν
933 3470 1098 3540 περιγενέσθαι
1116 3469 1226 3527 δύναται,
1263 3469 1311 3524 Καὶ
1329 3469 1370 3522 διό
1384 3477 1433 3524 τῶν
1449 3471 1527 3526 αύτῶν
1541 3472 1584 3526 καί
1603 3472 1647 3542 τήν
1663 3476 1712 3528 Φι-

104 3550 161 3609 τοῖς
174 3545 306 3614 Ἀθηναίοις
321 3543 454 3598 ἂναλαόεῖν
473 3544 504 3598 τό
522 3545 671 3616 πράγματα;
686 3545 789 3615 πότερον
810 3544 837 3598 δέ
857 3543 888 3599 τύ
933 3545 1024 3600 λίππου
1042 3546 1144 3618 δύναμιν
1162 3549 1275 3620 καθαιρεῖ
1292 3548 1335 3601 καὶ
1353 3547 1397 3614 τὴν
1414 3547 1493 3602 αἰτίαν
1512 3549 1645 3605 ἀποδίδωσι
1666 3552 1711 3620 τὴν

103 3635 156 3682 τιῖιν
171 3627 305 3680 Ὀλυνθίων
319 3626 335 3693 ή
351 3624 382 3680 τό
396 3629 439 3692 τῆς
451 3625 555 3688 πόλεως.
568 3625 626 3679 ΗΚ.
640 3623 671 3678 Εί
683 3625 726 3696 μέν
738 3620 781 3680 σύν
796 3625 827 3680 τὰ
840 3631 888 3680 τῶν
928 3615 976 3694 ’τῆς
993 3626 1144 3697 χειροτονίας
1162 3632 1210 3679 τῶν
1227 3627 1361 3697 πρέσόεων,
1383 3625 1417 3698 μή
1431 3632 1568 3699 πανοῦργος
1580 3631 1625 3687 ῶν.
1667 3631 1712 3686 Ἐκ

109 3704 247 3759 Ὀλυνθίων
257 3703 360 3776 ίλεγεν,
376 3702 420 3756 ούιι
429 3703 458 3756 δν
471 3701 525 3758 είπε
535 3709 583 3757 τῶν
594 3705 745 3776 πραγμάτων
756 3703 815 3776 ύμῖν
827 3703 889 3758 ὲκεί-
933 3709 977 3773 τής
996 3706 1171 3778 παρακειμένης
1187 3705 1214 3759 δέ
1232 3707 1264 3777 τῇ
1288 3704 1360 3776 σοφίᾳ
1373 3705 1457 3768 κακίας
1476 3707 1590 3779 ὠνόμασε
1606 3709 1649 3763 τδν
1663 3711 1711 3764 Φί-

105 3802 169 3848 νων,
182 3781 248 3835 ἀλλὰ
255 3783 357 3836 τούτων·
372 3781 534 3854 ήρμοττεγόρ
548 3782 646 3854 μᾶλλον
653 3781 682 3836 τό
693 3783 813 3837 δεικτικὸν
824 3781 889 3838 ίπει·
934 3783 1040 3838 λιππον·
1055 3781 1096 3835 καί
1107 3783 1154 3854 γὰρ
1162 3783 1204 3836 τόν
1221 3781 1340 3836 Ὀδυσσέα
1351 3781 1391 3834 διὰ
1402 3786 1474 3836 τοῦτο
1486 3785 1561 3854 σοφλν
1576 3786 1730 3860 καλοῦμεν,-γ

103 3860 138 3926 δή
152 3860 194 3914 καί
202 3865 244 3916 νῦν
259 3859 393 3927 ένίσιηκεν·
405 3859 471 3913 ἀλλὰ
485 3861 582 3932 μᾶλλον
592 3859 670 3914 έοιιιεν
685 3860 831 3916 αἰνίττεσθαι
844 3860 888 3928 τήν
934 3864 973 3918 δτι
986 3861 1068 3925 δόλοις
1079 3863 1120 3915 καί
1133 3863 1289 3934 πανουργίαις
1302 3863 1427 3932 κέχρηται.
1465 3861 1594 3932 Σιωπήσας
1611 3861 1655 3920 σύν
1666 3867 1711 3934 τήν

104 3939 214 3995 παλαιόν
229 3939 382 4010 εύδαιμονίαν
399 3939 441 3992 καί
457 3937 562 4007 τὴντῶν
576 3939 677 3994 πολλῶν
691 3939 834 4011 ἡγεμονίαν·
850 3941 889 3994 διδ
934 3944 1030 4015 σοφίαν,
1053 3942 1111 4014 δπερ
1136 3939 1166 4010 ήν
1190 3942 1298 4008 ἔνδοξον,
1318 3940 1362 4008 τήν
1384 3944 1533 4014 πανουργίαν
1556 3941 1635 4009 εἶπεν,
1653 3947 1712 4020 όπερ

104 4019 150 4074 καὶ
164 4018 286 4090 ἐπήγαγεν
295 4019 328 4080 ὡς
340 4017 554 4090 ὁμολογούμενον,
562 4017 630 4090 είπερ
643 4017 701 4090 ύπὲρ
714 4020 832 4090 σωτηρίας
846 4019 888 4071 αδ-
935 4021 999 4076 έστίν
1011 4019 1107 4082 ἄδοξον.
1123 4023 1182 4076 ΗΚ.

106 4105 159 4154 τῶν
177 4099 326 4169 φροντίζετε.
363 4097 492 4168 Πρόδηλον
506 4097 555 4170 γὰρ
569 4099 608 4151 δτι
625 4097 681 4168 περί
696 4096 791 4151 πολλοῦ
813 4101 889 4152 ποιεῖ·
969 4099 1110 4170 Κανοῦργος
1129 4103 1164 4152 ῶν
1183 4099 1223 4154 καί
1236 4097 1358 4166 δεινός-1
1380 4097 1458 4152 Τοῦτο
1482 4096 1525 4168 μέν
1541 4097 1651 4170 ἄντικρυς
1669 4101 1712 4154 καί

103 4196 148 4232 ται
157 4173 201 4242 τὴν
213 4174 321 4230 παλαιόν
339 4174 411 4237 δόξαν
428 4175 621 4242 ἀνακτήσασθαι.
672 4174 832 4241 Καταστήσας
844 4171 888 4232 ούν
935 4179 1057 4250 έγκιύμιον
1076 4175 1141 4232 εῖναι
1164 4180 1250 4244 δοκεῖ,
1273 4175 1353 4231 καλαί
1372 4195 1407 4240 τις
1428 4175 1487 4231 αύτδ
1509 4176 1563 4248 περὶ
1582 4173 1712 4245 Ἀθηναίων

105 4256 142 4318 είς
155 4254 290 4326 ύπόμνησιν
310 4253 396 4316 αύτούς
406 4250 443 4307 ὧν
459 4253 608 4326 ἐπεθύμουν,
629 4253 712 4324 καιρδν
732 4251 791 4326 έσχε
807 4255 890 4328 καίτῇ
935 4256 1013 4320 εἶπεν,
1030 4255 1075 4310 οθιι
1097 4257 1126 4309 ἂν
1146 4255 1330 4328 ἠγανάκτησαν.
1366 4253 1401 4307 Ού
1419 4251 1467 4326 μην
1488 4253 1554 4308 ἀλλὰ
1578 4255 1620 4310 καί
1639 4263 1712 4313 τοῦτο

104 4337 163 4391 κατ’
188 4337 266 4391 αύτῶν
288 4335 425 4408 ίπιτιμήσει
450 4335 599 4408 χρήσασθαι.
642 4336 690 4390 Καὶ
711 4334 768 4392 ούτε
783 4343 890 4409 φανερῶς
935 4333 967 4397 εἰς
986 4335 1054 4406 ύόριν
1072 4335 1221 4406 παρέστησεν
1244 4331 1424 4406 ήπροαειμένη
1439 4331 1510 4395 λέξις.
1552 4331 1583 4386 Ἥ
1601 4333 1649 4406 γὰρ
1668 4341 1713 4390 τοῦ

102 4416 218 4470 ὠνείδισε
233 4413 278 4482 τὴν
296 4415 424 4488 ῥαθυμίαν·
448 4415 602 4488 ἀνάρμοστον
623 4415 671 4488 γόρ
685 4417 842 4487 προτρέποντι
860 4417 889 4472 εδ
933 4415 1072 4485 πανούργου
1085 4414 1169 4486 μνήμη
1184 4415 1226 4467 καί
1236 4411 1281 4480 τήν
1296 4413 1425 4480 δεινότητα
1435 4411 1542 4466 διέῦαλε.
1581 4413 1629 4466 Καὶ
1645 4413 1712 4470 έστιν

102 4498 229 4550 τοιοῦτον·
249 4493 305 4549 ούτε
318 4495 444 4558 παντελῶς
460 4493 566 4566 ἀφῆκεν,
584 4493 651 4548 αλλὰ
670 4494 711 4548 διὰ
726 4499 769 4563 τῆς
782 4495 888 4550 ύποσιω-
934 4495 994 4548 όλον
1008 4499 1081 4548 τοῦτο
1095 4493 1122 4548 ίκ
1136 4497 1178 4561 τῆς
1190 4493 1323 4564 Κορινθίων
1340 4492 1492 4565 δημηγορίας
1505 4491 1655 4563 εἰλημμένον
1667 4499 1710 4562 τῆς

103 4573 205 4641 πήσεως
218 4571 337 4640 έδήλωσι.
351 4576 384 4628 R.
934 4574 993 4644 πρός
1007 4573 1218 4644 Λακεδαιμονίους.
1257 4572 1306 4625 Καί
1323 4571 1371 4642 γὰρ
1383 4569 1437 4624 ίκεῖ
1447 4569 1552 4641 φοόῆααι
1565 4571 1713 4644 βουλόμενοι

143 4669 172 4721 9,
198 4667 241 4710 ια.
265 4647 341 4724 Ὗμῖν
361 4651 461 4706 έπείνων
484 4651 581 4720 αύτοῖς]
599 4649 654 4705 άντθ
673 4657 733 4716 τοῦ,
756 4649 815 4722 ύμῖν
837 4653 890 4716 τοῖς
934 4653 991 4714 τούς
1003 4649 1208 4722 Λακεδαιμονίους
1227 4648 1251 4702 οἱ
1270 4649 1410 4722 Κορίνθιοι,
1429 4647 1458 4702 τό
1470 4647 1513 4719 μέν
1530 4647 1643 4702 ναυτικδν
1662 4657 1711 4705 τῶν

107 4729 245 4798 ’Δθηναίοις
261 4731 345 4795 αύτοῖς
358 4729 518 4800 ίντιληπτίον
532 4732 573 4785 καί
592 4730 759 4798 έντιποιητίον
780 4729 832 4785 έοτί
840 4731 889 4787 τῶν
938 4729 1068 4798 Ἀθηναίων
1080 4727 1121 4782 καί
1133 4727 1164 4782 τό
1176 4727 1249 4801 μυρία
1260 4727 1370 4781 τάλαντα
1381 4723 1530 4794 ίσιύιετησαν,
1545 4725 1574 4778 τό
1586 4725 1612 4778 δέ
1625 4743 1712 4783 νεωτε·

103 4809 132 4868 έν
148 4807 261 4882 Ὀλύνθερ
273 4812 436 4884 πραγμάτων.
450 4811 485 4863 V.
934 4805 1033 4878 ροποιδν
1046 4805 1125 4860 αύτῶν
1142 4805 1186 4859 καὶ
1204 4805 1233 4858 τδ
1246 4804 1288 4867 όξίι
1303 4801 1486 4876 προῦόλλονται
1506 4801 1548 4856 καὶ
1566 4803 1646 4876 τούτῳ
1666 4823 1711 4876 φο-

143 4909 173 4962 9,
191 4891 235 4946 13.
250 4889 396 4964 Είπερύπίρ
407 4893 458 4959 -]
469 4889 491 4944 εί
505 4887 615 4960 μέλειτῇ
631 4889 704 4944 πόλει
713 4892 757 4944 τοῦ
770 4890 889 4960 προεστά-
934 4889 1013 4942 δοῦσι.
1027 4887 1086 4942 HR.

104 4987 149 5024 ⁹⁸2
166 4971 209 5035 τῆς
222 4973 272 5022 τῶν
285 4965 415 5036 Ἑλλήνων
429 4965 572 5039 θῖῑμθυίαε.
585 4968 614 5022 S·
971 4981 1013 5032 ιο,
1028 4967 1054 5021 δ.
1067 4963 1199 5036 Κράγμασι
1210 4963 1326 5044 χρῆσθαι,
1340 4960 1370 5017 τό
1380 4958 1423 5032 μέν
1438 4957 1557 5030 είκων-·]
1567 4959 1666 5033 Πράξεις
1677 4969 1713 5038 τῇ

146 5041 290 5112 natam)
302 5049 346 5100 τοῦ
357 5047 469 5118 διατόρου
477 5045 616 5116 προοιμίου.
627 5045 719 5116 Margo
732 5045 760 5102 S.
933 5043 1053 5115 Φιλίππῳ
1068 5043 1203 5114 περιέθηκε.
1240 5041 1275 5095 Τό
1289 5041 1337 5114 γὰρ
1357 5037 1430 5094 είκιιν
1444 5039 1487 5094 καλ
1504 5038 1614 5095 άειειλιῖν
1630 5041 1713 5106 αύτοῖς

145 5145 175 5197 9,
205 5129 248 5190 ιή.
271 5121 359 5197 Ἧμεῖς
380 5125 422 5198 δέ]
449 5124 615 5198 Συμπόρασμα
636 5128 680 5179 τοῦ
706 5123 836 5198 προοιμίου
860 5124 905 5218 τδγ
934 5121 962 5176 οδ
977 5121 1160 5194 βεδαίουτινός.
1200 5119 1246 5210 Καὶ
1259 5119 1416 5192 έστηφησίν,
1436 5115 1572 5220 όξιόπισμος
1585 5119 1708 5176 ἀπειλῶν.

250 5234 379 5271 οιιτοιιιε.
397 5235 421 5270 ιι.
1217 5231 1221 5238 ·
1584 5231 1616 5272 σε
