4114 6088
793 423 1042 486 FRAGMENTA.

121 559 233 618 narcho
255 565 357 613 contra
381 557 565 630 polyeuctum
591 553 708 628 scriptas
735 572 792 610 esse
813 554 896 610 facile
1327 573 1349 610 r.
1689 627 1691 632 Ι

123 645 337 702 existimaveris.
380 648 421 698 hc
448 641 690 698 Westermannum
708 641 779 699 Hist.
802 642 899 715 eloqu.
986 643 1179 716 Harpocratlo
1208 661 1214 696 r
1238 638 1530 718 Ἐπακτροκίλης·
1550 639 1678 718 Αἰσχίνης
1699 645 1726 700 ir

122 752 165 806 gr.
178 753 208 808 p.
226 733 279 788 311
294 751 338 804 sq.
355 729 408 804 (cl.
418 750 449 804 p.
464 730 521 806 διδ
533 726 541 806 l
553 729 790 784 etlioehneclrium
800 731 900 800 Quaest„
946 730 984 806 τῷ
998 727 1067 786 κατὰ
1086 728 1238 805 Τιμάρχου.
1282 715 1359 794 Elio<
1381 729 1405 784 δ’
1427 725 1482 784 ίστλ
1496 725 1589 786 πλοίου
1604 727 1725 788 σύνθετον

123 833 231 877 orator.
250 838 282 893 p.
293 817 490 884 diividemus
498 819 553 872 hoc
564 817 699 874 statuisse.
719 815 776 872 Sed
787 835 851 871 cum
862 835 901 872 eae
946 814 1006 926 ἔχον
1027 815 1075 884 vlu
1094 813 1259 884 κατασκευὴν
1284 811 1315 870 lx
1327 837 1356 872 τε
1372 815 1527 894 ἔπακτρίδος
1547 814 1593 873 καί
1606 816 1725 887 κέλητος.

70 941 74 948 ,
124 925 234 975 causa,
248 921 319 978 quas
330 905 482 976 Dionysius
495 922 554 958 non
570 906 819 975 commemoravit,
832 903 901 964 κατὰ
959 905 1001 962 Ην
1017 899 1371 996 δίῶςίπίπανλχσερικύν,
1387 905 1423 966 ὡς
1438 900 1482 959 καί
1495 900 1639 982 Δείναρχος
1653 905 1726 985 ίνεῇ

1665 433 1723 487 tra

123 994 160 1050 Π.
176 989 346 1069 δωροδοκίας,
360 987 429 1046 κατὰ
451 991 490 1048 Π.
506 987 902 1065 άπόρασις,ριι1)1ἱειεῑιιεείιιε

121 1100 235 1137 necesse
246 1083 298 1154 sit,
315 1080 401 1134 index
417 1080 599 1154 publicarum
613 1098 680 1135 vero
695 1081 857 1136 orationum
873 1095 900 1138 et

122 1169 310 1241 genuinamrn
325 1178 353 1220 et
367 1169 579 1240 suppositarum
592 1167 699 1240 integer
709 1178 834 1223 servatus
843 1187 900 1224 esse

122 1254 268 1324 videatur,
289 1254 360 1308 nihil
384 1263 521 1328 restaret,
536 1254 591 1308 nisi
610 1263 644 1308 ut
661 1255 830 1328 Dionysium
851 1256 901 1312 has

123 1344 268 1398 orationes
285 1360 337 1415 per
360 1341 559 1415 negligentiam
584 1341 707 1396 omisisse
722 1341 899 1398 existimare-

122 1449 195 1486 mus.
237 1429 325 1502 Quod
344 1448 446 1503 parum
464 1437 504 1484 est
523 1428 686 1486 verisimile.
728 1430 820 1500 Quare
838 1447 899 1485 eam

124 1521 301 1584 orationem,
317 1535 400 1590 quam
426 1517 615 1590 Harpocratio
636 1511 706 1572 κετδ
727 1515 763 1574 Π.
782 1515 900 1592 δωροδο-

122 1603 182 1670 κίας
194 1605 361 1678 inscriptam
375 1603 460 1658 fuisse
472 1602 561 1676 dixit,
573 1621 632 1657 nou
646 1602 762 1659 differre
777 1614 847 1676 puto
862 1605 899 1660 ab

123 1692 266 1747 delatione
286 1691 433 1764 Polyencti
456 1708 491 1746 ex
518 1700 616 1745 senatu
637 1688 727 1760 ejecti.
771 1691 841 1748 Nam
865 1691 900 1746 de

122 1777 206 1835 donis
218 1797 235 1834 a
246 1777 403 1851 polyeucto
414 1779 540 1850 acceptis
553 1778 583 1830 iu
592 1777 646 1832 hac
658 1779 787 1832 oratione
799 1780 899 1834 Dinar-

123 1866 208 1920 chum
222 1865 382 1940 exposuisse
399 1863 435 1921 fr.
452 1863 469 1920 8
482 1865 641 1921 luculenter
651 1863 746 1922 docet.
789 1865 833 1921 ab
846 1866 900 1922 hac

123 1952 256 2009 oratione
271 1969 307 2008 nc
321 1969 383 2007 eam
395 1951 512 2024 quidem
530 1951 672 2008 diuersam
686 1949 769 2006 fuisso
781 1962 899 2024 putave-

121 2041 196 2114 rim,
211 2057 296 2113 quam
310 2039 502 2112 Harpocratio
516 2035 584 2095 κατδι
595 2037 634 2096 Π.
648 2035 779 2113 άπύρασιν
794 2038 900 2096 dictam

121 2145 181 2182 csse
204 2145 262 2181 nno
281 2127 348 2180 loco
372 2124 491 2181 tradidit
511 2125 545 2179 l'r.
567 2144 596 2199 9.
638 2124 807 2197 Quanquam
824 2128 900 2182 enim

122 2215 252 2288 exempla
264 2231 340 2268 nunc
350 2213 467 2285 quidem
480 2231 541 2267 non
549 2222 714 2287 suppetunt,
726 2223 820 2268 tamen
833 2215 898 2272 ἀπο·

123 2299 224 2377 φοίνιον
245 2311 274 2356 et
295 2297 427 2378 ἀπόφασιν
441 2300 582 2356 vocabula
598 2317 615 2354 a
634 2301 825 2374 grammaticis
849 2303 899 2356 ali·

122 2385 241 2460 quando
258 2397 397 2461 usurpata
410 2405 486 2461 csse,
507 2387 558 2442 ubi
575 2384 733 2443 ἐνδεικνύναι
752 2396 779 2442 et
796 2383 900 2454 ἔνδειξις

120 2476 352 2550 propulserunt,
367 2492 428 2529 non
442 2473 576 2546 estquod
588 2473 653 2546 jure
668 2475 789 2531 mireris.
832 2475 901 2530 aliis

120 2563 239 2618 sortasse
247 2563 336 2636 magis
348 2560 472 2636 placebit
486 2556 617 2638 diriperis
630 2579 769 2634 essc,quse
779 2562 899 2634 proprio

120 2650 267 2704 vocabulo
279 2647 356 2727 ράσις
366 2647 481 2718 dicitur,
495 2659 527 2702 ut
539 2649 732 2704 testimonium
745 2645 819 2703 illud
830 2651 900 2705 Har·

119 2739 298 2812 pocrationis
309 2737 346 2792 ad
356 2738 513 2792 orationem
521 2738 557 2792 de
563 2739 685 2793 metallis
695 2741 794 2794 samiis
800 2735 900 2791 referri

120 2827 222 2900 possit.
265 2825 332 2882 Non
360 2825 455 2879 minus
483 2842 587 2900 anceps
608 2823 750 2896 judicium
778 2833 835 2896 cst,
861 2821 899 2878 ad

121 2930 210 2984 quam
228 2913 389 2968 orationem
403 2913 581 2986 pertineant,
595 2931 657 2985 quac
679 2931 767 2968 causae
783 2911 900 2965 nomine

120 3017 182 3054 nou
204 2999 303 3055 addito
326 2999 494 3073 simpliciter
511 3017 548 3055 ex
570 3002 701 3056 oratione
721 3000 815 3072 aliqua
832 2998 899 3053 κατὰ

122 3083 290 3143 Πολυεύκτου
305 3086 454 3161 desumpta
467 3105 524 3142 esse
536 3085 716 3146 dicuntum...
758 3086 817 3142 Etsi
830 3103 899 3139 vero

121 3175 267 3230 orationes
276 3177 397 3249 primurn
412 3184 440 3230 ct
454 3175 607 3230 secundam
621 3185 720 3230 contra
731 3191 820 3228 uuum
829 3189 899 3227 eun·

120 3261 245 3336 demque
266 3263 411 3317 hominem
436 3263 553 3336 scriptas
578 3281 636 3318 esse
660 3261 817 3337 fragmenta
838 3259 900 3334 ipsa

119 3349 252 3404 videntur
266 3350 468 3423 comprobare,
490 3359 583 3404 tamen
602 3367 696 3422 neque
718 3349 774 3403 hoc
790 3356 899 3403 certum

119 3447 172 3505 cst,
186 3455 278 3509 neque
291 3439 353 3510 quis
367 3435 415 3492 ille
430 3437 601 3509 polyeuctus
615 3437 711 3493 hierii.
745 3435 816 3490 Nam
828 3451 899 3506 prae-

120 3536 165 3579 ter
177 3525 337 3597 Sphettium
364 3523 461 3596 illurn,
477 3526 675 3580 Demosthenis
696 3525 816 3579 amicum
839 3518 898 3578 cla-

119 3613 280 3680 rissimum,
301 3623 361 3667 tum
383 3613 544 3686 complures
566 3613 697 3668 homines
717 3610 900 3685 cognomines

119 3699 237 3754 Athenis
250 3699 349 3754 risisse
362 3717 448 3772 snpra
461 3699 593 3758 vidimus.
612 3721 626 3747 ο
642 3699 790 3755 Sturnos.

225 3863 245 3909 i.
262 3857 386 3910 conant
402 3859 615 3910 potptncrun
631 3857 795 3908 photino.

150 4075 349 4137 'usurpante
366 4085 481 4136 myoparo
500 4073 626 4136 piraticus,
640 4071 704 4136 apud
721 4072 858 4122 AEschiuenr
873 4072 899 4121 in

117 4145 181 4192 orat.
202 4147 286 4192 contra
298 4145 453 4193 Timarchum
470 4143 498 4207 (§
514 4145 582 4207 rat).
595 4147 640 4194 list
657 4155 714 4192 vero
725 4144 817 4204 species
830 4143 899 4191 nari·

117 4213 168 4274 gii,
191 4216 341 4262 structuram
361 4212 452 4263 hahens
467 4215 627 4275 compositam
645 4225 675 4263 ex
689 4212 808 4274 epictridc
820 4215 845 4261 et
858 4224 898 4261 cs·

118 4283 180 4332 tuce.
195 4285 228 4332 nr
245 4283 377 4344 plurimum
392 4285 446 4334 arat
461 4283 597 4346 piraticum,
609 4286 637 4334 ui
654 4283 792 4334 Dinarchus
803 4295 899 4345 quoque

117 4355 219 4404 rentur
230 4353 254 4402 in
267 4353 406 4415 probatione
419 4357 503 4404 contra
516 4352 682 4415 polyeuctum.

148 4531 348 4596 Ἀρχαιρεσιάζειι,
367 4531 396 4582 ad
408 4532 574 4594 magistratum
593 4533 706 4596 aspirare.
721 4533 856 4583 Dinarchus
873 4533 898 4582 in

115 4605 178 4650 orat.
190 4603 273 4650 sonim
288 4602 454 4664 polyeuctum.

495 4691 519 4738 3.

147 4773 282 4824 Dinarchus
296 4774 320 4823 in
334 4787 372 4823 or.
386 4779 469 4825 οοοιιε
482 4775 660 4837 polyeuctum:
676 4794 690 4818 o
704 4777 756 4825 viri
769 4778 795 4826 et
806 4789 897 4827 merce·

116 4844 177 4894 narii
188 4846 213 4894 ct
225 4844 265 4904 nui
277 4843 395 4894 vilissima
406 4857 511 4908 qunque
520 4845 623 4896 crimina
634 4846 794 4896 commiserit.
808 4866 823 4889 ι

500 4933 523 4982 i.

151 5029 201 5077 ricc
209 5027 322 5088 pauciora
333 5027 407 5077 etism
417 5028 595 5079 Demosthenici
604 5029 759 5092 characteris,
772 5043 843 5092 quem
858 5044 898 5094 po·

115 5097 240 5145 tissimum
253 5097 388 5148 Dinarchus
400 5097 501 5149 scitatus
509 5101 563 5159 cst,
573 5099 712 5150 imitationis
723 5100 832 5163 exempla
841 5115 898 5165 pro·

115 5167 204 5216 ducere
219 5165 275 5228 quis
288 5171 374 5230 ιςιιεει,
388 5167 452 5219 utin
471 5169 579 5222 orations
595 5169 711 5221 adsersus
728 5171 895 5236 polyeuctum.

947 989 1014 1066 κατὰ
1029 988 1196 1050 Πολυεύκτου
1210 988 1362 1068 δοκιμασίᾳ.

986 1163 1064 1220 ldern
1081 1182 1087 1216 :
1103 1097 1396 1242 Ἀρχαιρεσιάίδιν
1406 1161 1437 1221 τδ
1450 1161 1535 1231 ἀξιοῦν
1547 1165 1639 1224 ἑαυτὸν
1649 1169 1724 1247 αίρε-

945 1251 1021 1320 θῆναι
1036 1248 1151 1328 άρχοιπα
1169 1250 1312 1330 Δείναρχος
1326 1253 1352 1308 ἐν
1362 1253 1399 1330 τῷ
1414 1251 1483 1309 κατὰ
1498 1251 1675 1314 Πολυεύκτου.

985 1427 1144 1482 Priscianus
1161 1426 1273 1496 xvltl,
1293 1339 1377 1502 simp.
1405 1425 1460 1501 189
1480 1426 1531 1484 tir.
1558 1425 1726 1506 :'nyrixhn

947 1516 1038 1570 Groerr‘
1049 1527 1077 1570 et
1086 1517 1123 1570 de
1128 1517 1321 1591 prrrbubttibus
1330 1517 1513 1571 eruitissimir
1525 1515 1607 1572 rebus
1617 1521 1724 1574 dictant.

945 1601 1086 1681 Δείναρχος
1099 1603 1126 1662 ir
1144 1605 1182 1682 τῷ
1201 1599 1271 1661 κατὰ
1284 1599 1470 1662 Πολυεύκτου·
1489 1629 1503 1655 ι
1523 1601 1662 1684 ἀνθρώπου
1679 1606 1725 1663 καί

946 1697 1080 1798 μρσδωτοῦ
1099 1691 1145 1747 καί
1165 1690 1252 1748 πάντα
1266 1688 1299 1746 εδ
1316 1687 1442 1766 ἐγκύκλια
1464 1689 1615 1767 ἀδικήματα
1628 1692 1726 1762 ἠδικη-

945 1798 1028 1845 κοτος.
1043 1805 1055 1828 ι

985 1945 1138 2019 Dionysius
1162 1956 1183 2001 t.
1207 1947 1243 2014 V,
1265 1963 1293 2018 p.
1313 1943 1371 2012 dio
1389 1945 1414 2000 R
1435 1963 1442 1999 :
1465 1941 1573 2020 Odyssia
1597 1941 1665 2002 ἀλλὰ
1679 1943 1725 2000 καί

945 2037 990 2088 τοῦ
1003 2033 1196 2104 Δημοσθενικῶ
1208 2031 1388 2110 χαρακτῆρος,
1399 2026 1427 2086 δν
1438 2028 1554 2106 μάλιστα
1562 2029 1722 2106 ἐμιμήσατο,

945 2116 1012 2174 πολὺ
1033 2116 1117 2176 πλείω
1140 2117 1201 2198 (sc.
1227 2116 1448 2194 παραδείγματα)
1465 2116 1562 2173 δύναιτ’
1589 2117 1620 2175 άν
1636 2139 1675 2183 τις
1690 2119 1727 2176 sl·

946 2204 1003 2262 πεῖν
1013 2249 1021 2277 ,
1032 2207 1067 2270 ὡς
1080 2203 1127 2262 καί
1139 2205 1166 2262 ίν
1180 2205 1218 2284 τῷ
1236 2199 1306 2261 κατδ
1328 2201 1509 2262 Πολυεύκτου·
1525 2202 1726 2282 προοιμιάζεται

945 2289 1107 2457 γδράδμοίως
1118 2289 1207 2370 ἐκείνῳ
1217 2288 1263 2349 καί
1273 2289 1308 2348 δι’
1322 2288 1382 2348 δλου
1393 2288 1527 2368 τοῦλόγου
1541 2289 1726 2372 παραπλήσιος

947 2401 979 2456 με
1017 2401 1104 2451 νηκεν.

945 2517 982 2578 Π.
1006 2519 1106 2578 ΚΑΤΑ
1126 2513 1388 2576 ΠΟΔΥΕΥΚΤΟΥ
1408 2515 1720 2576 ΕΚΦΥΛΔΟΦΟΡΠ-

1148 2601 1304 2662 ΘΕΝΤΟΣ
1325 2600 1517 2662 ΕΝΔΕΙΞΙΣ.

1322 2722 1350 2780 5.

989 2815 1177 2888 Harpocratio
1198 2833 1205 2867 ε
1224 2808 1345 2889 Δώρων
1359 2809 1461 2889 γραφή·
1484 2808 1563 2868 indas
1587 2831 1626 2876 τις
1640 2808 1726 2868 αίτίαν

945 2899 1001 2978 dyas
1021 2902 1073 2956 riis
1098 2895 1302 2972 πολιτιυομύνων
1318 2896 1389 2974 δῶρα
1412 2895 1520 2971 λαθεῖν,
1544 2895 1574 2954 τδ
1603 2893 1726 2974 ἔγκλημα

944 2987 975 3046 τδ
990 2985 1052 3045 κατ’
1066 2989 1144 3045 αὐτοῦ
1155 2987 1234 3064 διχῶς
1247 2982 1367 3059 tityus,
1382 2983 1524 3063 δωροδοκία
1538 3007 1567 3042 τε
1579 2984 1624 3042 καί
1636 2982 1726 3064 δώρων

945 3071 1046 3154 γραριί.
1089 3071 1231 3153 Δείναρχος
1254 3061 1298 3130 σύν
1326 3071 1403 3148 λύγον
1429 3069 1477 3148 μίν
1502 3093 1561 3130 τινα
1591 3071 1725 3154 διέγραψε

947 3161 1016 3220 κατὰ
1032 3159 1198 3221 Πολυεύκτου
1215 3157 1388 3238 δωροδοκίας,
1401 3161 1427 3217 ἰν
1449 3157 1475 3218 ii
1489 3161 1528 3238 τῷ
1541 3157 1611 3218 κοτδ
1623 3159 1728 3222 Πυθίου

948 3248 1030 3318 ξενίας
1050 3247 1179 3314 πολλάκις
1192 3247 1316 3325 ὀνομάζει
1329 3245 1377 3318 τλν
1398 3249 1450 3304 τῶν
1467 3247 1556 3325 δούρων
1571 3247 1687 3328 γραφήν.

985 3427 1066 3484 Idem
1083 3443 1091 3479 ε
1109 3421 1452 3503 Ἔκρυλλοφορῆσαι.
1472 3423 1506 3482 Εἰ
1522 3421 1605 3481 ίδύκει
1622 3445 1660 3490 τις
1673 3425 1726 3482 τῶν

949 3515 1092 3594 βουλευτῶν
1113 3511 1234 3585 ἀδικεῖν,
1253 3509 1418 3590 διιψηρίζετο
1437 3514 1455 3579 ἡ
1471 3508 1552 3586 βουλὴ
1568 3509 1629 3588 πιρλ
1647 3513 1726 3570 αὐτοῦ

947 3602 970 3659 sl
989 3599 1042 3680 χρὴ
1057 3597 1136 3657 ciris
1152 3595 1247 3675 μηκίτι
1263 3596 1414 3676 βουλεύειν·
1429 3595 1489 3654 duri
1507 3595 1534 3655 δδ
1554 3595 1647 3678 ψήφων
1662 3597 1729 3679 ρύλ-

945 3691 1000 3755 λοις
1013 3689 1144 3768 ίχρδειτο,
1156 3683 1188 3743 δι’
1202 3675 1240 3743 ὃν
1261 3683 1370 3748 ἕκαστος
1381 3682 1573 3758 ίπειημαίνετο
1584 3683 1635 3755 ιλιι
1647 3687 1729 3744 circii

942 3849 1048 3908 Eadem,
1061 3859 1110 3909 qua
1120 3846 1173 3906 iiie,
1190 3846 1282 3895 radone
1293 3845 1427 3908 exorditur,
1440 3847 1465 3896 st
1476 3847 1501 3896 in
1512 3847 1726 3898 uuirsrsooratio·

943 3919 980 3969 nis
992 3919 1106 3968 contextu
1117 3915 1244 3979 persimilis
1257 3917 1304 3968 mi.

962 4024 993 4072 n.
1012 4021 1141 4071 contus
1159 4019 1377 4068 potrtncttnt
1393 4019 1548 4072 ttsnttatn
1563 4021 1709 4073 atterum

1223 4089 1446 4140 DENUiiTltho.

975 4261 1062 4325 Δώριον
1073 4260 1157 4323 γραφή.
1171 4259 1298 4323 εἰσοίσει
1310 4262 1340 4311 iia
1355 4261 1396 4323 qni
1412 4261 1436 4310 in
1447 4259 1655 4314 administratione
1666 4265 1729 4328 reip.

942 4333 1103 4389 venarentur.
1122 4335 1250 4393 captorum
1267 4344 1393 4382 munorum
1404 4331 1557 4381 insimulatus
1576 4340 1654 4396 εεεει,
1664 4337 1729 4385 actio

942 4405 1095 4452 contiacum
1115 4399 1353 4463 instruebaturque
1366 4400 1457 4462 duplici
1478 4401 1575 4453 οοιοίοε
1594 4405 1731 4466 appellabo·

942 4475 992 4531 tur,
1007 4471 1056 4521 siro
1069 4469 1201 4534 δωροδοκία
1221 4469 1274 4521 siro
1289 4471 1370 4535 δώρων
1388 4471 1473 4534 γραφή.
1490 4471 1575 4533 itaque
1590 4475 1729 4525 Dinarchus

943 4541 1068 4603 quandam
1080 4540 1200 4600 inscripsit
1210 4541 1343 4590 oraticnem
1357 4545 1440 4591 muira
1457 4539 1614 4602 polyeuctum
1624 4545 1729 4608 inputo-

942 4613 1004 4669 κίας.
1017 4610 1064 4660 sod
1077 4611 1209 4672 insequar
1226 4617 1262 4660 cst
1273 4617 1357 4661 contra
1369 4611 1485 4674 pythcan
1500 4609 1531 4661 de
1545 4615 1729 4676 peregrinitate,

942 4681 1044 4732 subinde
1054 4683 1125 4730 vocat
1132 4681 1179 4740 τήν
1186 4685 1236 4729 τῶν
1247 4681 1436 4802 δώρονῦγρεφῆι.

973 4821 1205 4885 Ἒκφυλλαφορῆσαι,
1219 4823 1306 4872 senatu
1317 4822 1355 4872 tel
1367 4821 1451 4872 urdine
1462 4835 1568 4874 morere.
1582 4823 1607 4872 si
1621 4823 1677 4886 quis
1690 4835 1727 4873 se·

942 4893 1053 4941 natorum
1068 4896 1150 4940 contra
1163 4891 1203 4953 tur
1218 4892 1300 4956 iusque
1310 4891 1726 4957 ayersrideretumenrtusdtsqui·

942 4961 1024 5022 rebat,
1040 4974 1071 5010 ειε
1085 4961 1188 5011 concilio
1206 4963 1341 5012 movendus
1357 4965 1435 5024 essct,
1450 4976 1532 5013 necne.
1564 4963 1727 5026 proculcatis

942 5033 1023 5082 autem
1039 5031 1101 5082 ioiiis
1110 5032 1223 5082 arborum
1232 5033 1372 5093 citabuntur,
1384 5034 1548 5096 quihussuam
1556 5034 1659 5098 typisque
1669 5047 1726 5086 sen·

942 5103 1042 5176 teptiam
1054 5103 1204 5164 significarit.
1221 5103 1355 5154 Dinarchus
1364 5104 1458 5154 irrorat.
1474 5107 1556 5154 cunita
1568 5105 1727 5170 polyeuctum

943 5187 962 5226 a
972 5176 1058 5224 senatu.
1070 5172 1181 5236 ejectum.
