4154 6064
138 443 286 520 (σοι-ιιι)
619 435 807 499 AEscflllils
827 437 887 498 OB.
909 435 950 496 ΙΝ
971 435 1278 496 meslenonasll.
1679 443 1734 494 tta

137 577 229 644 νεσθι,
240 563 315 636 σύτος
328 567 355 628 dt
368 565 577 647 κηροχθιίσεταις
587 564 647 646 (aar)
663 565 717 626 Καί
726 567 748 624 εἰ
761 565 807 642 μέν
817 589 856 632 τις
867 567 919 624 τῶν
962 572 1023 633 eltis,
1042 573 1176 624 isteautcm
1195 571 1366 636 prandicatlone
1380 570 1411 620 sit
1430 569 1568 622 ornandus?
1590 573 1655 636 (att)
1666 576 1738 635 Atqui

135 661 271 736 τραγικῶν
284 657 397 728 ποιητῶν
412 657 463 711 τῶν
474 650 541 726 μετὰ
551 656 635 708 ταῦτα
644 651 832 728 ἐπεισαγόντων
841 652 919 722 nonl-
964 659 1048 721 siquis
1060 671 1091 709 ex
1100 660 1177 722 poetis
1189 658 1297 720 tragicis,
1307 657 1348 719 qui
1359 657 1431 718 paulo
1442 659 1495 718 post
1506 657 1597 708 iabolas
1606 660 1631 707 in
1643 672 1738 708 socnam

138 766 210 802 σειεν
222 747 248 802 έν
258 739 439 823 τραγῳδίφτδν
450 737 581 818 Θερσίτην
591 738 642 796 turb
652 742 704 796 τῶν
714 738 848 810 Ἑλλήνων
858 761 918 797 στι-
966 745 1105 808 producturi
1122 747 1192 806 sont,
1208 746 1297 794 lacerat
1310 745 1335 792 in
1347 743 1461 803 tragoedia
1473 744 1605 794 Thersitam
1616 759 1629 794 a
1646 747 1738 795 Graecis

139 829 312 910 φανούμενον,
334 827 416 893 οὐδείς
437 825 467 884 tv
492 827 564 900 ὑμῶν
584 823 755 902 ὑπομείνειεν,
780 825 819 884 dri
842 826 920 905 φησίν
964 832 1086 893 coronari,
1108 843 1180 882 acano
1195 833 1302 880 restrum
1317 831 1403 890 terret,
1420 831 1534 892 quoniam
1552 831 1676 882 diciteum
1694 836 1740 882 llo·

97 929 126 968 ao
137 913 265 996 Ὅμηρος
278 915 404 993 ἄνανδρον
419 911 496 970 αῦτδν
516 901 581 968 εἶναι
596 911 641 968 καὶ
655 912 833 992 συκοφάντην·
846 911 919 970 αὐτοί
965 931 1046 968 merus
1058 919 1170 981 ignarum
1187 921 1212 968 ct
1222 917 1394 979 sycophantam
1406 917 1477 965 iniisse
1489 932 1495 964 :
1509 931 1552 966 vos
1564 920 1646 968 autem
1664 933 1741 982 quum

137 1004 164 1060 δ’
178 1003 240 1061 όταν
254 1003 298 1060 τδν
312 1007 426 1059 τοιοῦτον
441 997 576 1078 ἀνθρωπον
593 1002 756 1076 στεφανῶτε,
770 999 817 1058 οὐκ
835 998 918 1058 οἴεσθε
965 1003 1099 1054 istiusmodi
1116 1005 1208 1054 bomini
1230 1015 1345 1052 coronam
1360 1003 1500 1064 imponetis,
1526 1018 1574 1053 non
1593 1007 1682 1066 putatis
1698 1021 1741 1056 νοι

139 1091 169 1146 ἐν
187 1097 245 1156 ταῖς
259 1093 309 1148 τῶν
325 1085 461 1156 Ἑλλήνων
475 1085 558 1152 δοἙαις
574 1084 753 1163 συρίττεσθαι,
768 1085 852 1162 οἱμὲν
869 1085 920 1166 γίιρ
966 1089 1325 1153 GraecorumomniumJudiciis
1338 1089 1488 1138 exsibilatum
1502 1091 1548 1138 iri?
1565 1093 1665 1153 Maiores
1677 1093 1740 1142 enirn

140 1177 255 1254 acccipe<
267 1179 339 1252 ὑμῶν
353 1173 386 1231 τδι
405 1171 492 1238 ἔνδοξα
507 1170 552 1228 καλ
565 1171 675 1250 λαμπρδι
694 1175 745 1229 τῶν
758 1172 920 1250 πραγμάτων
965 1181 1053 1239 vestri,
1063 1179 1149 1242 etquid
1159 1181 1231 1228 rebus
1239 1179 1288 1228 suis
1295 1176 1446 1238 splendidum
1456 1189 1484 1225 ac
1494 1181 1636 1240 praclarum
1646 1183 1741 1244 inesset,

139 1263 292 1322 ἀνετίθεσαν
307 1267 344 1342 τῷ
358 1259 447 1340 δήμῳ,
460 1257 494 1316 τίι
508 1257 535 1316 δέ
548 1258 659 1316 ταπεινά
672 1259 717 1317 καλ
729 1259 920 1341 καταδεέστερα
966 1266 991 1316 ld
1003 1267 1091 1330 populo
1106 1266 1285 1328 adscribebant;
1299 1269 1319 1316 si
1329 1267 1387 1331 qnid
1402 1268 1523 1330 alrjectum
1533 1270 1605 1329 atquc
1623 1267 1743 1328 intimum,

140 1351 178 1415 εἰς
203 1349 261 1417 τοίις
283 1349 392 1428 ῥήτορας
411 1345 471 1410 τοῦς
493 1344 605 1424 φαύλους
628 1343 750 1422 έτρεπον·
780 1349 921 1428 Κτησιφῶν
967 1356 991 1402 ln
1010 1354 1086 1402 malos
1106 1356 1214 1403 oratorcs
1232 1356 1386 1405 conterebant
1405 1354 1588 1416 :atctesipbon
1604 1354 1743 1414 arbitrator,

139 1437 166 1494 δ’
179 1439 247 1512 ὑμᾶς
258 1436 340 1494 οίεται
351 1435 402 1492 δεῖν
415 1431 555 1513 ἀφελόντας
568 1431 616 1502 τλν
631 1431 733 1498 ἀδοξίαν
750 1433 802 1490 ἀπὸ
815 1439 921 1509 Δημοσ-
967 1454 1040 1503 quam
1061 1441 1215 1490 Demostheni
1238 1443 1388 1492 detraxeritis
1406 1441 1575 1503 ignominiam,
1595 1442 1684 1502 populo
1700 1455 1744 1490 ros

141 1522 230 1590 θένους
243 1526 385 1601 περιθεῖναι
400 1523 437 1599 τῷ
453 1518 538 1597 δήμῳ.
581 1519 640 1595 (aaa)
657 1517 709 1577 Καὶ
731 1518 795 1597 φατέ
811 1521 857 1596 μὲν
879 1523 922 1578 εὖ·
967 1527 1134 1589 circumjlcerc
1143 1531 1262 1590 oportere.
1294 1529 1358 1590 (tat)
1370 1527 1632 1577 Eninrverodicitisvos
1642 1527 1744 1576 fortuna·

90 1619 126 1669 st
142 1613 232 1688 τυχείς
243 1600 323 1680 εἶναι,
333 1611 367 1674 ῶς
379 1606 424 1665 καὶ
436 1604 509 1676 ε’στί,
521 1606 607 1670 καλῶς
621 1611 767 1676 ποιοῦντες,
786 1609 921 1688 ψηφιεῖσθε
967 1617 1005 1665 tos
1018 1629 1084 1676 esec,
1096 1616 1296 1678 quemadmodum
1309 1616 1378 1674 cstls,
1391 1617 1415 1664 et
1427 1616 1511 1664 merito
1521 1615 1631 1678 quidem,
1645 1615 1741 1665 decreto

141 1699 167 1754 δ’
182 1695 233 1753 tart
245 1694 290 1768 μὲν
305 1700 352 1765 τῆς
363 1692 445 1771 τύχης
462 1693 706 1769 ἐγκαταλελεῖφθαι,
720 1692 771 1750 ῦπδ
788 1694 921 1770 Δημοσθέ-
968 1707 1049 1751 autem
1056 1701 1227 1752 contlrmabitis
1234 1715 1277 1751 ros
1291 1704 1411 1751 alortuna
1418 1701 1745 1761 derelictos,aDcmostbcnc

142 1805 200 1848 νους
213 1781 240 1840 δὲ
254 1773 283 1840 εῦ
294 1780 463 1851 πιπονθίναι;
479 1779 525 1836 καί
539 1779 568 1835 τὸ
581 1777 686 1835 πάντων
702 1781 879 1853 ἀτοπώτατόν,
896 1785 922 1840 έν
969 1789 1145 1840 beneflciisessc
1155 1791 1262 1850 aileetos,
1273 1789 1367 1852 etquod
1378 1789 1745 1850 estomniumabsurdtsaimurn,

144 1873 200 1934 τοῖς
212 1872 299 1934 αὐτοῖς
313 1865 485 1946 δικαστηρίοις
499 1864 557 1932 τοὺς
573 1864 619 1940 μέν
633 1864 679 1931 τὰς
688 1869 739 1923 τῶν
755 1867 843 1948 δώρων
857 1889 923 1946 γρα-
971 1879 995 1927 in
1009 1878 1092 1927 iisdem
1102 1877 1197 1941 iudiciis
1208 1891 1249 1927 eos
1260 1877 1302 1939 qrri
1312 1877 1499 1938 repetundarum
1511 1877 1566 1925 sunt
1575 1876 1679 1925 damnati
1690 1913 1696 1936 ,
1707 1877 1745 1925 in·

143 1955 194 2036 φθς
209 1952 394 2030 ἁλισκομένους
413 1956 553 2029 ἀτιμοῦτε,
569 1951 596 2010 δν
612 1954 635 2010 δ’
652 1953 724 2010 αὐτοί
744 1959 836 2028 μισθοῦ
849 1957 924 2014 πολι·
970 1966 1042 2015 tannia
1056 1969 1154 2024 notatis,
1167 1967 1235 2026 buic,
1246 1978 1317 2027 qrrem
1327 1965 1370 2026 ipsi
1384 1965 1449 2013 scitis
1458 1963 1567 2012 merccde
1578 1977 1654 2025 remp.
1667 1963 1743 2012 admi-

142 2043 282 2118 τευόμενον
303 2039 422 2111 σύνιστε,
436 2037 629 2118 στεφανώσετες
643 2040 688 2096 καί
702 2038 761 2106 τοῦς
776 2041 822 2114 μὲν
834 2043 923 2122 κριτδις
970 2054 1097 2115 nistrassa,
1108 2067 1220 2103 coronam
1235 2052 1360 2114 imponetis
1371 2071 1377 2100 ι
1389 2051 1501 2100 Ιιιθοιιιιιι
1511 2051 1582 2100 etiam
1594 2050 1744 2112 Dionysiaco-

115 2127 250 2194 scabris
271 2131 322 2186 τῶν
336 2125 489 2200 Διονυσίων,
505 2127 549 2184 llo
564 2125 601 2201 μὴ
618 2126 722 2192 δικαίως
734 2127 793 2193 τοὺς
804 2131 923 2197 κυκλίους
970 2154 1023 2188 rum
1032 2141 1167 2202 indicas,sl
1178 2139 1284 2200 iniquam
1296 2137 1326 2187 de
1337 2138 1416 2186 choris
1427 2137 1521 2200 cyclicis
1532 2138 1672 2186 sententiam
1684 2138 1746 2186 tule-

144 2214 241 2296 χορούς
253 2216 372 2294 κρίνωσι,
386 2219 524 2287 ζημιοῦτε·
537 2213 609 2271 circi
626 2212 653 2272 δέ
670 2217 699 2272 ού
714 2215 824 2273 κυκλίων
838 2223 922 2298 χορῶν
970 2227 1031 2287 rint,
1040 2227 1173 2287 mulctatis,
1182 2225 1252 2274 iidem
1260 2227 1340 2274 autem
1348 2237 1459 2284 roc,non
1466 2225 1593 2272 choromm
1602 2224 1747 2285 cyclicornm

146 2303 334 2375 καθεστηκότες
353 2301 422 2360 ἀλλὰ
439 2301 525 2378 νόμιον
540 2301 585 2360 καί
603 2305 737 2372 πολιτικῆς
753 2305 858 2382 ἀρετῆς,
879 2305 925 2372 τάς
968 2315 1059 2377 judices
1069 2313 1202 2374 constituti,
1212 2311 1489 2374 sedlegumvirtutisque
1500 2311 1583 2372 civilis,
1594 2311 1749 2373 prmmianon

146 2389 246 2470 δωρεάς
260 2393 289 2448 οὗ
303 2390 371 2448 κατὰ
383 2389 441 2455 τοὺς
451 2389 544 2464 νόμους
554 2391 606 2447 οὔδ’
618 2388 712 2465 ὀλίγοις
724 2389 831 2456 καὶτοῖς
846 2391 925 2460 ἀξίοις
971 2401 1101 2452 secundum
1110 2401 1258 2462 lcgasneque
1267 2399 1349 2462 paucis
1358 2411 1387 2447 ac
1396 2399 1486 2461 dignis,
1496 2397 1537 2446 sed
1551 2399 1572 2447 ei
1583 2400 1624 2460 qul
1633 2399 1685 2448 brac
1695 2413 1747 2448 ana·

145 2475 476 2558 ἀλλάτῷδιαιτραξαμίνῳ
486 2475 598 2547 δώσετες
612 2479 669 2550 (σου)
682 2471 786 2535 'Enair'
796 2477 887 2545 ἔξεισιν
897 2481 926 2538 tx
971 2489 1058 2538 bieodo
1071 2491 1195 2537 amccutus
1213 2489 1253 2548 sit,
1272 2485 1413 2548 largiemini.
1447 2487 1512 2548 (aab)
1533 2487 1593 2547 Ergo
1613 2499 1644 2535 εκ
1657 2485 1747 2547 judicio

145 2572 193 2623 τοῦ
210 2564 376 2642 δικαστηρίου
391 2569 533 2630 drosaico<
548 2562 637 2640 κριτὴς
656 2563 747 2621 ἑαυτὸν
764 2563 811 2638 μέν
826 2569 920 2638 ἀσθενῆ
971 2575 1071 2626 discedit
1081 2575 1230 2636 talisjnrlen,
1242 2573 1290 2623 suis
1299 2573 1398 2635 qrrtdcm
1410 2573 1496 2634 opibus
1505 2572 1637 2632 diminutis,
1647 2573 1748 2622 oratoris

144 2651 310 2722 πεποιηκώς,
325 2650 431 2730 ἰσχυρὸν
444 2649 471 2707 tl
486 2649 529 2708 τδν
545 2650 651 2730 ῥήτορα.
670 2650 745 2730 'ili-ip
760 2651 810 2730 γδιρ
825 2653 928 2726 ἰδιώτης
972 2665 1052 2712 autem
1064 2661 1172 2712 auctiset
1181 2661 1337 2710 confirmatis.
1368 2661 1412 2710 t'ir
1423 2661 1487 2714 enim
1501 2659 1607 2721 privatus
1618 2659 1643 2708 ln
1655 2659 1751 2708 civitate

104 2753 129 2790 ¹⁰
145 2742 172 2798 έν
185 2740 261 2797 πόλει
279 2737 510 2816 δημοκρατουμένη
524 2737 596 2815 νόμῳ
615 2737 660 2794 καί
679 2739 759 2818 ψήφῳ
778 2740 926 2818 βασιλεύει·
973 2749 1047 2799 libera
1055 2751 1106 2812 lege
1115 2749 1238 2798 etcalculo
1245 2761 1288 2797 suo
1296 2761 1338 2796 rex
1346 2749 1382 2796 cst
1393 2759 1483 2808 :quum
1491 2761 1548 2796 vero
1557 2747 1609 2794 baec
1617 2746 1685 2794 alteri
1695 2759 1750 2795 con·

144 2825 210 2884 ὅταν
224 2826 246 2884 δ’
259 2825 339 2906 ἑτέρῳ
350 2831 434 2884 ταῦτα
453 2825 578 2904 παραδῷ,
594 2825 770 2884 καταλέλυκεν
786 2828 863 2893 αὐτὸς
881 2827 927 2898 τὴν
974 2837 1084 2898 cesserit,
1098 2849 1168 2885 ειιιιιιι
1180 2837 1230 2898 ipsc
1245 2835 1405 2897 principatum
1423 2834 1554 2896 dissiparit.
1575 2833 1666 2883 Deinde
1676 2832 1750 2892 juris·

146 2919 227 2972 αὑτοῦ
242 2915 404 2972 δυναστείαν.
447 2910 639 2987 Ἔπειθ’θμέν
654 2913 739 2992 ὅρκος,
749 2911 777 2970 δν
785 2913 929 2990 ὀμωμοκώς
972 2923 1168 2986 jurandiquidem
1179 2923 1269 2984 religio,
1278 2921 1565 2984 qrraobstrictusJ'udicat‚
1573 2920 1750 2982 assidueipsum

147 3000 262 3070 δικάζει,
279 2999 535 3076 συμπαρακολουθῶν
549 2999 625 3056 αὐτὸν
637 3001 726 3057 λυπεῖ·
739 3001 775 3058 δι’
789 3001 867 3059 αὐτὸν
878 3002 928 3081 γὰρ
974 3012 1090 3060 comitans
1107 3009 1220 3069 afflictam
1233 3023 1264 3058 εκ
1279 3009 1343 3058 illius
1362 3009 1451 3058 scilicet
1467 3007 1595 3056 violatione
1607 3008 1698 3056 crimen
1707 3021 1750 3056 na·

145 3079 221 3163 οίμαι
234 3088 324 3165 γέγονε
338 3089 368 3144 τὸ
383 3086 574 3165 ἀμάρτημα·ἠ
589 3086 617 3144 δέ
632 3087 707 3166 χάρις
718 3087 780 3167 πρὸς
794 3087 822 3147 δν
838 3091 929 3169 έχαρί·
973 3101 1026 3148 tum
1039 3102 1092 3148 ast:
1107 3100 1183 3161 gratia
1201 3113 1257 3148 rero
1274 3099 1305 3160 el,
1318 3099 1357 3146 cui
1372 3097 1515 3147 beneticium
1532 3099 1609 3148 lacere
1625 3099 1750 3158 studebat,

147 3179 207 3244 ζιτο
221 3175 317 3244 ἄδηλος
329 3174 483 3252 γεγένηται·
502 3177 518 3243 ἡ
535 3173 586 3252 γάρ
601 3179 686 3254 ψῆφος
700 3174 801 3254 ἀφανὴς
812 3176 927 3255 φέρεται.
974 3197 1022 3232 non
1032 3185 1170 3261 ipnotcsclt:
1181 3197 1237 3232 nam
1246 3184 1354 3232 calculus
1363 3187 1455 3234 secreto
1467 3183 1581 3234 redditor.

186 3281 237 3324 aaa.
254 3267 390 3340 Δοκοῦμιν
402 3263 425 3318 δ’
436 3261 542 3338 έμοιγε,
553 3251 730 3340 ώἌθηναῖοι,
741 3263 930 3342 ἀμφότερακαὶ
1005 3275 1059 3321 tbi.
1079 3269 1195 3320 Videmur
1208 3273 1304 3332 autem,
1319 3270 1486 3333 libanenses,
1507 3271 1578 3321 simul
1595 3273 1619 3321 et
1634 3271 1748 3321 fortunati

149 3355 293 3428 κατορθοῦν
307 3351 353 3407 καί
373 3349 601 3426 παρακινδυνεύειν
620 3350 656 3415 είς
678 3349 725 3414 τὴν
747 3352 880 3408 πολιτείαν
900 3354 929 3410 ού
975 3371 1026 3406 esse
1044 3358 1069 3406 et
1091 3357 1121 3406 dc
1140 3357 1261 3420 republica
1287 3357 1415 3421 periclitari
1439 3357 1490 3419 pari
1509 3357 1678 3418 imprudentia.
1692 3361 1751 3407 liam

106 3461 133 3498 rr»
148 3441 348 3516 σωφρονοῦντες.
390 3433 456 3495 Ὀτι
470 3436 516 3509 μὲν
529 3433 579 3516 γάρ
594 3436 637 3493 έπί
652 3441 703 3494 τῶν
725 3443 768 3494 νῦν
787 3443 884 3517 καιρῶν
907 3442 930 3498 οἱ
974 3444 1039 3508 quod
1063 3445 1099 3494 tris
1119 3445 1268 3506 temporibus
1286 3445 1367 3494 liberae
1385 3445 1488 3494 civitatis
1509 3443 1660 3494 firmamenta
1681 3445 1752 3495 multi

148 3523 242 3582 πολλοὶ
256 3524 308 3589 τοῖς
317 3523 411 3600 ὀλίγοις
423 3521 545 3602 προΐεσθε
558 3521 592 3580 τδι
603 3526 650 3593 τῆς
665 3523 841 3602 δημοκρατίας
855 3527 929 3604 ἷσχυ·
975 3531 1058 3594 pancio
1071 3531 1202 3594 projicitis,
1213 3545 1260 3581 non
1271 3531 1344 3582 laudo
1362 3531 1442 3594 :quod
1452 3534 1531 3580 autem
1543 3531 1599 3581 indo
1609 3545 1657 3582 non
1674 3533 1752 3582 incre·

147 3611 200 3690 ρσί,
215 3613 262 3669 ccix
275 3612 383 3668 ἐπαινῶ·
401 3608 440 3667 ότι
459 3610 482 3666 δ’
499 3611 527 3666 οὐ
547 3609 684 3687 γεγένηται
699 3609 766 3690 φορδι
786 3611 843 3668 καθ’
862 3617 932 3687 ἡμᾶς
976 3619 1027 3669 buit
1037 3619 1114 3668 iunco
1128 3633 1193 3682 seges
1204 3623 1328 3668 oratorum
1348 3619 1512 3681 improborum
1524 3619 1630 3669 simulet
1643 3621 1751 3682 petulan-

145 3697 265 3779 ῥητόρων
287 3700 407 3772 πονηρῶν
432 3695 489 3772 ἀμα
511 3696 555 3754 καί
578 3698 734 3776 τολμηρῶν,
761 3699 929 3775 εὐτυχοῦμεν,
977 3707 1052 3766 tium,
1064 3719 1093 3756 co
1104 3707 1201 3756 nomine
1216 3707 1329 3756 fortunati
1342 3719 1432 3755 sumus.
1444 3705 1511 3754 Talia
1523 3706 1587 3756 enim
1599 3707 1690 3770 ingenia
1698 3707 1751 3756 tulit

145 3784 281 3864 Πρότερον
292 3783 339 3860 μέν
353 3785 403 3861 γάρ
415 3783 536 3851 τοιαύτας
550 3781 638 3864 φύσεις
654 3785 745 3861 ἤνεγκε
756 3784 785 3842 τὸ
799 3785 931 3860 δημόσιον,
976 3793 1098 3856 quondam
1110 3793 1257 3856 respublica,
1278 3807 1333 3856 quta
1344 3793 1460 3855 populum
1478 3793 1538 3842 adco
1555 3795 1624 3842 lacile
1643 3793 1752 3858 perdide·

146 3872 178 3930 οἳ
200 3871 295 3951 ῥαδίως
311 3871 379 3929 οὕτω
392 3871 537 3930 κατέλυσαν
551 3871 594 3930 τὸν
610 3873 701 3947 δῆμον·
719 3871 808 3951 ἔχαιρε
820 3871 870 3950 γὰρ
885 3895 931 3930 κο·
977 3883 1041 3930 runt.
1051 3879 1601 3944 Gaudebatquippeassenlationibos3ilaillum
1611 3895 1659 3930 non
1669 3881 1684 3929 il
1694 3894 1754 3942 quos

146 3959 341 4032 λακευόμενος,
355 3958 437 4016 ἔπειτ’
452 3957 528 4015 αὐτὸν
542 3960 591 4036 οὐχ
605 3957 649 4024 οῦς
663 3958 796 4036 έφούείτο,
821 3961 878 4016 ἀλλ’
895 3953 932 4026 οἷς
977 3969 1112 4030 metuebat,
1128 3968 1169 4018 scd
1180 3969 1196 4018 ii
1207 3983 1309 4030 quorum
1324 3969 1378 4018 fidei
1394 3968 1594 4028 sccommisrrat,
1606 3971 1753 4017 everterunt.

148 4047 245 4107 ἑαυτὸν
257 4045 407 4124 ένεχείριζε,
422 4045 577 4102 κατελοσαν·
596 4047 654 4121 (aas)
672 4045 734 4102 ἔνιοι
747 4043 773 4103 δὲ
795 4045 839 4102 καί
859 4047 932 4105 αὐτοὶ
978 4056 1043 4120 (2³5)
1061 4059 1169 4113 Quorum
1182 4056 1280 4116 quidem
1298 4055 1406 4104 nonnulli
1419 4056 1492 4104 ctiam
1508 4055 1553 4114 ipsi
1565 4055 1589 4102 in
1603 4054 1699 4115 triginta
1712 4056 1750 4115 ty·

109 4153 136 4190 ao
148 4137 204 4194 τῶν
219 4131 359 4210 τριάκοντα
370 4130 504 4209 ἐγένοντο,
520 4130 546 4188 οἳ
558 4130 661 4197 πλείους
673 4131 690 4201 ἢ
704 4131 802 4208 χιλίους
813 4133 857 4190 καί
869 4155 931 4191 πεν-
977 4153 1107 4191 rannorum
1126 4155 1226 4189 numero
1242 4141 1348 4201 luerunt,
1362 4140 1403 4202 qui
1423 4141 1558 4201 plusquam
1573 4137 1671 4189 militet
1682 4141 1754 4202 quin-

148 4218 290 4282 τακοσίους
301 4220 353 4274 τῶν
371 4221 485 4276 πσλιτῶν
507 4215 627 4294 ἀκρίτους
641 4217 796 4274 ἀπέκτειναν
807 4218 869 4296 πρὶν
888 4218 933 4276 καί
977 4231 1060 4289 gentos
1073 4229 1136 4276 circs
1148 4227 1236 4276 indicta
1247 4239 1318 4276 causa
1329 4227 1487 4286 occurerrunt,
1504 4238 1534 4274 ne
1550 4225 1692 4275 criminibus
1701 4227 1755 4289 qui·

148 4307 199 4373 τάς
212 4305 298 4370 αἰτίας
312 4309 422 4363 ἀκοῦσαι
437 4305 476 4385 ἀφ’
497 4295 537 4370 αἶς
557 4305 665 4380 ἔμελλον
681 4305 870 4377 ἀποθνήσκειν,
888 4306 934 4364 καί
977 4315 1032 4364 dem
1044 4315 1130 4364 auditis
1141 4313 1173 4362 ob
1190 4327 1245 4375 quac
1261 4316 1328 4363 erant
1338 4312 1457 4374 morituri,
1474 4312 1593 4374 nequead
1604 4315 1755 4363 mortuorum

149 4395 207 4452 οὐδ’
232 4391 277 4450 int
299 4391 345 4458 τὰς
365 4391 449 4472 ταφίις
470 4392 515 4450 καί
529 4391 639 4472 έκφοράς
653 4394 704 4450 τῶν
725 4393 933 4462 τελευτησάντων
978 4403 1100 4462 tumulos,
1116 4402 1145 4451 ad
1160 4403 1262 4452 cadaver
1279 4401 1442 4462 efferendum,
1466 4401 1573 4462 cognatis
1594 4401 1753 4451 conveniendi

149 4481 213 4538 εἴων
227 4477 285 4542 τοὺς
296 4477 475 4558 προσήκοντας
490 4478 692 4559 παραγενέσθαι.
735 4481 795 4558 Ούχ
814 4479 855 4558 ὑφ’
873 4481 934 4557 ὑμῖν
978 4491 1072 4554 copiam
1092 4491 1209 4540 lecerunt.
1246 4493 1306 4550 Ergo
1321 4503 1363 4539 eos
1383 4489 1426 4550 qui
1445 4501 1520 4550 remp.
1541 4488 1711 4538 administrant
1731 4489 1755 4538 in

149 4567 242 4630 αὐτοῖς
263 4563 330 4632 έξετε
347 4565 406 4632 τοὺς
427 4565 656 4641 πολιτευομένουςς
679 4569 708 4623 σύ
729 4566 934 4632 ταπεινώσαντες
981 4579 1098 4640 potestate
1110 4579 1189 4626 restra
1202 4590 1249 4624 non
1268 4576 1433 4625 continebitis?
1443 4589 1491 4624 non
1505 4589 1546 4624 eoa
1561 4577 1608 4638 qui
1621 4587 1686 4624 nunc
1701 4575 1756 4624 elati

152 4651 327 4728 ἀποπέμψετε
349 4650 408 4717 τοὺς
429 4657 473 4708 νῦν
500 4649 676 4728 έπηρμένους;
700 4655 728 4710 οὗ
750 4652 879 4728 μέμνησθ’
896 4653 934 4711 ότι
979 4665 1104 4714 ὶιιεοΙειιῑίο
1115 4666 1171 4712 sunt
1180 4663 1309 4712 submissos
1320 4663 1527 4723 ablegabitistnon
1535 4660 1757 4720 meministis,nun·

109 4755 135 4790 σε
150 4737 236 4804 οὐδεὶς
249 4737 356 4795 πώποτε
376 4735 481 4796 ἀπέθετο
498 4737 622 4816 πρότερον
642 4743 674 4816 τῇ
694 4744 740 4796 τοῦ
755 4739 837 4815 δήμου
852 4762 933 4798 κατα·
981 4765 1054 4814 quam
1066 4764 1212 4814 quemqnam
1224 4750 1290 4812 prius
1303 4763 1329 4798 ec
1340 4749 1370 4797 ad
1383 4749 1515 4798 libertatern
1526 4747 1607 4810 populi
1619 4745 1755 4796 diluendam

150 4825 241 4896 λῦσεῑ,
255 4825 315 4901 πρὶν
330 4825 362 4882 ἂν
380 4827 465 4900 μεῖζον
477 4828 528 4882 τῶν
543 4825 716 4905 δικαστηρίων
732 4826 858 4906 ίσχύσῃς,
981 4839 1126 4900 accinxisse,
1144 4851 1217 4900 quam
1232 4837 1376 4897 judiciorum
1393 4837 1534 4884 auctoritato
1550 4833 1756 4900 maiorlevascril?

193 4931 245 4972 ata.
261 4911 360 4978 Ἡδέως
370 4915 392 4970 δ’
403 4911 434 4970 διν
447 4902 851 4990 έγωγε,ῶ’λθηναῑοι,έναντίον
862 4918 935 4992 ύμῶν
1012 4935 1065 4976 aas.
1078 4927 1188 4976 Libenter
1212 4924 1337 4986 equidem,
1357 4924 1519 4985 Athenienses,
1537 4925 1655 4974 rationem
1675 4939 1756 4974 corani

151 4999 372 5078 ὃμολῦγηῦαίμην
386 5000 450 5078 πρὸς
464 4999 508 5058 τὸν
527 5000 664 5080 γράψαντα
685 5001 715 5058 rb
735 5001 873 5081 ψήφισμα,
893 5001 936 5061 td
979 5015 1047 5063 robis
1059 5013 1120 5062 inire
1133 5011 1373 5074 relimcumistoqoi
1389 5011 1512 5060 decretum
1528 5011 1634 5074 scripsit,
1644 5025 1756 5076 quonam

151 5087 232 5152 ποίας
245 5087 392 5166 εῦεργεσίας
406 5088 474 5154 ἀξιοῖ
494 5087 663 5162 Δημοσθένην
685 5093 859 5167 στεφανῶσαι.
903 5091 936 5149 lli
981 5103 1076 5164 propter
1087 5101 1201 5150 beneficia
1210 5100 1397 5150 Demosthenem
1407 5099 1501 5148 censcat
1512 5113 1599 5148 corcus
1609 5113 1659 5149 csse
1670 5099 1757 5149 donan·

153 5174 203 5250 μέν
214 5173 265 5254 γθρ
277 5173 374 5252 λέγεις,
387 5174 442 5234 θθεν
458 5173 506 5245 τλν
519 5173 604 5254 ἀρχὴν
616 5181 661 5233 τοῦ
675 5175 840 5256 ψηφίσματος
850 5179 937 5249 incini-
981 5193 1047 5241 dum.
1074 5191 1133 5238 llam
1151 5189 1170 5237 si
1192 5187 1252 5236 dicis
1272 5188 1334 5238 unde
1351 5187 1488 5250 auspicatos
1508 5201 1533 5235 cs
1550 5185 1688 5248 decretum,
1704 5201 1755 5248 pro-
