4150 6094
853 383 1104 446 FRAGMENTA.

171 533 203 587 q.
217 511 296 591 rpbe'
306 515 425 592 ἡμεροῦν.
437 517 469 572 V.
478 515 649 572 Scboenncnn
658 512 694 570 de
704 513 747 572 lit.
759 522 810 568 att.
823 530 854 586 p.
868 510 956 566 621.»

171 604 197 656 E
208 603 341 696 Sauppio.

320 728 403 790 lllll.
429 731 533 791 ΠΡΟΣ
555 729 817 790 ΑΡΕΣΑΝΔΡΟΝ.

542 846 589 900 ²7.-

217 923 293 982 itlcm
309 943 317 978 ε
336 920 508 1000 Ἐκλογεῑς
521 922 545 978 οἱ
559 919 708 998 ἐκλέγοντες
721 919 766 978 καὶ
784 918 955 1002 εἰσπράττον-

171 1032 215 1075 τες
236 1008 270 1067 τό
284 1008 441 1089 ὀφειλόμενα
455 1011 493 1088 τῷ
509 1007 665 1088 δημοσίῳ...
681 1009 783 1074 Λυσίας
802 1011 829 1068 όν
842 1011 881 1090 τῷ
893 1009 957 1091 πρὸς

171 1097 356 1176 ’Ape'cemdpot¹
376 1123 389 1148 r
405 1098 461 1156 Νῦν
481 1097 508 1154 δὲ
522 1095 587 1175 πρὸς
600 1094 660 1162 τοὺς
672 1095 795 1172 δκλογίας
814 1099 859 1154 τοῦ
877 1095 955 1176 φόρου

174 1211 187 1236 ι
214 1184 318 1243 ἅπαντα
331 1181 548 1264 δπογραφόμεδα.
567 1209 579 1236 ν
596 1185 638 1244 Cf.
649 1187 817 1262 Antiphont.
833 1186 888 1261 [ορ.
906 1184 954 1242 51.

538 1280 586 1336 28.

211 1369 311 1428 Idem:
327 1365 572 1444 Ἀπαρτιλογία
594 1366 693 1433 Λυσίας
707 1369 734 1426 ἰν
755 1370 793 1446 τῷ
807 1365 870 1446 πρός
884 1366 956 1445 Ἀρί-

168 1456 280 1534 σανδρον
292 1455 338 1513 καλ
350 1453 490 1534 Ἡρόδοτος
501 1453 559 1512 ἀντὶ
571 1459 616 1512 τοῦ
627 1455 819 1534 ἅπηρτισμόνος
830 1456 875 1513 καὶ
888 1453 956 1525 πλή-

171 1565 220 1620 ρης
233 1542 351 1621 ἀριθμός.
367 1545 411 1602 cf.
431 1543 521 1602 Beklt.
540 1545 648 1602 Anecd.
669 1565 701 1622 p.
718 1545 788 1620 416,
804 1563 851 1604 no.
873 1545 954 1602 Anti·

166 1631 283 1703 phontis
295 1632 331 1688 [τ.
351 1629 416 1692 151.

192 1763 274 1824 xlv.
299 1761 386 1824 KA'l'
408 1763 677 1825 ΑΡΙΣΤΑΓΟΡΟΥ
701 1763 935 1838 ΕΝΔΕΙΞΕΠΣ,

475 1878 503 1926 el
518 1877 649 1939 γνήσιος.

210 2051 290 2110 Idem
313 2072 319 2108 :
336 1977 637 2131 Ἁμωσγίποός9δντὶ
651 2060 696 2113 τοῦ
709 2053 748 2112 bt
761 2053 791 2132 γί
812 2077 850 2135 τῳ
868 2055 956 2138 τρόπῳ

168 2139 271 2206 Λυσίας
285 2141 312 2197 ἐν
326 2143 365 2220 τῷ
375 2142 433 2199 κατ’
448 2140 636 2221 Ἀρισταγόρου
652 2141 795 2216 ἐνδείξεως,
806 2144 827 2201 τί
839 2145 953 2221 γνήσιος.

166 2281 235 2342 XV.
259 2281 362 2342 ΠΡΟΣ
387 2281 467 2342 ΤΗΝ
489 2282 769 2344 ΑΡΙΣΤΟΔΗΜΟΥ
798 2281 955 2345 ΓΡΑΦΗΝ

422 2371 701 2444 ΔΙΑΠΑΡΤΥΡΙΑ,

406 2465 575 2560 εἶ’·γνήσιος
592 2467 606 2514 δ
624 2465 718 2528 λόγος.

213 2585 228 2613 ι
242 2562 310 2634 Quis
323 2562 370 2618 hic
392 2562 588 2618 Aristodemus
602 2563 704 2632 fuerit,
724 2565 871 2622 nescimus.
884 2565 956 2620 Nam

167 2651 256 2704 ctiam
271 2649 353 2722 quod
366 2649 400 2708 G.
416 2651 601 2725 Kierslingius
617 2647 757 2727 (Lycurgi
768 2651 868 2726 fragm.
881 2669 911 2726 p.
928 2651 953 2727 r)

167 2737 331 2810 suspicatur
350 2737 567 2794 Aristodemum
587 2739 734 2794 Bateneem
755 2739 855 2808 luisse,
871 2755 956 2813 quern

166 2827 316 2896 Lycurgo,
339 2842 394 2879 ατο
416 2826 555 2894 oratoris,
577 2843 691 2882 cansam
718 2827 797 2883 necis
819 2828 956 2882 exstitisse

165 2911 241 2976 dicit
249 2909 423 2985 biographus
435 2911 534 2969 decem
545 2924 691 2970 oratorum
699 2931 730 2988 p.
746 2914 817 2980 δίε.
828 2913 862 2982 Β,
876 2915 956 2969 nullo
1032 2940 1041 2963 ι

166 2996 357 3054 fundamento
366 3001 476 3070 nititur,
483 3017 647 3074 quanquam
657 3003 687 3057 C.
694 3000 828 3058 Scheibio
838 3004 866 3056 in
877 3002 956 3057 lehn.

165 3085 276 3146 annali.
291 3083 325 3142 δι
342 3104 373 3164 ρ,
387 3085 444 3158 375
458 3087 537 3144 haud
551 3091 705 3164 displicuit.
724 3113 736 3140 ο
752 3092 896 3148 Saererns.

542 3194 590 3252 3ο.

210 3285 291 3346 Idem
307 3332 313 3344 .
332 3287 527 3368 ’Atn'ttprctt
543 3287 657 3356 ίξίτασις
678 3291 722 3369 ὑφ’
741 3289 855 3360 δκοίστης
870 3291 954 3368 ἀρχῆς

325 3457 392 3506 xltt.
408 3457 571 3508 ADVERSUS
584 3459 803 3510 tucstbbttbtt.

199 3612 337 3674 ῗΕνλογιίς,
353 3613 475 3661 coactores
497 3611 539 3674 qul
560 3610 702 3674 colligebant
717 3625 745 3661 ae
761 3613 887 3673 exigebant
904 3624 960 3675 ουιο

166 3682 258 3732 erario
275 3681 313 3730 tel
324 3680 462 3741 mtmbttco
473 3681 653 3732 debebantur...
665 3681 747 3743 byslas
758 3681 782 3731 in
793 3683 901 3732 oratlone
911 3681 955 3731 td·

167 3765 257 3802 nereus
267 3751 430 3801 Areeamlmm
444 3771 450 3800 :
468 3771 481 3794 ι
498 3753 569 3802 Nunc
581 3765 640 3802 vero
653 3751 717 3814 opud
731 3751 878 3803 tributorem
890 3765 959 3802 coec-

167 3829 237 3876 δοται
252 3822 336 3872 omnia
346 3820 495 3884 prnttenur.
511 3841 523 3864 ι

201 3962 386 4025 Ἀσαρτιλογία,
402 3963 484 4024 Lysiae
499 3963 524 4012 iu
537 3963 645 4012 oratione
658 3964 774 4012 adserens
793 3965 958 4014 Arenendrum

166 4041 193 4084 et
207 4033 343 4083 truncetur
351 4033 361 4093 l
369 4037 394 4093 7,
406 4037 436 4089 29
446 4033 455 4094 )
465 4045 508 4095 pro
518 4045 642 4084 uumcrrtt
652 4034 746 4096 plenus
754 4036 779 4084 ct
791 4034 937 4084 obsoletus.

211 4137 279 4186 xlv.
295 4137 420 4186 CONTRA
435 4137 656 4188 ARlSTAGORAbl
672 4139 713 4186 btt
732 4139 915 4200 btttttorttt,

332 4241 355 4284 sl
375 4240 461 4285 modo
478 4240 611 4294 genuine
633 4239 730 4286 oratio
747 4244 800 4284 eet.

202 4400 366 4462 Ἀμωσγέαως
379 4412 422 4462 pro
439 4399 535 4464 eliqua
551 4334 648 4450 iiiitent
665 4401 769 4449 rollone
786 4399 851 4462 epnd
866 4399 961 4462 bysiam

166 4473 194 4520 ln
217 4483 255 4519 or.
270 4471 354 4518 centra
368 4469 530 4532 Aristagoram
545 4471 576 4520 tle
594 4470 729 4532 delatione,
746 4471 767 4519 sl
784 4471 886 4534 genuine
900 4479 945 4521 eet.

189 4585 247 4636 XV.
264 4584 425 4636 novemus
440 4584 632 4705 ARISngTEffiI
648 4581 808 4633 terrebunt
824 4581 941 4631 CONTE-

548 4660 567 4703 A
626 4689 633 4715 s

383 4761 405 4802 nt
423 4760 550 4815 genuina
569 4759 613 4802 eet
634 4757 741 4801 oratio.

552 4856 591 4902 30.

1730 390 1786 446 259

1005 503 1128 582 γινομένη
1146 503 1198 585 πρὸ
1223 507 1274 564 τῶν
1298 507 1376 566 δικῶν
1390 507 1450 585 περὶ
1474 510 1524 565 τῶν
1545 506 1727 567 συντεινόντων
1750 513 1785 580 εἰς

1002 593 1047 654 τόν
1063 595 1164 671 ἀγῶνα.
1186 591 1356 664 Ἐξετόζουσι
1370 592 1397 652 δὲ
1415 593 1460 654 καλ
1474 597 1495 653 εἰ
1508 593 1573 662 όλως
1594 595 1706 675 εἰσάγειν
1720 601 1784 679 χρή.

1004 681 1157 757 (Πολλάκις
1171 680 1198 740 δέ
1209 685 1264 741 ἐστι
1278 683 1351 761 παρὰ
1359 685 1412 748 τοῖς
1423 681 1560 762 ῥήτορσιν,
1573 681 1662 763 ώσπερ
1676 686 1722 743 καλ
1732 691 1786 748 Au·

1004 768 1197 850 αίας(1.παρδι
1215 770 1321 852 Λυσία)
1336 773 1362 830 ἐν
1374 773 1413 850 τῷ
1429 769 1494 849 πρὸς
1509 769 1702 851 Ἀριστόδημον.
1718 779 1784 834 lleec

1004 857 1084 916 addit
1094 859 1161 922 cod.
1171 859 1226 936 D.)

1371 957 1420 1015 31.

1042 1068 1124 1126 Idem
1140 1087 1147 1126 ι
1162 1065 1314 1140 Ἀνθήνη·
1329 1065 1430 1134 Λυσίας
1444 1068 1471 1125 tv
1485 1071 1518 1144 τῇ
1530 1067 1595 1149 πρὸς
1607 1068 1654 1140 τήν
1670 1069 1785 1150 ’Aptero-

1004 1151 1087 1230 dritten
1099 1153 1222 1234 γραφήν,
1235 1156 1259 1213 εἰ
1272 1153 1386 1227 γνήσιος.
1401 1153 1483 1221 Πόλις
1497 1157 1543 1225 τῆς
1558 1159 1724 1230 Λακωνικῆς.

1371 1279 1418 1338 3ο.

1043 1391 1123 1450 Idem
1141 1411 1147 1448 ι
1163 1385 1189 1450 ’A
1198 1389 1382 1450 ποστασίου
1397 1391 1457 1464 δίκη
1466 1392 1568 1459 τίςέστι
1578 1392 1647 1452 κατὰ
1657 1396 1709 1454 τῶν
1720 1398 1787 1456 ἀπε-

1002 1477 1210 1558 λευθερωθέντων
1234 1478 1359 1555 δεδομένη
1384 1489 1437 1547 τοῖς
1459 1483 1718 1562 ἀπελευθερώσασιν,
1742 1485 1786 1545 ἐὰν

1003 1565 1166 1646 ἀριστῶνταί
1178 1590 1207 1626 τε
1220 1569 1266 1626 ἀπ’
1280 1571 1365 1628 αὐτῶν
1378 1567 1395 1638 ή
1408 1568 1494 1648 ἕτερον
1507 1571 1704 1651 ἔπεγρόφωνται
1717 1597 1787 1652 τερο-

1002 1655 1120 1728 στότην,
1138 1655 1184 1714 καλ
1206 1655 1223 1714 δ
1245 1655 1393 1716 κελεύουσιν
1409 1660 1434 1716 oi
1447 1657 1522 1734 νόμοι
1543 1658 1581 1734 μὴ
1603 1663 1707 1719 ποιῶσι.
1734 1661 1787 1722 Καὶ

1002 1741 1060 1810 τοὺς
1072 1743 1121 1820 μλν
1132 1743 1243 1810 ἁλόντας
1255 1744 1294 1802 δεῖ
1307 1745 1411 1811 δούλους
1424 1729 1507 1823 εἶναι,
1520 1744 1579 1812 τοὺς
1592 1745 1619 1804 δὲ
1629 1747 1788 1818 νικήσαντα,Ι

1001 1832 1096 1900 τελέως
1110 1831 1162 1904 ήδη
1185 1829 1344 1910 ίλευδίρους.
1374 1833 1507 1900 Πολλόκις
1524 1833 1548 1892 δ’
1562 1835 1618 1894 ἐστὶ
1639 1835 1711 1914 παρὰ
1734 1843 1784 1904 τοῖς

1004 1919 1126 2000 ῥήτορσι,
1136 1919 1210 2002 παρὰ
1221 1923 1260 2001 τῷ
1274 1920 1361 2000 Aeolo
1374 1923 1401 1979 δν
1415 1925 1453 2000 τῷ
1463 1922 1527 2002 πρὸς
1541 1915 1729 2002 Ἀριστόδημον
1741 1927 1786 1984 καλ

1002 2007 1143 2090 Ὑπερείδῃ
1154 2011 1180 2068 ίν
1194 2010 1232 2088 τῷ
1245 2008 1315 2068 κατὰ
1327 2010 1482 2089 Δημητρίας
1497 2011 1668 2072 ἀποστασίου.

1371 2133 1418 2189 33.

1044 2245 1125 2302 Idem
1149 2264 1157 2300 t
1180 2243 1415 2323 Διαμαρτυρία
1447 2244 1493 2303 καλ
1525 2245 1785 2326 διαμαρτυρεῖν.

1004 2329 1109 2409 Τρόπος
1128 2353 1167 2397 τις
1188 2321 1219 2401 ῆν
1231 2335 1407 2411 παραγραφῆς
1428 2335 1445 2402 ἡ
1466 2332 1651 2412 διαμαρτυρία·
1667 2333 1718 2412 πρὸ
1737 2333 1788 2413 γδρ

1005 2423 1051 2476 τοῦ
1065 2420 1222 2498 εἰσαχθῆναι
1238 2417 1286 2490 τήν
1302 2417 1375 2488 δίκην
1397 2420 1434 2486 είς
1447 2417 1477 2476 τὸ
1496 2419 1662 2500 δικαστήριον
1674 2419 1733 2492 ἐξῆν
1748 2425 1787 2502 τῷ

1005 2506 1154 2585 βουλομένῳ
1166 2507 1378 2586 διαμαρτυρῆσαι
1390 2508 1425 2573 ὡς
1435 2505 1609 2584 εἶσαγώγιμός
1618 2511 1714 2581 ἐστινὴ
1728 2508 1787 2582 δίκη

1004 2593 1020 2664 ῆ
1036 2595 1082 2652 οὐκ
1101 2593 1287 2671 εἰσαγώγιμος.
1308 2593 1434 2674 Διαφέρει
1456 2595 1483 2652 δὲ
1500 2599 1546 2666 τῆς
1560 2599 1736 2673 παραγραφῆς
1751 2599 1789 2675 τῷ

1004 2681 1051 2752 τήν
1068 2681 1259 2762 διαμαρτυρίαν
1271 2680 1388 2760 γίνεσθαι
1406 2684 1436 2740 οὐ
1449 2681 1527 2759 μόνον
1542 2683 1592 2739 ὑπὸ
1612 2685 1664 2739 τῶν
1679 2679 1788 2759 φευγόν-

1005 2793 1056 2828 των
1071 2769 1141 2829 tlte
1155 2769 1199 2828 καλ
1222 2769 1274 2827 ὑπό
1291 2773 1342 2828 τῶν
1366 2769 1523 2830 διωκόντων.
1546 2768 1600 2830 Καὶ
1615 2769 1739 2848 πρότερόν
1759 2792 1789 2846 γε

1005 2859 1042 2934 τῷ
1057 2854 1176 2915 διώκοντι
1187 2846 1219 2927 ἧν
1234 2855 1432 2936 προόόλλεσδαί
1444 2880 1501 2915 τινα
1517 2859 1700 2935 μαρτυροῦντα
1717 2857 1790 2912 εἷσα-

1006 2965 1124 3022 γωγιμον
1151 2930 1217 3002 εἶναι
1235 2941 1283 3015 τήν
1295 2942 1384 3015 δίκην,
1406 2941 1452 3002 καλ
1468 2945 1527 3022 περὶ
1548 2943 1639 3002 τούτου
1665 2941 1790 3022 πρότερον

1005 3031 1103 3107 ἐγίνετο
1116 3035 1133 3103 ἡ
1149 3029 1233 3112 κρίσις
1247 3029 1312 3112 πρὸς
1326 3031 1403 3090 αὐτὸν
1418 3030 1463 3089 τὸν
1479 3030 1745 3110 διαμαρτυρήσαντα,
1760 3035 1789 3088 οὐ

1005 3117 1068 3197 πρός
1079 3115 1123 3176 τδν
1138 3119 1164 3188 ἐξ
1176 3123 1261 3198 ἀρχῆς
1280 3117 1457 3196 δικαζόμενον·
1478 3121 1501 3177 εί
1521 3119 1547 3176 δὲ
1573 3119 1611 3196 μή
1626 3117 1791 3200 προῦόοίλετο

1006 3203 1126 3286 μόρτυρα
1141 3209 1155 3263 δ
1170 3205 1285 3282 διώκων,
1300 3205 1360 3264 τότε
1381 3203 1440 3276 ἰξῆν
1454 3209 1491 3286 τῷ
1507 3205 1626 3286 φεύγοντι
1645 3227 1790 3284 προσαγα-

1005 3295 1060 3368 γεῖν
1072 3315 1130 3350 τινα
1144 3297 1326 3374 μαρτυροῦντα
1348 3293 1386 3372 μὴ
1409 3294 1584 3372 εἰσαγώγιμον
1600 3285 1728 3364 εἶναιτὴν
1747 3292 1790 3351 δι’-

1379 3465 1418 3510 31.

1035 3549 1161 3610 Δοῑλιειισ,
1175 3549 1300 3598 boemico
1313 3548 1446 3612 oppidum,
1458 3549 1528 3610 euius
1544 3549 1654 3599 meminit
1673 3549 1756 3610 byciae
1767 3549 1791 3600 Ιιι

1004 3621 1114 3670 oratione
1126 3621 1210 3670 contre
1221 3619 1368 3670 Aristodemi
1382 3621 1512 3671 notionem.

1383 3727 1422 3774 tt.

1036 3811 1194 3864 'acoemetus
1202 3811 1267 3872 δίκη,
1277 3809 1431 3872 defectionum
1441 3813 1520 3873 cetto,
1536 3823 1592 3872 erm¹
1603 3811 1675 3860 datur
1687 3811 1793 3872 patmnit

1005 3885 1089 3932 contra
1108 3883 1223 3938 libertos.
1244 3881 1310 3931 eiob
1321 3881 1379 3943 ipsis
1394 3881 1506 3931 debelant
1522 3883 1561 3932 rel
1577 3883 1650 3931 ellum
1662 3885 1792 3944 petronem

1006 3953 1052 4002 sibl
1068 3952 1218 4012 adsciscant,
1230 3963 1273 4001 uec
1286 3951 1373 4000 lecitnt
1382 3964 1410 4001 en
1421 3965 1477 4014 σου
1494 3951 1556 4012 leges
1566 3951 1659 4011 iubent.
1674 3954 1704 4000 ut
1716 3953 1792 4002 rictus

1006 4022 1103 4085 quidem
1113 4027 1193 4072 manet
1203 4022 1322 4080 territum
1334 4022 1437 4070 victores
1452 4021 1544 4070 veroin
1557 4026 1681 4082 posterum
1692 4022 1792 4071 omnino

1006 4098 1064 4143 sunt
1080 4093 1156 4143 liberi.
1174 4095 1322 4153 Frequenter
1338 4091 1362 4139 id
1375 4091 1520 4140 rocebrrlum
1538 4091 1622 4152 legitur
1636 4091 1698 4152 npud
1711 4095 1792 4141 orato-

1008 4177 1060 4224 res,
1072 4165 1103 4214 ut
1120 4163 1186 4226 apud
1197 4162 1293 4224 tysiam
1308 4163 1334 4210 in
1349 4161 1459 4210 orntione
1474 4161 1588 4210 adversus
1611 4161 1790 4213 Aristodemum

1007 4239 1031 4286 et
1042 4235 1106 4298 apud
1115 4233 1262 4298 Hyperidem
1274 4233 1298 4284 in
1312 4233 1420 4284 oratione
1429 4239 1512 4284 contre
1519 4234 1665 4284 Demetrium
1677 4234 1710 4283 ob
1723 4235 1788 4285 dele·

1007 4309 1119 4360 ctionem.

1383 4399 1420 4442 ³³.

1039 4491 1198 4555 Διαμαρτυρία
1217 4495 1242 4540 et
1259 4491 1432 4554 διαμαρτυρεῖν.
1453 4488 1612 4552 Διαμαρτυρία
1632 4486 1719 4536 modus
1738 4489 1791 4537 etti

1008 4565 1103 4627 nunidem
1119 4562 1281 4625 exceptionie3
1296 4574 1353 4610 unm
1364 4567 1494 4623 anteqtrnm
1505 4573 1577 4608 censo
1588 4561 1612 4608 in
1622 4558 1741 4619 judicium
1754 4558 1792 4606 ln·

1009 4635 1183 4695 troduceretur,
1196 4632 1273 4687 cuivis
1282 4631 1369 4684 licebat
1378 4631 1517 4688 testificari,
1530 4642 1627 4680 cansam
1638 4641 1680 4690 per
1692 4629 1754 4688 leges
1768 4628 1793 4676 in

1008 4705 1126 4767 iudicium
1144 4703 1265 4754 introduci
1285 4716 1354 4764 pesse
1368 4704 1407 4752 rel
1422 4716 1469 4751 non
1484 4713 1559 4762 posse
1573 4699 1657 4749 Dillert
1669 4701 1750 4748 autem
1762 4699 1794 4748 eb

1008 4777 1164 4839 etcepbone,
1177 4773 1242 4838 quod
1251 4773 1405 4838 διαμαρτυρία
1419 4787 1467 4822 non
1482 4771 1560 4821 tolum
1575 4771 1602 4820 lrt
1617 4784 1658 4832 per
1670 4783 1738 4830 reos,
1750 4771 1793 4820 tetl

1009 4847 1083 4896 etiem
1095 4859 1136 4908 per
1150 4851 1251 4895 actores.
1267 4845 1413 4904 [ltprimum
1426 4841 1523 4905 quidem
1536 4845 1603 4889 actor
1619 4841 1722 4904 aliquem
1737 4855 1792 4902 prn-

204 4924 356 4990 Ἄνωσος,
374 4922 498 4986 inqulsibo
516 4935 590 4984 quern
603 4921 690 4983 singuli
702 4919 853 4982 megistratue
874 4917 962 4968 iaciunt
1009 4915 1119 4975 ducebat,
1128 4916 1168 4977 qul
1178 4915 1307 4964 testaretur
1316 4927 1412 4962 causam
1423 4911 1570 4972 injudieium
1579 4911 1697 4961 introduci
1708 4923 1793 4972 possen

166 5001 234 5050 ante
251 4995 343 5058 jndicio
358 4993 389 5046 de
407 4995 479 5044 rebus
499 4993 529 5042 ad
551 4993 618 5043 litem
633 4991 814 5054 pertinentibus.
836 4988 963 5050 lnqulrnnt
1010 4985 1040 5035 de
1053 4998 1101 5046 qun
1113 4997 1138 5034 re
1146 4983 1250 5048 primurn
1261 4983 1431 5033 instituebatur
1440 4981 1580 5044 disceptatio
1587 4981 1707 5032 adversus
1715 4981 1793 5044 ipsum

166 5073 249 5122 etiam
261 5067 484 5116 momnlnoeeuea
495 5063 645 5126 lniudicium
658 5059 832 5112 introducenda
844 5060 884 5107 stt.
896 5061 963 5119 supe
1009 5059 1109 5116 testem,
1125 5069 1174 5104 non
1185 5055 1303 5104 adversus
1314 5058 1427 5103 actorem.
1441 5053 1484 5103 Sin
1497 5064 1554 5102 vero
1565 5053 1633 5102 ector
1651 5053 1744 5100 nullum
1761 5053 1793 5099 te·

167 5153 224 5192 vox
239 5137 306 5201 apud
320 5141 429 5186 oratores
438 5135 562 5196 occurrit,
575 5135 604 5183 ut
621 5131 684 5196 apud
697 5131 792 5194 Lysiam
811 5129 836 5178 in
854 5127 964 5177 oratione
1009 5133 1072 5177 etem
1086 5125 1243 5188 produceret,
1253 5128 1311 5176 tnnc
1320 5139 1361 5176 reo
1374 5125 1460 5175 licebat
1471 5123 1602 5186 producere
1613 5125 1655 5186 qui
1666 5125 1793 5173 testaretur
1844 5167 1853 5180 ,

168 5213 297 5265 adversus
306 5207 494 5259 Aristodemum.

983 5181 990 5250 i
1011 5210 1108 5248 cautem
1122 5211 1170 5248 non
1185 5197 1289 5261 possein
1305 5195 1422 5258 judicium
1435 5195 1552 5259 produci:
1568 5199 1592 5246 et
1603 5205 1687 5244 rursm
1699 5191 1792 5250 discep-

1664 5298 1697 5337 l'l.
