3934 6350
652 399 717 459 XX.
742 399 844 460 ΠΡΟΣ
864 400 1073 461 ΛθΠΤΙΝΗΝ.
1606 413 1663 468 657

55 533 243 603 γεγραμμένον,
259 530 313 590 τοῦς
326 529 351 582 δέ
367 527 475 590 ἀναξίους
491 529 567 598 κρίσει
579 528 732 600 ἀφαιρεῖσθαι
745 528 789 596 τὴν
802 549 838 582 τι·
885 530 945 584 Τότε
960 535 1022 601 χρῆν
1036 531 1133 596 αῦτοὶις,
1145 533 1231 602 φησίν,
1245 535 1285 587 ὅτε
1298 533 1436 605 ἐλάμδανον
1447 535 1603 604 φαινομένους
1612 534 1668 588 ἀνα·

56 611 119 682 μὴν,
131 612 159 664 οίι
174 614 252 682 νόμῳ,
263 611 342 662 TCV.
886 607 948 670 ξίους
963 609 1118 670 κολάζεσθαι.
1158 609 1192 662 ”ll
1205 611 1261 682 παρ’
1275 611 1352 676 αθτά,
1369 613 1398 664 ἀν
1411 611 1519 673 δείξωσιν
1536 612 1594 683 θμῖν
1612 609 1666 666 οἷον

92 695 155 760 498,
171 692 214 744 23.
230 688 267 742 Ἢ
281 690 363 749 θέντας
371 688 450 759 ῦμᾶς]
463 687 605 740 ’Λκόλουθον
614 684 644 755 ήν
655 688 745 752 εἰπεῖν,
758 689 774 754 ί]
788 689 840 741 θέν-
886 689 1026 758 προσφόρως
1038 688 1239 758 τιμωρήσασθαι,
1251 691 1292 742 καὶ
1305 690 1378 761 ἐγγῦς
1394 697 1443 744 τῶν
1456 689 1613 762 ἀδικημάτων
1625 697 1668 760 τῆς

56 789 106 822 των
128 767 254 831 αὖτῶν,ό
275 768 297 817 δ’
313 765 425 832 εἷπεν,ή
446 766 528 828 θέντας
544 767 644 834 αθτοθς,
665 769 700 821 ἵν’
719 765 734 840 ᾖ
755 775 843 832 πτῶσις
884 767 976 837 φύσεως
987 766 1002 831 ἢ
1015 770 1058 818 τοῦ
1075 768 1175 835 χρόνου.
1188 769 1268 821 TCV.

56 849 112 902 ἀντὶ
126 851 249 908 πτώσεως·
266 847 347 900 TCV·
921 849 982 914 499,
1001 850 1042 898 τό.
1057 844 1087 896 El
1096 845 1121 897 δέ
1134 846 1237 916 μηδενὸς
1246 847 1316 908 ὄντος
1327 847 1453 919 τοιοῦτον]
1466 848 1528 902 κατά
1537 850 1593 911 τοῦς
1604 849 1667 920 εθερ·

93 930 156 996 498,
171 925 217 987 05,
235 923 313 977 Ὅταν
326 929 421 992 πρῶτον
435 924 555 992 γένωνται
569 924 719 994 νομοθέται]
735 923 765 976 Οί
783 923 841 994 μέλ-
886 924 956 992 γέτας
968 925 1058 986 κακοῦ,
1073 923 1133 992 μηδὲ
1145 923 1267 994 ὀφθέντων
1278 925 1391 986 ἀναξίων.
1409 928 1480 980 TCV

57 1009 142 1066 λοντες
161 1003 193 1064 είς
207 1002 271 1054 ἀλλο
290 1002 446 1072 δικαστήριον
460 1006 547 1071 κυροῦν
566 1002 609 1054 τδν
627 1003 716 1074 νόμον
738 1007 779 1056 νῦν
794 1001 842 1072 γάρ
921 1006 984 1070 499,
1000 1018 1041 1071 17.
1056 1001 1141 1062 Λόξετε
1153 1003 1333 1074 φθονήσαντες]
1346 1005 1381 1057 Tb
1393 1004 1539 1076 ἐπιχείρημα
1554 1001 1666 1060 τοιοῦτόν

57 1083 234 1153 έδοκιμάζοντο
247 1080 390 1142 θπευθῦνους
400 1081 543 1146 ποιήσαντες
555 1079 661 1143 έαυτοός.
704 1080 745 1144 Ὦς
756 1080 842 1148 ἀσαφές
886 1077 964 1144 ἐστιν,
986 1081 1023 1132 ότι
1040 1079 1067 1131 οὗ
1084 1081 1141 1150 πρδς
1158 1079 1287 1148 Ἀθηναίων
1307 1082 1358 1136 έστί
1377 1083 1405 1136 τδ
1419 1084 1500 1136 δοκεῖν
1518 1085 1665 1152 βασκαίνειν·

55 1161 84 1214 δέ
104 1165 175 1212 τοῦτο
189 1161 307 1230 φαίνεται.
346 1160 416 1228 Λέγει
438 1158 479 1222 δέ’,
505 1157 601 1212 ἐπειδάν
623 1165 718 1228 πρῶτον
739 1159 755 1224 ἢ
774 1159 843 1220 πόλις
887 1153 946 1227 ἐνῷ
965 1157 1006 1210 καὶ
1019 1157 1048 1210 εδ
1061 1158 1149 1227 πρέπον
1161 1158 1235 1210 πάλιν
1250 1159 1312 1212 κατὰ
1326 1159 1355 1211 τδ
1370 1159 1481 1212 ἐναντίον
1496 1159 1613 1226 ἐξετάζει,
1630 1161 1668 1212 δτι

60 1241 190 1308 νομοθέτας
199 1239 301 1309 καθίσῃ,
315 1238 369 1290 τότε
379 1243 474 1307 πρῶτον
485 1236 624 1306 είσαχθήτω
636 1237 650 1289 ό
662 1239 745 1308 νόμος.
763 1237 839 1299 Ἐθος
885 1235 955 1304 ίιμεῦς
973 1237 1059 1306 τιμᾶτε
1073 1236 1127 1297 τοῦς
1139 1235 1270 1300 ἀξιονίκους
1290 1244 1338 1292 τῶν
1358 1238 1471 1306 ἀθλητῶν
1488 1239 1611 1309 μεγίσταις
1632 1260 1667 1292 τι·

57 1316 106 1385 γάρ
119 1312 148 1382 ήν
163 1319 194 1386 τῇ
209 1315 293 1378 πόλει,
308 1313 330 1367 εί
351 1316 447 1383 γίνοιτο
463 1316 534 1384 χρεία
555 1315 713 1384 νομοθετεῖν,
736 1316 841 1375 καθίζειν
888 1314 961 1382 μαῖς,
980 1311 1042 1383 ίνμᾶς
1057 1313 1084 1366 δὲ
1102 1317 1189 1384 τιμᾶτε
1210 1315 1265 1376 τοῦς
1285 1317 1431 1382 τεθνηκότας
1448 1319 1499 1376 τοῖς
1519 1315 1666 1387 ἐπιταφίοις,

57 1394 100 1458 ἓξ,
115 1395 148 1456 ὡς
159 1393 183 1446 έν
199 1400 234 1464 τῷ
251 1392 313 1446 κατὰ
327 1393 492 1464 Τιμοκράτους
508 1393 596 1462 φησίν·
614 1392 685 1454 ἀξιῶν
708 1387 751 1444 οῦν
774 1392 842 1454 εθθῦς
886 1388 950 1442 οὕτω
966 1391 1048 1460 πόρρω
1062 1391 1194 1457 καθέστηκε
1211 1398 1259 1446 τῶν
1280 1392 1412 1460 Ἀθηναίων
1431 1393 1445 1461 ί]
1463 1393 1533 1456 πόλις
1550 1399 1593 1448 τοῦ
1608 1398 1668 1466 φθό-

60 1473 100 1524 καὶ
114 1477 281 1544 παραχρῆμα,
293 1471 314 1524 εί
327 1473 380 1524 κατ’
395 1471 472 1542 ἀρχάς
485 1475 528 1524 τοῦ
540 1470 607 1532 έτους
620 1473 730 1542 γένοιντο
744 1473 842 1542 νομοθέ-
886 1488 937 1520 νου.
956 1469 1037 1522 TCV.

61 1571 114 1614 ται,
131 1555 215 1603 τοῦτον
230 1549 369 1620 εἰσάγεσθαι
383 1555 478 1620 πρῶτον
492 1549 534 1602 τδν
550 1551 625 1620 νόμον
640 1550 665 1602 έν
676 1553 728 1612 τοῖς
739 1552 842 1620 πρώτοις
921 1551 982 1616 499,
999 1551 1040 1602 18.
1053 1547 1157 1602 Ἐστιδὲ
1172 1551 1250 1602 πάντα
1265 1550 1307 1621 μέν
1320 1551 1354 1613 ὡς
1368 1551 1423 1615 ἔπος
1438 1551 1531 1624 εἰπεῖν]
1547 1551 1618 1606 θέλει
1634 1552 1667 1606 εί-

60 1630 211 1698 νομοθέταις.
225 1629 304 1682 TCV.
885 1629 939 1680 πεῖν
952 1629 989 1679 δτι
1001 1627 1113 1680 καὶκατὰ
1124 1629 1202 1680 πάντα
1216 1629 1246 1682 τὰ
1258 1629 1339 1698 ὀνείδη
1354 1631 1448 1702 καθαρὰ
1462 1632 1579 1701 τυγχάνει
1593 1631 1608 1698 ἡ
1622 1634 1668 1686 πό·

97 1706 169 1760 Ἔστι
182 1706 204 1756 δ’
217 1704 352 1776 έκάστιρτις
362 1701 454 1766 αθτῶν,
467 1704 501 1766 ιὀς
514 1703 607 1770 ἔοικεν,
623 1703 725 1776 ἐχθρὸς]
743 1703 840 1770 Ἐπειδὴ
884 1705 922 1766 λις
933 1706 974 1758 καί
988 1707 1070 1776 πόρ’ρω
1081 1706 1174 1758 τούτων
1188 1713 1236 1759 τῶν
1246 1714 1343 1775 κακῶν,
1355 1710 1418 1764 πολίι
1430 1709 1456 1762 δέ
1469 1710 1543 1764 πλέον
1558 1717 1605 1764 τῶν
1622 1712 1667 1762 ἀλ-

59 1783 158 1836 ἐδόνιουν
171 1783 228 1854 ῦπέρ
240 1787 283 1836 τοῦ
299 1785 382 1834 κοινοῦ
395 1783 526 1835 τεθεικέναι
537 1781 579 1834 τδν
601 1783 693 1852 νόμον,
710 1783 752 1835 ἵνα
767 1781 841 1855 ἀνέλῃ
884 1783 935 1836 λων
948 1784 991 1837 τὸν
1002 1785 1091 1855 φθόνον
1109 1785 1220 1855 πέφευγε.
1235 1787 1315 1841 TCV.

59 1861 104 1927 τὴν
120 1862 235 1915 ιἰπόνοιαν
250 1862 357 1928 ταύτην,
371 1861 402 1911 δι’
414 1859 510 1922 ἑαυτούς
519 1879 577 1930 φησι
586 1863 741 1928 πεποιηκέναι
750 1869 839 1928 τοῦτο,
920 1867 984 1932 499,
996 1880 1039 1917 21.
1056 1863 1132 1915 Φίσει
1146 1864 1229 1925 κακίας
1241 1865 1344 1934 σημεῖόν
1354 1862 1405 1918 ἐστι
1418 1864 1544 1938 όφθόνος]
1558 1866 1591 1918 Ὃ
1604 1853 1661 1937 λέγε

59 1941 103 1992 ’ίνα
126 1939 312 2011 ἀποστεροῦντες
329 1939 384 2000 τοθς
407 1937 510 2008 ἔχοντας
531 1937 640 1992 ἀτέλειαν
661 1941 717 2002 τοῦς
740 1939 841 2012 ἐχθροὶις
884 1943 994 1996 τοιοῦτόν
1007 1941 1086 2006 ἐστιν,
1099 1943 1139 1994 δτι
1148 1941 1172 1996 έν
1182 1943 1268 2004 ἀλλοις
1280 1943 1321 1996 έάν
1336 1939 1464 2015 τιςήπρός
1473 1964 1528 1998 τινα
1540 1947 1665 2010 κακόνους,

60 2019 210 2090 ἀμόνωνται.
247 2019 331 2071 Ἦσαν
354 2017 401 2088 γάρ
419 2017 515 2080 ἀτελεῖς
539 2017 624 2089 ίχθροί
645 2039 671 2073 τε
689 2020 773 2072 ἀλλων
801 2023 841 2074 καί
886 2019 938 2090 ἔχει
957 2020 1011 2074 τινᾶ
1025 2020 1162 2092 ἀπολογίαν
1179 2023 1277 2092 φάσκων
1291 2023 1436 2076 πεπονθέναι
1449 2041 1472 2076 τι
1487 2024 1543 2094 παρ’
1562 2023 1664 2077 ἐκείνου·

59 2101 194 2164 Λεπτίνου,
208 2099 307 2170 ἔχοντες
324 2099 413 2165 ταύτην
428 2095 472 2164 τήν
487 2099 589 2169 δωρεάν.
628 2099 674 2152 Καὶ
689 2100 729 2152 διόι
743 2103 785 2153 τοῦ
799 2102 840 2153 νό-
885 2095 924 2150 ἐπὶ
937 2097 963 2150 δέ
978 2103 1022 2151 τοῦ
1033 2101 1123 2169 φθόνου
1137 2098 1311 2168 ἀσῦγγνωστον
1332 2100 1361 2152 τδ
1381 2101 1463 2162 πάθος·
1483 2101 1512 2154 οίν
1530 2101 1578 2172 γὰρ
1593 2102 1616 2164 ἐξ
1630 2101 1665 2156 ὧν

61 2199 109 2249 μου
123 2177 258 2248 ἀμύνασθαι
270 2177 355 2238 αῦτοὶις
363 2178 474 2243 ζητοῦσι,
485 2176 551 2247 φησί·
567 2176 633 2228 καίδ
650 2176 840 2249 αὗτδςῃρήσατο
885 2177 975 2247 πάσχει
986 2177 1112 2243 λυπεῖται,
1128 2177 1186 2230 ἀλλ’
1203 2177 1224 2232 εί
1242 2178 1318 2240 ἀλλος
1329 2198 1364 2241 τις
1376 2174 1404 2231 εῦ
1423 2181 1535 2250 πράττει,
1555 2180 1668 2235 λυπεῖται

61 2259 123 2310 κατέι
135 2265 183 2310 τῶν
194 2257 305 2328 ἐχθρῶν,
319 2259 393 2308 τοῦτο
406 2254 468 2326 ῦμᾶς
484 2256 546 2309 κατά
558 2262 606 2310 τῶν
622 2255 752 2326 είιεργετῶν
767 2259 841 2310 πείθει
885 2255 926 2307 καί
939 2257 1085 2326 ζημιοῦσθαι
1104 2257 1206 2327 νομίζει.
1245 2257 1288 2308 Διδ
1302 2257 1344 2310 καί
1358 2259 1495 2312 πεπονθότα
1514 2258 1586 2312 αθτδν
1598 2263 1665 2330 φησί·

60 2338 271 2407 κατεργάσασθαι,
284 2335 313 2387 τδ
325 2331 357 2406 μὴ
368 2333 408 2386 διέι
419 2335 527 2404 κρίσεως,
541 2333 606 2386 ἀλλά
619 2337 687 2405 νόμῳ
699 2335 839 2405 στερίσκειν,
885 2337 953 2403 τήκει
965 2336 1013 2409 γὰρ
1024 2339 1078 2398 τοῦς
1092 2337 1205 2408 ἔχοντας.
1215 2338 1295 2392 TCV.

64 2414 100 2468 ‘fl
113 2417 159 2486 γάρ
173 2416 249 2486 κρίσις
261 2413 357 2484 ηθρισκε
371 2410 416 2478 τὴν
432 2412 558 2479 ἀλήθειαν.
601 2411 752 2467 ’Λντιπῖπτον
769 2415 795 2466 δὲ
815 2413 841 2468 ἐκ
921 2419 984 2484 499,
997 2433 1041 2485 27.
1056 2417 1156 2486 Πρῶτον
1172 2416 1215 2487 μὲν
1235 2418 1320 2487 μένοι]
1341 2417 1441 2486 Πρῶτον
1462 2414 1530 2471 εἶπεν
1545 2416 1667 2481 ἀντίτοῦ,

61 2499 105 2561 τῆς
119 2495 232 2566 ἐργασίας
248 2492 370 2564 ἀνακῦήαν
384 2496 457 2545 τοῦτο
471 2494 502 2563 τῇ
516 2494 662 2564 προκειμένῃ
682 2491 763 2562 ἐννοίᾳ
783 2493 841 2546 ίιπο-
886 2493 926 2565 ἀφ’
936 2491 964 2546 οῦ
977 2494 1030 2548 ἐστί
1041 2495 1071 2546 δι’
1084 2495 1144 2548 ὅλου
1154 2499 1195 2548 τοῦ
1207 2496 1308 2566 χρόνου.
1321 2496 1401 2549 TCV.

61 2575 188 2644 τέμνεται·
203 2571 260 2624 ἀλλ’
275 2570 323 2641 οθχ
334 2569 459 2640 αἱροῦνταί
471 2587 532 2630 τινες
543 2571 699 2640 προσκρούειν
719 2571 760 2623 καὶ
771 2591 843 2638 κατη-
921 2577 984 2644 499.
1000 2591 1043 2643 29.
1064 2573 1107 2626 Ἐν
1125 2571 1162 2636 οίς
1182 2575 1312 2646 κοσμεῖτε]
1330 2572 1385 2644 Ἐφ’
1396 2568 1433 2634 οἷς
1449 2573 1534 2644 λόγοις
1548 2575 1615 2646 λέγει
1630 2575 1669 2628 ὅτι

60 2659 144 2722 γορεῖν
163 2658 210 2705 τῶν
229 2650 343 2712 ἀναξίων.
381 2648 473 2702 Ἐλυσε
489 2649 511 2700 δ’
526 2647 614 2714 εἰπὼν,
629 2648 694 2700 ἀλλ’
713 2649 759 2702 είσί
782 2670 844 2714 τινες
886 2655 971 2722 τιμᾶτε
993 2654 1047 2715 τοῦς
1070 2653 1191 2723 ἀνδρείους
1211 2652 1421 2718 ἀποθνήσκοντας,
1437 2651 1465 2704 οῦ
1486 2655 1668 2724 καταφρονεῖτε·

61 2731 141 2784 αὐτῶν
155 2729 239 2801 ἐχθροὶ
252 2735 301 2782 τῶν
315 2727 345 2781 τά
358 2730 460 2799 μέγιστα
473 2729 613 2798 δυναμένων
632 2726 658 2779 ἐν
672 2731 703 2798 τῇ
715 2729 841 2798 πολιτείᾳ,
887 2729 962 2790 οῦτως
975 2729 1019 2782 οῦκ
1032 2729 1085 2784 ἐστέ
1098 2732 1218 2801 φθονεροί.
1235 2732 1315 2784 TCV.

60 2811 105 2862 ἵνα
113 2812 157 2862 κάν
172 2811 300 2880 ἀντιπέσῃ,
315 2807 423 2868 ἀσθενεῖς
435 2806 460 2860 δὲ
474 2807 514 2859 καί
528 2807 575 2877 οθχ
589 2801 639 2858 οίοί
649 2827 675 2861 τε
690 2807 841 2878 ἐξελέγχειν,
923 2809 983 2874 500,
998 2810 1024 2864 5.
1035 2811 1095 2871 Τοίις
1109 2811 1265 2882 στεφανίτας]
1280 2810 1334 2870 τυὶις
1346 2810 1495 2880 περιοδικοθς
1507 2811 1669 2881 καλουμένους

62 2889 195 2957 προσέθηκε
209 2887 250 2939 καί
267 2883 310 2950 τὴν
325 2887 444 2952 ποιότητα
456 2891 503 2938 τῶν
520 2883 625 2955 ἐχθρῶν.
636 2885 712 2941 TCV.
887 2887 963 2957 λέγει·
979 2889 1003 2941 οἱ
1016 2888 1058 2960 μέν
1072 2888 1120 2959 γάρ
1135 2895 1183 2942 τῶν
1198 2888 1302 2959 ἀγώνων
1321 2887 1367 2940 είαί
1380 2892 1534 2958 στεφανῖται,
1548 2890 1573 2941 οί
1591 2889 1617 2944 δέ
1631 2889 1670 2958 ἀρ-

99 2968 161 3033 499,
184 2963 209 3018 5.
225 2965 261 3017 Δι’
281 2963 349 3034 ῦμῶν
370 2963 485 3034 ἀθρόους]
508 2963 553 3016 Διὰ
573 2969 621 3016 τῶν
639 2958 665 3015 εῦ
687 2964 843 3016 πεπονθότων
888 2969 994 3034 γυρῖται,
1044 2969 1157 3020 Δίδονται
1175 2962 1219 3020 οῦν
1241 2968 1352 3036 μέγισται
1375 2967 1464 3037 δωρεαί
1485 2969 1525 3020 καί
1544 2967 1605 3039 μετὰ
1625 2969 1667 3021 τὀν

62 3043 118 3112 παρ’
133 3042 223 3096 αθτῶν.
264 3041 373 3113 ’Λθρόους
391 3041 417 3095 δέ
436 3043 557 3104 πολλοῦς,
573 3038 645 3113 ίναῇ
664 3041 711 3094 κάκ
724 3046 767 3094 τοῦ
782 3042 844 3108 πλή-
888 3045 1015 3114 στέφανον.
1056 3044 1155 3112 Ἐπειδὴ
1168 3045 1215 3116 γὰρ
1230 3043 1310 3115 είρηκε
1324 3045 1379 3114 περὶ
1395 3051 1443 3098 τῶν
1457 3046 1596 3117 πολεμικῶν
1613 3047 1669 3108 τοῦς

63 3121 119 3182 θους
130 3121 158 3172 τδ
171 3120 275 3173 ἀτοπον·
294 3122 331 3172 ότι
348 3119 398 3172 οὔδ’
419 3119 517 3190 ὀλίγους
542 3119 684 3185 ἀδικήσετε,
705 3119 771 3171 ἀλλὰ
785 3119 845 3174 πολ·
888 3122 1035 3193 ἐπιταφίους,
1048 3123 1128 3194 εἴρηκε
1138 3125 1179 3178 καὶ
1192 3124 1248 3186 τοῦς
1262 3123 1301 3178 έπθ
1317 3128 1348 3195 τῇ
1367 3123 1450 3196 είρήνῃ
1465 3124 1667 3196 ἀγωνιζομένους·

62 3197 135 3258 λοῦς’
154 3198 195 3250 καί
208 3198 291 3268 καιρδν
310 3197 350 3262 δέ,
365 3197 453 3268 φησίν,
477 3198 624 3268 εῦρίσκουοιν
643 3198 779 3268 ἀμύνασθαι
789 3200 845 3261 τοῦς
888 3201 1062 3272 ἐστεφανοῦντο
1074 3203 1122 3274 γάρ
1134 3203 1157 3256 οί
1167 3209 1279 3265 νικῶντες
1289 3202 1314 3258 ἐν
1328 3203 1431 3265 τοῦτοις.
1446 3205 1526 3258 TCV.

62 3277 165 3347 ἐχθροὶις
179 3276 285 3340 ἑαυτῶν,
301 3275 436 3346 ἀπάγοντες
448 3275 533 3338 αιἰτοθς
549 3277 589 3328 διόι
602 3280 646 3330 τοῦ
660 3278 736 3348 νόμον
746 3276 779 3340 είς
793 3279 844 3348 κρί-
924 3279 970 3332 ίίαί
986 3278 1033 3350 οθχ
1051 3282 1089 3337 ὅτι
1102 3285 1133 3353 τῇ
1143 3281 1212 3351 φύσει
1225 3281 1317 3334 τούτων
1336 3282 1463 3353 μέτεστιν]
1475 3282 1506 3334 Οί
1516 3281 1605 3352 ἀγαθοί
1616 3281 1669 3347 ὀλί-

63 3375 112 3409 σιν.
125 3357 205 3408 ΤίΝ.
887 3376 927 3427 γοι
937 3356 1082 3426 ἀναγκαίως·
1094 3359 1165 3410 κακοὶ
1176 3357 1223 3428 γάρ
1235 3359 1258 3410 οἱ
1272 3357 1370 3412 πολλοί,
1409 3357 1453 3410 Διά
1465 3364 1512 3410 τῶν
1523 3357 1615 3429 ὀλίγων
1625 3355 1669 3412 οῦν

101 3439 163 3503 499,
177 3453 205 3504 7.
216 3433 274 3486 Κατ’
286 3433 362 3503 ἀνδρα
374 3433 514 3503 κριθέντας]
531 3431 563 3504 μὴ
582 3432 696 3504 ἀθρόους,
711 3433 776 3486 ἀλλά
790 3435 843 3488 κατ’
887 3435 943 3497 τοῦς
955 3435 1080 3506 γενναίους
1091 3436 1213 3506 σημαίνει.
1251 3437 1351 3498 Τοῦτοις
1363 3431 1406 3488 οῦν
1420 3436 1448 3488 οῦ
1463 3437 1589 3506 φθονεῖτε,
1603 3437 1669 3491 ἀλλά

60 3513 153 3582 ἀνδρα·
168 3513 210 3564 καὶ
220 3513 312 3582 κρίσει,
325 3509 357 3582 μὴ
371 3513 448 3582 νόμῳ.
463 3513 543 3568 TCV.
887 3515 929 3567 καί
942 3515 1086 3578 συνήδεσθε,
1102 3515 1134 3566 δι’
1147 3513 1183 3567 ὧν
1198 3517 1284 3585 τιμᾶτε
1301 3514 1403 3579 αὖτοῦς,
1416 3514 1437 3566 εί
1446 3515 1487 3567 καί
1498 3514 1612 3585 ἀνόμοιοί
1624 3517 1669 3569 εἰσι

103 3591 172 3662 Ἐγὼ
183 3590 281 3662 μὲνγὰρ
292 3591 473 3662 ῦπολαμῦάνω]
485 3589 611 3643 Ἐντεῦθεν
621 3590 652 3643 τόι
662 3591 790 3660 ἐπιλογικά
799 3591 843 3658 δη·
888 3592 949 3644 κατὰ
960 3593 1040 3662 φόσιν.
1054 3593 1134 3646 TCV.

60 3673 159 3724 λοῦται.
197 3671 237 3724 Τά
255 3669 302 3742 γάρ
316 3669 417 3723 ἑκάστου
441 3669 572 3739 κεφαλαίου
594 3669 680 3740 ἐσχυρά
697 3673 796 3741 συνάγει
812 3671 843 3721 δι’
924 3671 984 3734 500,
1000 3673 1024 3726 8.
1044 3670 1088 3721 Διά
1103 3670 1194 3738 ταῦτα]
1211 3668 1251 3720 διά
1266 3669 1295 3722 τδ
1309 3667 1373 3722 εἶναι
1387 3669 1472 3732 αῦτοίις
1483 3673 1608 3740 γενναίους
1629 3674 1670 3724 καί

62 3751 142 3804 αὐτῶν
163 3751 255 3804 τοότων
270 3757 317 3804 τῶν
333 3750 387 3820 περί
403 3751 534 3816 Λεπτίνην·
549 3749 616 3820 λέγει
630 3749 656 3802 δὲ
674 3751 711 3802 ότι
724 3750 765 3802 καί
780 3749 844 3802 υίίτω
887 3747 994 3818 ὀλίγους.
1010 3749 1090 3800 TCV.

61 3830 203 3899 συμόαίνει,
224 3829 289 3899 εἴγε
310 3829 417 3890 ἀνάξιοι,
434 3830 464 3878 δι’
489 3827 556 3896 ῦμῶν
570 3833 616 3880 τῶν
632 3827 726 3899 ἐχθρῶν
743 3828 845 3882 ἀποστε·
923 3825 1006 3886 Οθδείς
1015 3827 1113 3879 πιίνποτε
1122 3822 1167 3890 τήν
1178 3824 1250 3877 πόλιν
1259 3823 1345 3894 ἡμῶν]
1357 3824 1404 3877 Kal
1415 3823 1440 3878 έν
1450 3831 1484 3896 τῷ
1494 3829 1566 3896 τιμᾶν
1577 3831 1670 3896 μισεῖτε

59 3912 145 3979 ροῖντο
156 3911 198 3976 τῆς
213 3913 292 3979 τιμῆς.
305 3909 385 3961 TCV.
887 3902 931 3969 τὴν
941 3897 1025 3970 ήτταν·
1037 3905 1161 3974 τοιγάρτοι
1172 3906 1215 3969 τῆς
1223 3901 1357 3972 εθεργεσίας
1367 3905 1467 3973 μείζονα
1477 3904 1569 3975 δωρεάν
1579 3907 1668 3961 δίδοτε.

100 3992 161 4056 499,
176 4007 202 4056 9.
226 3988 272 4039 Καὶ
293 3983 340 4057 μὴν
360 3985 411 4038 οὔδ’
435 3985 526 4039 ἐκείνου
540 4005 569 4054 γε
587 3985 733 4038 ἀποστατέον
748 3991 790 4039 τοῦ
804 3987 844 4042 λό-
892 3981 921 4036 ‘O
933 3982 980 4054 γὰρ
993 3981 1017 4044 ἐξ
1029 3981 1082 4035 ίσου
1094 3987 1170 4052 τιμῶν
1184 3982 1267 4051 χρέος,
1280 3979 1309 4032 οῦ
1324 3982 1411 4051 χάριν,
1426 3984 1536 4052 παρέχει.
1551 3985 1623 4037 ch
1625 4025 1632 4038 .
1664 3991 1672 4004 ⁸

61 4068 124 4137 γον]
138 4065 332 4135 Ἐπαγωνίζεται
346 4063 462 4133 πάλιντῷ
472 4061 644 4133 μεταληπτικῷ
657 4060 683 4114 ἐκ
698 4064 841 4133 περιουσίας,
924 4063 984 4126 500,
1005 4080 1045 4116 ιο.
1066 4060 1223 4130 λντευποιεῖ]
1242 4060 1296 4122 τοῦς
1314 4058 1517 4131 εθεργετήσαντας
1536 4060 1610 4130 αθτὴν
1628 4066 1670 4132 δη-

61 4147 102 4196 ὅτι
113 4145 167 4197 οῦδὲ
178 4149 220 4196 νῦν
233 4145 354 4213 κρίνεσθαι
367 4143 469 4203 δεῖτοῦς
482 4141 585 4211 ἔχοντας
594 4139 674 4204 ,ἀλλά
687 4142 762 4195 πάλαι
772 4141 845 4208 ἡνίκα
887 4140 960 4206 λαδή.
975 4143 1005 4196 Ρ.
1430 4163 1431 4168 ’

60 4223 226 4293 ἐλάμόανον.·
252 4222 293 4276 “Λν
310 4223 337 4274 δί
359 4241 394 4282 τις
412 4219 493 4287 οἴηται
506 4223 582 4272 ταῦτα
596 4217 629 4290 μή
648 4211 778 4290 προσήκειν
793 4225 844 4284 τοῖς
925 4221 985 4284 500,
1004 4237 1044 4272 11.
1060 4219 1131 4271 ’Ἐστι
1152 4219 1233 4272 τοίνυν
1254 4223 1330 4272 ταῦτα
1346 4219 1438 4283 πάντα,
1458 4215 1480 4272 ὦ
1497 4219 1579 4290 ἀνδρες
1603 4220 1669 4288 Ἀθη·

62 4302 202 4372 ἐπιλόγοις,
216 4300 322 4355 ἴστωσαν
337 4303 375 4354 ότι
393 4301 434 4352 καί
454 4299 479 4352 ἐν
497 4302 548 4360 τοῖς
566 4299 689 4370 ἐπιλόγοις
701 4301 725 4353 οί
745 4302 845 4355 παλαιοί
888 4301 968 4363 ναῖοι,
984 4298 1154 4364 δικαιοσῦνης]
1168 4296 1225 4368 πρδς
1242 4297 1271 4350 τδ
1285 4295 1433 4350 ἀντιδιδόναι
1446 4299 1498 4360 τοῖς
1515 4293 1541 4350 τῦ
1558 4303 1666 4352 ποιοῦσι·

61 4379 226 4449 ἀγωνίζονται
243 4379 301 4451 πρδς
315 4379 387 4440 αότάς
399 4379 440 4442 τὰς
456 4379 582 4449 προτάσεις
595 4377 637 4440 τάς
648 4379 673 4432 ἐν
693 4379 775 4442 αθτοῖς
793 4400 843 4434 κει·
888 4377 981 4429 δίκαιον
993 4377 1050 4446 γάρ.
1100 4373 1192 4446 ’Λρετῆς
1206 4375 1232 4428 δέ
1247 4379 1289 4440 τῆς
1309 4377 1468 4446 μεταδόσεως·
1486 4376 1669 4448 μεγαλοψυχίας

60 4460 146 4531 μένας,
160 4461 240 4513 TCV.
888 4454 943 4507 ἀντὶ
952 4458 996 4508 τοῦ
1009 4453 1204 4524 μεγαλοδωρεᾶς.
1257 4452 1371 4516 Εθδοξίας
1382 4452 1436 4506 ἀντὶ
1450 4458 1493 4506 τοῦ
1505 4453 1572 4526 έχειν
1586 4455 1668 4518 δόξαν.

100 4543 162 4608 499,
179 4557 220 4594 το.
231 4537 289 4590 Ὀτι
299 4541 342 4602 τῆς
354 4536 396 4607 μέν
406 4534 486 4606 ἀξίας]
500 4537 686 4608 Παραγραφικδν
699 4536 725 4590 ἐκ
734 4541 777 4590 τοῦ
787 4539 843 4606 γρό·
889 4532 923 4586 Ἢ
942 4537 986 4587 τοῦ
1001 4536 1044 4599 τῆς
1055 4531 1150 4594 πόλεως
1171 4531 1321 4602 ἀξιώματος,
1337 4531 1365 4584 οίι
1383 4537 1426 4586 τοῦ
1444 4532 1509 4604 παρὰ
1522 4537 1565 4601 τῆς
1582 4535 1668 4605 τόχης,

60 4637 117 4671 νου.
128 4619 218 4679 Λισσῶς
231 4617 258 4669 δέ
271 4620 343 4669 τοῦτο
356 4617 429 4669 ποιεῖ·
440 4613 481 4667 καί
493 4615 540 4686 γάρ
554 4615 595 4668 καί
606 4614 667 4668 κατά
677 4615 706 4667 τδ
715 4616 843 4685 πρόσωπον
888 4611 942 4665 οἷον
953 4611 1121 4682 εθδαιμονῇς,
1136 4609 1202 4663 ἀλλά
1215 4615 1258 4666 τοῦ
1275 4615 1317 4678 τῆς
1331 4611 1408 4682 ψυχῆς
1420 4612 1487 4684 λέγει
1500 4611 1581 4678 ήθους
1596 4632 1671 4684 μεγα-

60 4694 123 4747 αθτδ
134 4698 210 4748 ποιεῖ·
225 4697 265 4747 ότε
283 4693 325 4764 μέν
337 4692 385 4763 γάρ
399 4693 465 4763 λέγει
484 4695 525 4746 ὅτε
537 4693 678 4763 ἐδώκαμεν,
692 4695 733 4747 τδν
752 4696 843 4764 χρόνον
887 4691 992 4762 λόήνυχοι
1003 4690 1051 4760 γάρ
1065 4685 1135 4756 ήσαν.
1149 4690 1229 4744 TCV.

60 4774 189 4844 ἐμφαίνει,
199 4775 240 4826 ὅτε
252 4773 278 4825 δέ
291 4769 360 4824 οῦτοι
373 4773 505 4840 παρόντες,
515 4771 544 4824 τδ
557 4773 696 4841 πρόσωπον.
708 4773 788 4827 TCV.
925 4769 985 4832 500,
1001 4786 1044 4822 21.
1061 4767 1147 4819 Πολλά
1161 4767 1187 4820 δέ
1198 4769 1327 4838 θαυμάζων
1338 4768 1472 4840 Λεπτίνου]
1486 4767 1534 4822 ἀπθ
1545 4771 1588 4834 τῆς
1600 4769 1669 4822 ποιό-

100 4857 162 4922 499,
175 4869 218 4908 ιι.
228 4850 278 4918 Τήν
294 4851 398 4913 ἐξέτασιν
408 4846 437 4916 ήν
448 4852 540 4904 δίκαιον
552 4851 706 4922 λαμόάνειν]
719 4849 773 4904 ἀντὶ
790 4856 842 4916 τοῦ,
888 4869 960 4915 τητος
970 4852 1013 4916 τῆς
1025 4847 1118 4908 πόλεως
1131 4847 1218 4916 μετίῦη
1232 4845 1271 4900 έπί
1284 4844 1327 4912 τὴν
1338 4850 1456 4914 ποιότητα
1468 4849 1603 4910 Λεπτίνου,
1617 4848 1670 4900 δια-

60 4931 113 4985 έδει
122 4931 260 5001 δοκιμάζειν
273 4929 358 4991 αθτοθς
369 4931 433 4984 τότε.
446 4929 525 4983 TCV.
888 4927 966 4994 θολήν
980 4927 1122 4996 ποιούμενος
1135 4930 1178 4978 τοῦ
1192 4925 1282 4994 τρόπον
1293 4924 1375 4977 αὺτοῦ.
1388 4927 1468 4980 ch.
1583 4925 1584 4928 ’

100 5015 162 5079 499,
180 5011 221 5064 13.
236 5009 266 5060 Εί
283 5009 305 5060 δ’
319 5004 386 5061 οῦτοι
397 5011 470 5060 τοῦτο
481 5007 614 5077 φήσουσιν]
631 5008 669 5059 ότι
683 5005 790 5072 ἀνάξιοι,
803 5007 844 5060 οά-
925 5005 984 5070 500,
995 5011 1039 5070 α4.
1051 5004 1146 5075 Ὥσπερ
1158 5005 1187 5056 ἀν
1201 5001 1224 5056 εί
1233 5023 1268 5066 τις
1281 5003 1402 5075 μεγάλας]
1421 5003 1583 5076 λντιστροφή·
1599 5004 1632 5070 ιίις
1641 5003 1670 5056 εδ

58 5089 103 5143 δέν
118 5087 207 5142 κωλῦει
225 5093 260 5158 τῷ
273 5087 343 5158 λόγῳ
354 5086 440 5148 αῦτοθς
450 5085 653 5156 ἐπαγγέλλεσθαι.
664 5085 745 5141 TCV.
889 5087 930 5158 (p.
948 5102 990 5150 ια,
1005 5089 1051 5152 ιο)
1068 5107 1078 5134 ι
1098 5085 1127 5135 ἀν
1143 5082 1186 5154 μέν
1207 5083 1253 5136 ὅσα
1272 5082 1301 5135 ἀν
1314 5101 1349 5144 τις
1361 5081 1426 5155 λάθῃ
1447 5083 1488 5136 καί
1501 5084 1578 5155 σώσῃ,
1593 5083 1670 5152 μεγά·

98 5172 162 5238 499,
176 5167 217 5220 ι5.
233 5165 294 5237 Παρ’
309 5165 369 5220 αῦτά
385 5165 552 5236 τάδικήματα]
566 5163 620 5218 ἀντὶ
632 5167 675 5218 τοῦ
684 5169 842 5236 παραχρῆμα.
893 5187 903 5215 ι
920 5165 967 5232 λην
981 5164 1033 5235 ἔχει
1047 5167 1078 5236 τῇ
1098 5163 1161 5238 τόχῃ
1180 5159 1224 5229 τήν
1240 5163 1326 5233 χάριν,
1348 5162 1377 5214 ἀν
1399 5162 1421 5214 δ’
1438 5159 1566 5224 ἀναλώσας
1587 5159 1668 5232 λάθῃ,

174 5271 336 5310 συνοίσειν.
1537 5257 1566 5301 n
