4114 6088
685 435 726 494 11.
750 434 842 495 ιιιυι
865 431 1202 494 ιιιοιιιιιιειιιιιε.
1228 417 1239 436 ·
1691 448 1750 500 ιω

140 559 284 636 ίξητῆσατο.
300 557 345 614 Ἐκ
354 557 384 626 δὴ
398 561 484 614 τούτου
493 560 570 628 δῆλον
580 563 618 616 δτι
634 562 677 616 ούιι
692 563 828 635 ἐλέχθησαν
844 564 868 616 σί
878 563 922 614 λό-
968 562 1284 632 δρακαίούχλσυνεστώσης
1294 563 1388 627 πόλεως
1398 563 1469 636 ίσχύν
1481 563 1495 616 ό
1506 561 1622 635 πόλεμος.
1638 587 1648 613 ν
1664 566 1749 624 FLM.

139 661 192 706 γοι.
238 639 274 692 Ού
286 638 334 710 γὰρ
346 639 375 691 ἀν
389 639 448 690 ἄλλ’
464 638 721 711 ἀκούσαςύλίσχίνης
738 643 805 695 άλλα
825 643 920 714 ίλεγεν.
1007 639 1067 694 165.
1090 637 1396 714 Ἔγρσψας-Φορμίωνι]
1417 643 1460 695 ίνα
1477 641 1534 714 είπη
1552 641 1614 694 κατά
1637 640 1753 697 Ἀπολλο-

142 717 215 772 λλλά
227 717 304 785 δῆλον
321 718 360 770 ὅτι
372 716 529 783 άύτενόησεν
541 717 604 790 έρείν
618 719 691 774 αύτδν
703 721 750 792 πρὸ
760 725 805 774 τού
816 721 921 792 ἀγῶνος,
966 717 1046 786 δίνεον
1059 717 1220 786 δικαζομένου
1233 717 1292 788 πρὸς
1302 717 1386 772 αύτόν.
1406 721 1492 776 FLM·
1510 718 1556 772 Ἐκ
1572 719 1659 772 τούτου
1672 719 1750 786 δῆλον

138 805 217 854 ταῦτα
228 798 367 869 ἀνέγραψεν.
379 799 442 853 LM.
966 793 1005 846 θτι
1013 795 1055 847 καί
1067 794 1092 846 οί
1102 794 1157 864 περὶ
1171 793 1215 860 τῆν
1229 795 1308 849 οίκίαν
1321 795 1505 869 Ἀπολλοδώρου
1515 798 1589 869 λόγοι
1600 797 1644 852 σύν,
1661 797 1748 854 ’λπολ-

178 879 237 947 ¹⁵7·
257 877 332 931 Ταῦθ’
342 875 455 946 ύποθείς]
464 875 597 930 ύπούαλὼν
606 883 642 950 τῷ
653 877 707 951 ἰδίῳ
717 879 797 950 λόγῳ.
812 881 835 935 F
965 868 1093 942 λοδώρου,
1107 871 1172 925 ἀλλὰ
1185 873 1362 945 Δημοσθένους.
1375 877 1438 932 LM.

178 955 291 1025 Ὀξείαν]
302 955 380 1010 οίονεί
393 953 438 1021 τῆν
453 953 546 1022 λεπτὴν
560 957 601 1010 καί
619 955 652 1028 μὴ
666 957 788 1029 μεγάλην.
800 959 886 1014 FLM.
1006 949 1166 1021 Ἐξῆνεγκας]
1180 951 1257 1006 οίονεί
1271 952 1378 1024 ἀνέγνως
1389 953 1431 1006 καί
1444 951 1547 1016 ίξείτας.
1562 955 1622 1010 ΒΜ.

174 1035 239 1097 Τούς
256 1036 382 1107 Καρίωνας
396 1035 438 1088 καί
451 1035 570 1104 Ξανθίας]
584 1037 598 1088 θ
620 1036 670 1090 ἐστι
689 1037 800 1099 δούλους·
822 1041 922 1090 τοιαῦτα
1004 1035 1063 1086 166.
1085 1030 1217 1104 Εἰσῆλθες]
1229 1033 1346 1100 δηλονότι
1363 1033 1396 1095 ὣς
1409 1033 1563 1096 δῑδᾶπαλθς·
1576 1035 1673 1102 Ταύτην
1685 1034 1751 1088 ἀπό»

138 1115 187 1186 γὰρ
198 1114 230 1169 τὰ
240 1121 290 1169 τῶν
313 1115 408 1169 δούλων
429 1116 547 1186 πρόσειπε
560 1115 683 1188 εἰσάγεται
702 1117 727 1170 ἐς
745 1122 777 1190 τῇ
790 1118 921 1189 κωμῳδίᾳ,
965 1107 1038 1171 λεσας
1049 1110 1089 1162 διδ
1103 1115 1146 1164 τοῦ
1156 1109 1247 1177 αύτδν,
1261 1112 1303 1165 τδν
1317 1111 1484 1182 Ἀρίσταρχον,
1497 1111 1626 1166 ἀναπεῖσαι
1635 1118 1750 1184 φονεῦσαι

138 1195 244 1248 Ξανθίων
258 1195 300 1248 καὶ
311 1194 435 1265 Καρίωνας
444 1194 672 1249 mmmm
684 1197 768 1253 ΗΜ,
965 1188 1009 1241 τδν
1030 1189 1172 1261 Νικόδημον
1192 1191 1235 1244 καί
1248 1191 1288 1245 διὰ
1306 1197 1379 1246 τοῦτο
1400 1193 1507 1263 φεύγειν,
1520 1195 1606 1250 FLM.
1624 1191 1686 1247 Ἀντί
1706 1197 1750 1246 τοῦ

175 1273 401 1344 ίίαραθερμανθείς]
414 1272 461 1326 ύπδ
477 1273 550 1344 μέθης
561 1274 687 1341 δηλονότι.
703 1276 734 1330 F.
966 1265 1138 1339 ἀπεστέρησαν·
1152 1271 1182 1325 F·
1211 1309 1214 1315 Δ

178 1351 297 1424 Ῥυγῆρα]
319 1352 406 1423 κυρίως
427 1351 470 1424 μὲν
495 1352 552 1420 ἡνία
560 1392 569 1418 χ
592 1353 761 1425 κατεχρήσω
781 1353 807 1408 δὲ
822 1352 862 1408 ἐπὶ
878 1357 922 1408 τοι]
1001 1342 1130 1412 Ζηλωῒὴς]
1148 1343 1202 1397 Οἴίλν
1219 1343 1320 1416 δραπίκ
1335 1345 1400 1400 Εἶναί
1418 1344 1481 1399 κατὰ
1500 1345 1543 1400 τὸν
1557 1346 1660 1418 ψίέχίκδν
1674 1349 1748 1414 δῆθεν

138 1431 247 1502 {fimf
267 1429 296 1482 οὗ
312 1429 360 1501 γὰρ
368 1429 473 1501 KQ&
484 1449 567 1501 φηςςη,
579 1433 642 1487 ΙΜ,
966 1419 1063 1491 ίρωτει,
1075 1421 1128 1476 οἷον
1142 1423 1241 1496 λέγων,
1255 1424 1302 1496 έρῶ
1313 1425 1387 1480 αύτού
1397 1426 1439 1480 τδν
1453 1425 1556 1498 ψυχικὸν
1572 1425 1661 1496 ἔρωτα.
1679 1425 1749 1492 ίίαλῆ

176 1507 236 1561 158.
255 1507 312 1560 Μού
334 1509 563 1582 συγκατεψεύσατο]
578 1509 621 1563 εθν
633 1515 669 1583 τῷ
683 1511 832 1583 Δημοσθένει
852 1529 922 1564 ms·
965 1501 1013 1572 γάρ
1035 1502 1062 1556 έκ
1086 1504 1174 1557 τούτου
1193 1506 1323 1573 παρέπεται
1339 1505 1418 1576 φῆμη·
1439 1512 1516 1559 ταῦτα
1533 1503 1576 1570 δέ,
1595 1505 1682 1576 φησίν,
1706 1505 1750 1558 ούκ

137 1586 243 1657 ψεύσατό
255 1605 312 1656 μου.
323 1587 354 1641 F.
966 1581 1062 1644 ίποίεις·
1077 1583 1105 1635 σύ
1120 1584 1168 1656 γάρ
1182 1583 1212 1651 δῆ
1230 1587 1262 1656 τῇ
1276 1585 1379 1658 ἀληθείᾳ
1394 1583 1508 1653 ζηλωτὴς
1526 1580 1591 1652 ῆσθα
1608 1588 1652 1638 τοῦ
1664 1604 1749 1656 μειρα·

177 1664 278 1718 ’Βάσετε
294 1658 576 1736 σύν-ἀναστρέφεσθαι
587 1669 611 1735 3]
623 1667 677 1720 κατ’
697 1667 825 1738 ίρώτησιν.
846 1666 920 1739 upa,
965 1659 1029 1712 κίον.
1044 1661 1129 1716 FLM.

136 1745 210 1816 φησί,
224 1745 361 1796 δείτσύτον
373 1743 443 1797 έδσαι
457 1747 503 1810 ζῆν
517 1743 560 1798 τδν
573 1743 660 1798 ἑαυτοῦ
672 1747 866 1816 προστρόπαισνς
887 1743 920 1816 μὴ
1004 1742 1063 1806 167.
1089 1737 1274 1813 ίίνεπίφθονσν]
1296 1741 1330 1803 ὣς
1350 1741 1380 1794 ἄν
1402 1759 1438 1803 τις
1461 1739 1539 1805 tram,
1561 1739 1639 1802 ῦῦδείί
1662 1741 1750 1810 φθόνος

136 1821 185 1892 γάρ
199 1823 297 1892 γένοιτο
316 1820 389 1875 αύτδν
406 1824 519 1893 γενέσθαι
537 1825 581 1890 τῆς
598 1823 701 1884 πόλεως.
739 1824 922 1896 Προστρόεαιός
967 1814 1036 1868 ἔσται
1058 1816 1134 1872 εἰπεῖν
1155 1820 1210 1890 πιρί
1224 1820 1326 1886 τούτου,
1340 1819 1407 1874 ἀλλὰ
1419 1819 1492 1883 λέξω.
1513 1819 1581 1882 Τινές
1598 1820 1625 1874 δέ
1638 1819 1693 1874 ἀντί
1707 1827 1750 1875 τοῦ

137 1899 204 1954 ἔστιν
224 1899 238 1952 θ
253 1899 381 1962 είςὲαυτδν
396 1901 601 1972 έπεστώμενοςτά
610 1901 689 1968 κακά,
706 1904 764 1974 θπερ
774 1904 837 1958 έστίν
851 1904 921 1958 έναν·
965 1897 1104 1968 ἄμεμπτον.
1117 1900 1202 1956 FLM.

135 1981 189 2033 τίον
210 1983 255 2033 τού
269 1977 444 2050 ἀποτρόπαιος,
465 1985 509 2034 τού
522 1979 699 2051 ἀποτρέποντος
715 1982 747 2036 τὰ
759 1984 832 2037 κακά.
878 1984 921 2038 Avo
999 1978 1053 2031 Ποῦ
1065 1978 1138 2050 γὰρῆ
1152 1981 1226 2048 πόει]
1239 1979 1265 2033 έν
1279 1980 1338 2050 ποίᾳ
1350 1978 1460 2052 ἣλικίᾳί]
1472 1979 1536 2052 ποίῳ
1548 1984 1632 2051 καιρῷ.
1649 1982 1712 2036 LM.

135 2059 178 2112 καί
189 2059 228 2110 Διί
240 2057 397 2131 ἀποτροπαίῳ
411 2059 607 2131 θύσμεν,υύκέτι
615 2061 657 2112 καί
667 2061 847 2132 προστροπαίιρ.
886 2061 921 2114 Tb
1000 2057 1065 2130 ίίρδς
1077 2060 1159 2126 τίνας,
1175 2057 1230 2112 οίον
1255 2060 1402 2131 πολεμίους,
1422 2059 1473 2131 έγὼ
1484 2059 1629 2130 παραλιπὼν
1647 2060 1679 2126 (ἢ
1694 2060 1749 2122 τούς

134 2137 162 2190 δέ
177 2135 203 2189 έν
212 2135 271 2207 ύμῖν
283 2136 341 2206 πρὸς
352 2137 380 2191 τδ
392 2136 479 2192 έάοατε
491 2140 645 2192 συντακτέον.
661 2140 745 2196 FLM.
965 2141 1113 2209 στρατιώτας
1126 2140 1142 2205 ῆ
1162 2139 1205 2202 τάς
1216 2139 1356 2210 στρατείας)
1367 2141 1440 2205 τήνδε
1458 2137 1504 2206 τῆν
1518 2138 1610 2210 ἡμέραν
1626 2139 1696 2208 (ἀντί
1706 2145 1750 2194 τοῦ

172 2216 372 2286 ίίροστρόταιον]
385 2217 488 2287 μιαρόν,
504 2218 650 2287 κατάρατον.
663 2219 695 2272 Β.
965 2216 990 2270 έν
1002 2217 1064 2290 αύτῇ
1076 2221 1108 2290 τῇ
1125 2218 1219 2290 ἡμέρᾳ)
1237 2220 1342 2290 δύναμαι
1357 2221 1508 2290 μνησθῆναις
1524 2220 1586 2282 τινές
1599 2220 1625 2273 δέ
1638 2221 1746 2292 λέγουσι·

176 2295 235 2364 159.
257 2294 481 2364 Μετακαλεῖ]ἀντί
490 2300 534 2350 τοῦ
547 2297 658 2368 μετάγει.
673 2297 704 2352 F.
713 2295 768 2349 ἀντί
777 2299 821 2349 τοῦ
830 2294 921 2367 μεταλ·
966 2297 1152 2368 μνημονεύομαι
1171 2298 1297 2369 ισαρὰτιῖιν
1316 2299 1401 2352 άλλων
1416 2300 1462 2362 έως
1480 2300 1587 2371 σῆμερον
1605 2300 1685 2355 λιπών
1704 2299 1749 2368 τῆν

135 2373 231 2426 λάττει.
244 2372 295 2426 Ούκ
313 2371 355 2442 ίᾷ,
369 2375 443 2444 φησί,
462 2374 506 2430 ἐὀν
523 2376 667 2446 κρινόμενον
684 2373 824 2447 ὀργίζεσθαι
839 2375 854 2426 ό
869 2375 921 2427 κίν·
965 2377 1041 2438 τάξιν.
1057 2378 1142 2434 FLM.
1158 2378 1294 2450 πολέμους,
1310 2377 1335 2431 έν
1345 2375 1382 2440 οίς
1393 2376 1460 2448 ῆμην
1473 2377 1640 2450 ἀστράτευτος.

134 2453 215 2513 δυνος.
229 2452 291 2506 LM.
1001 2458 1146 2530 Περίπολος]
1168 2457 1183 2510 θ
1195 2459 1383 2529 περιερχόμενος
1401 2453 1447 2522 τὴν
1461 2459 1534 2512 πόλιν
1553 2457 1594 2512 καί
1608 2459 1746 2529 φυλάττων.

175 2536 235 2584 ιθο.
258 2529 292 2582 'fl
309 2549 333 2583 τι
349 2535 398 2584 τῶν
420 2531 590 2604 δεδογμένων]
614 2531 663 2604 ίδίᾳ
685 2531 862 2602 βουλευομένης
879 2533 922 2596 τῆς
968 2558 979 2586 ε
995 2533 1071 2596 Ούτος
1082 2534 1107 2588 ίν
1121 2537 1174 2597 τοῖς
1184 2537 1304 2607 φρουρίοις
1318 2535 1464 2596 κοιτάζεται.
1479 2558 1490 2586 ν
1505 2535 1619 2598 Εύπολις.
1633 2569 1668 2580 -
1683 2561 1694 2590 ε
1709 2539 1751 2592 καί

134 2610 242 2672 πόλεως.
261 2611 346 2665 FLM.
968 2636 979 2664 ε
996 2613 1051 2676 τούς
1063 2614 1208 2684 περιπόλους
1223 2613 1319 2668 ἀπιέναι
1337 2612 1370 2675 είς
1384 2612 1415 2666 τά
1426 2613 1535 2684 φρούρια.
1555 2639 1567 2660 ι
1582 2615 1640 2676 Τοῖς
1652 2613 1750 2686 έφῆδοις

173 2687 212 2742 Ἣ
223 2687 431 2760 τί-ἀπαλείάας]
448 2687 478 2742 Ὁ
494 2691 543 2761 γὰρ
556 2692 713 2762 Δημοσθένης
726 2690 794 2760 λέγει
807 2690 847 2742 θτι
858 2687 921 2754 ἀπί-
965 2691 1013 2762 γέρ
1027 2692 1203 2762 προστέτακται
1219 2689 1264 2757 τῆν
1278 2693 1364 2763 χώραν
1381 2690 1504 2764 μετὰτῶν
1519 2691 1605 2746 ύπλων
1623 2695 1750 2766 τιριίρχε·

135 2769 220 2838 λειψεν
239 2767 265 2822 έν
282 2769 424 2839 Μακεδονίᾳ
441 2769 470 2822 τδ
490 2771 607 2842 περὶτῶν
627 2771 734 2825 Φωκέων
748 2769 921 2841 γεγραμμένον
965 2773 1030 2825 σθαι.
1048 2772 1113 2826 LM.

136 2847 163 2900 έν
182 2852 219 2918 τῷ
228 2846 372 2918 ψηφίσματι.
390 2849 453 2902 LM.
1007 2855 1067 2905 168.
1087 2851 1192 2922 Πρώτην
1204 2851 1247 2919 δ’]
1261 2849 1342 2917 έτειδῆ
1355 2850 1403 2906 άπδ
1419 2850 1451 2918 ιη’
1463 2849 1524 2905 έτιῖιν
1540 2851 1586 2913 ἕως
1596 2851 1620 2904 κ’
1638 2851 1750 2923 έγίνοντσ

177 2931 237 2982 ιθι.
256 2927 362 2980 Ἔπειτα
379 2925 407 2978 ού
421 2929 495 2996 τότε]
510 2929 694 3001 παραγραρικδν
709 2927 757 2982 ἀτδ
770 2929 862 2998 χρόνον
873 2931 917 2980 τοῦ
965 2928 990 2981 οί
1008 2936 1155 3000 στρατιῶται
1175 2929 1208 2990 ώς
1226 2929 1355 3000 περίπολοι
1374 2927 1493 3000 φύλακες,
1513 2927 1561 2982 ἀαδ
1581 2927 1644 2984 δέκ’
1661 2930 1749 2985 λοιπδν

136 3005 200 3058 κατὰ
215 3004 344 3074 ἀπόφασιν,
362 3007 391 3062 F.
966 3004 1064 3077 ἐξῄεσαν
1079 3007 1112 3070 είς
1125 3005 1181 3068 τούς
1192 3005 1331 3078 ύιτερορίους
1343 3006 1473 3078 πολέμους.
1486 3007 1572 3062 FLM.

177 3083 290 3155 λργίαν]
301 3084 379 3138 οίονεί
394 3085 437 3139 τὀν
455 3084 533 3156 άργδν
547 3086 588 3138 καί
603 3083 636 3157 μὴ
653 3084 745 3156 ἔχοντα
761 3084 836 3138 πόθεν
847 3085 922 3149 ζῆσαι
1001 3082 1052 3150 Τὴν
1064 3083 1089 3138 έν
1106 3087 1160 3148 τοῖς
1176 3086 1257 3156 μέρεσι
1266 3085 1439 3158 καλουμένην]
1453 3081 1498 3150 τὴν
1516 3084 1543 3138 έκ
1558 3085 1676 3154 διαδοχῆς
1688 3105 1750 3157 περι·

135 3165 152 3230 ῆ
176 3162 226 3217 ἀπδ
245 3169 371 3234 ταραχῶν.
414 3161 445 3216 Ἦ
462 3165 597 3236 παροιμία,
623 3164 705 3236 είρῆνη
723 3164 874 3234 στρατιώτην
894 3159 922 3212 οὗ
965 3167 1075 3236 πομένην
1089 3165 1137 3220 ἀπὸ
1151 3169 1200 3218 τῶν
1217 3167 1310 3236 φυλῶν·
1325 3165 1353 3218 ού
1367 3163 1464 3237 γάράιί
1479 3163 1749 3236 οίαύτοὶέστράτευον.

136 3243 226 3313 τρέφει.
242 3242 328 3297 FLM.
966 3241 1017 3309 Τὴν
1031 3243 1107 3310 αύτήν
1119 3243 1146 3297 δέ
1157 3243 1226 3314 λέγει
1238 3243 1280 3296 καί
1293 3239 1338 3308 τὴν
1353 3241 1380 3296 έκ
1391 3245 1509 3314 διαδοχῆς
1524 3240 1570 3308 τῆν
1582 3241 1608 3296 έν
1622 3247 1675 3306 τοῖς
1691 3244 1751 3299 ίπω-

191 3324 251 3374 162.
281 3319 406 3392 Συνῆδσν]
431 3321 540 3374 τουτέστι
566 3322 756 3382 συνεπαιώνιζεν
793 3319 919 3391 Φιλίππῳ·
967 3323 1059 3394 νύμοις.
1073 3324 1159 3380 FLM.
1173 3321 1275 3385 Ἄλλως.
1291 3321 1351 3378 Ὅτε
1361 3322 1423 3376 κατὰ
1438 3323 1497 3393 μέρη
1509 3321 1610 3390 ἐξῆλθον
1629 3321 1751 3390 Ἀθηναῖοι

136 3399 219 3470 τούτῳ
229 3397 277 3470 γάρ
286 3398 377 3470 ῥήματι
395 3402 485 3470 χρῆται
502 3399 657 3470 Δημοσθένης
671 3399 696 3453 έν
715 3405 751 3470 τῷ
766 3399 820 3452 κατ’
837 3397 923 3468 Αίσχί-
966 3403 1008 3454 καὶ
1026 3403 1080 3456 κατ’
1096 3399 1237 3472 έναλλαγῆν
1253 3401 1327 3456 πάλιν
1343 3401 1497 3473 ἀνέστρεφον·
1511 3401 1561 3454 Ἦν
1580 3402 1602 3454 δ’
1617 3401 1631 3454 ό
1644 3401 1751 3474 πόλεμσς

137 3498 183 3532 νου
196 3480 243 3550 (p.
259 3478 320 3540 380,
334 3481 400 3548 27).
417 3480 450 3533 Β.
966 3481 1025 3552 πρδς
1044 3481 1259 3552 Λακεδαιμονίους.
1311 3481 1354 3543 Ἐξ
1368 3480 1470 3548 ἑκάστης
1487 3479 1514 3534 δέ
1524 3481 1601 3552 φυλῆς
1614 3479 1661 3533 ἀνὰ
1681 3483 1752 3553 μέρος

175 3553 231 3626 Ούχ
253 3555 395 3628 ύπυσιγιῗιν]
416 3555 444 3609 σύ
461 3557 522 3628 μετὰ
535 3558 633 3612 πάντων
652 3563 738 3629 σιγῶν.
756 3554 787 3610 Ἢ
803 3557 851 3626 ίρπό
869 3556 924 3610 ἀντί
967 3559 1101 3631 έξῆρχοντο
1125 3561 1239 3630 διάδοχοι
1265 3558 1320 3613 ἀντί
1342 3565 1391 3614 τῶν
1408 3561 1511 3629 πρώτων
1531 3561 1748 3630 στρατευσόμενοι,

136 3639 183 3702 τῆς
197 3635 268 3705 μετά.
283 3636 345 3690 LM.
967 3637 1026 3689 ίίταν
1044 3635 1076 3707 μὴ
1089 3631 1105 3707 ᾖ
1118 3636 1190 3706 χρεία
1207 3636 1331 3707 πανδημεί
1342 3636 1479 3706 στρατεύειν
1500 3634 1557 3688 ἀλλ’
1579 3634 1682 3706 ἀριθμόν
1696 3655 1751 3690 τινα
1868 3643 1871 3650 ’

179 3716 239 3771 163.
261 3715 308 3767 ίίαί
325 3721 361 3788 τῷ
379 3735 408 3788 γε
428 3715 504 3784 δῆλος
523 3711 570 3787 ῆν]
585 3717 627 3769 καί
644 3719 692 3770 τίνι
705 3717 830 3789 τεκμηρίῳ
849 3717 924 3783 δῆλος
969 3721 1058 3788 μερῶν.
1073 3715 1103 3768 Δί
1115 3715 1142 3769 δέ
1165 3717 1276 3768 τοιαῦται
1300 3715 1380 3778 ἔξοδοι
1402 3715 1536 3770 ίκαλούντο
1560 3715 1585 3770 έν
1604 3719 1657 3778 τοῖς
1680 3718 1749 3787 μέρε-

136 3793 371 3865 ῆνέγὼᾷδωνςέί.
968 3815 1016 3850 σιν.
1029 3796 1093 3850 LM.

178 3873 209 3926 Et
224 3873 417 3944 μῆ-ιτροῇδον]
432 3873 454 3926 εί
468 3871 501 3945 μὴ
516 3873 563 3944 ἀρα
576 3872 652 3936 είτοις
664 3875 745 3945 ὥσπερ
766 3873 791 3928 έν
809 3875 861 3936 τοῖς
880 3893 924 3944 χο·
1004 3873 1242 3946 Συμπαραττέμειων]
1264 3871 1299 3926 Ού
1312 3871 1380 3940 λέγει
1398 3873 1556 3944 προπέμπειν,
1572 3871 1639 3924 άλλά
1651 3893 1752 3944 συστρα-

138 3957 194 4027 ροῖς
203 3957 328 4018 ποιοῦσιν,
344 3954 382 4006 θτι
393 3955 553 4024 προᾴδουσιν,
567 3955 582 4006 θ
595 3953 726 4024 μέλλουσιν
736 3953 813 4024 ᾄδειν,
825 3953 871 4024 τρδ
882 3957 925 4006 τοῦ
969 3954 1056 4018 τεόων,
1072 3953 1105 4016 ύις
1116 3954 1157 4007 καί
1170 3949 1336 4024 παραπομπὴν
1351 3949 1395 4018 τῆν
1410 3953 1547 4023 στρατείαν.
1562 3953 1650 4010 FLM.

139 4035 226 4088 έλθεῖν
249 4031 274 4084 έν
294 4037 330 4102 τῷ
344 4031 453 4103 θεάτρῳ,
475 4031 540 4084 ούτω
556 4031 628 4102 κάγὼ
645 4029 764 4098 έποίησα,
787 4032 863 4086 οίονεί
877 4027 925 4104 ᾖσε
1006 4031 1052 4083 ίίαλ
1070 4037 1119 4084 τῶν
1136 4028 1285 4083 ’λλκιδιάδου
1297 4028 1387 4100 ξένων]
1399 4028 1472 4084 Ούτοι
1484 4027 1589 4082 ἐοίκασιν
1602 4026 1753 4082 Ἀλκιθιάδου

140 4113 249 4169 ένταύθα
257 4110 323 4181 παρὰ
333 4110 373 4162 σοὶ
384 4115 481 4181 πρῶτον
494 4111 554 4182 άπερ
565 4109 672 4182 ἔμελλον
686 4111 753 4182 ᾄδειν
772 4110 850 4165 ἐκεῖσε
861 4111 925 4182 παρὰ
970 4109 1036 4164 εἶναι
1056 4109 1117 4172 ξένοι
1136 4110 1178 4162 καί
1197 4108 1265 4179 φιλοι
1291 4107 1427 4178 Ἀθήνησιν.
1469 4105 1500 4160 Ἥ
1524 4109 1546 4160 δ’
1572 4107 1652 4170 ίΕοδος
1669 4101 1700 4174 ἢν
1721 4105 1754 4170 είς

140 4199 179 4248 τῶ
193 4190 321 4261 Φιλίππρ.
336 4191 421 4245 FLM.
970 4192 1106 4247 Φλιοῦντα.
1145 4189 1217 4244 Ἐστι
1230 4189 1257 4243 δέ
1268 4190 1338 4252 πόλις
1351 4194 1394 4257 τῆς
1406 4189 1521 4262 Ἀργείας.

180 4269 250 4323 Μετά
266 4275 314 4322 τῶν
337 4268 421 4320 ἀλλων
438 4269 579 4340 πρέοδεων]
599 4274 629 4342 τῇ
647 4270 763 4338 κοινωνίᾳ
779 4275 827 4322 τῶν
841 4269 926 4322 άλλων
1006 4268 1056 4335 Τὴν
1070 4269 1362 4341 Νεμεάδα-χαράδραν]
1379 4269 1454 4332 τύπος
1462 4271 1505 4336 τῆς
1517 4265 1631 4336 Ἀργείας.
1641 4266 1754 4337 Χαράδρα

140 4349 190 4416 τὴν
204 4350 354 4420 συγγνώμην
365 4348 499 4418 πορίζεται.
514 4349 577 4403 LM.
602 4401 605 4408 A
971 4349 997 4402 δέ
1015 4350 1089 4410 τόπος
1101 4348 1187 4409 κοῖλος
1199 4347 1278 4410 πλέως
1291 4347 1378 4409 θδατος

186 4429 341 4498 ’λνηλέ-ητος]
359 4427 462 4498 μηδενδς
480 4427 548 4480 έλίου
567 4427 640 4489 ἀξιος.
657 4430 688 4482 Β.
1011 4428 1054 4480 Ἐν
1068 4431 1121 4491 τοῖς
1140 4427 1274 4499 ίπωνύμοις
1287 4428 1392 4489 καὶτοῖς
1414 4427 1526 4499 μέρεσιν]
1550 4425 1575 4478 έν
1593 4427 1646 4488 τοῖς
1664 4425 1755 4480 ίπωνο·

186 4511 245 4570 ιθίς.
270 4505 437 4578 Ἐμιτληξίαν]
451 4505 505 4559 οἷον
521 4507 551 4560 τύ
569 4507 697 4576 μαίνεσθαι
713 4507 754 4560 καί
768 4509 847 4558 ποιεῖν
862 4505 929 4558 ἐναν-
974 4511 1104 4582 μασμάνσις
1113 4508 1205 4580 ὀρθῶς,
1218 4507 1272 4562 οίον
1283 4511 1334 4571 τοῖς
1345 4508 1478 4578 ἀξιοχρέοις
1491 4508 1550 4578 πρὸς
1559 4505 1603 4572 τῆν
1616 4507 1699 4576 μάχην
1713 4505 1755 4560 καί

143 4593 187 4646 τία
200 4588 287 4661 ἐαυτῷ.
305 4591 366 4644 LM.
973 4591 1013 4644 διὰ
1028 4594 1100 4644 τοῦτο
1116 4589 1329 4660 έπυινομασμένοις
1342 4591 1444 4659 μέρεσιν,
1459 4589 1521 4643 LM.

183 4667 336 4737 Μαντινείᾳ]
351 4667 486 4720 Μαντίνεια
495 4665 565 4726 πόλις
578 4661 707 4736 Ἀρκαδίας.
719 4667 749 4720 F.
1012 4677 1072 4742 169.
1091 4671 1231 4742 Ταμύναις]
1249 4671 1341 4742 χωρίον
1354 4673 1397 4736 τῆς
1417 4667 1536 4734 Είιθοίας,
1555 4668 1589 4728 ώς
1603 4665 1714 4736 ἔγνωμεν
1729 4663 1754 4718 έν

184 4745 474 4818 Βεμίσωνι]ότύραννος
488 4741 639 4814 Ἐρετριέων.
651 4745 706 4798 FL·
974 4752 1027 4811 τοῖς
1042 4748 1105 4804 κατά
1129 4749 1230 4802 Μειδίου
1251 4753 1292 4820 (p.
1315 4749 1375 4815 567,
1392 4753 1433 4814 2).
1462 4747 1533 4800 ’Ἔστι
1554 4745 1581 4800 δέ
1600 4747 1673 4807 τόπος
1693 4744 1755 4814 ίερδς

188 4827 251 4897 ίίρδς
265 4826 294 4879 τί)
309 4825 456 4896 κράτιστον]
475 4823 534 4893 πρὸς
553 4821 582 4875 τδ
602 4821 736 4892 χρήσιμον.
758 4823 789 4876 F.
811 4819 866 4874 ἀντί
888 4825 931 4872 τοῦ
978 4827 1139 4889 Ἀπόλλωνος.
1151 4829 1214 4883 LM.

150 4908 212 4980 πρὸς
222 4906 251 4959 τδ
257 4906 402 4958 λυσιτελοῦν
413 4905 455 4957 καί
461 4903 532 4963 πόλις
542 4901 583 4954 καλ
594 4899 655 4971 ἀνὴρ
667 4899 854 4972 μεταθάλλεται.
867 4903 930 4956 LM.
1015 4907 1183 4978 Ἐπιλέκεοις]
1191 4907 1360 4978 ἔκλεγσμένσις
1369 4909 1527 4978 στρατιώταις
1532 4905 1679 4976 ἀριστίνδην.
1691 4905 1753 4960 LM.

187 4987 236 5040 Τδν
253 4987 345 5058 ἀνδρα]
359 4985 426 5047 Τινὲς
437 4989 524 5046 κοινῶς
537 4981 596 5036 αύτδ
606 4981 760 5053 λαμύάνουσι
768 4981 810 5034 καί
824 4980 932 5050 ἀφελῶς,
1017 4987 1205 5056 ’Βκινδύνευσα]
1217 4987 1272 5040 ἀντὶ
1283 4989 1326 5039 τοῦ
1339 4985 1454 5056 ἀνδρείως
1465 4984 1616 5056 έπολέμησα.
1628 4984 1712 5041 FLM.

151 5069 216 5130 τινές
230 5066 257 5120 δέ
274 5073 378 5137 πικρῶς,
394 5065 471 5135 ἄνδρα
488 5063 531 5134 μέν
545 5061 588 5115 τὸν
609 5062 727 5132 τύραννον
733 5099 741 5126 ,
760 5061 832 5114 πόλιν
847 5059 873 5114 δέ
889 5061 933 5128 τὴν
1015 5067 1216 5138 Στεφανωθῆναι]
1231 5065 1279 5120 ύπδ
1290 5071 1338 5119 τῶν
1352 5065 1493 5137 ἡγεμόνων.
1506 5065 1536 5121 Β.

151 5150 335 5217 δημοκρατίαν,
355 5143 387 5206 ύις
408 5143 500 5214 έχομεν
522 5141 552 5194 τύ
566 5143 652 5211 ὅμοιον
666 5140 691 5194 έν
705 5142 758 5202 τοῖς
777 5139 935 5207 Φιλιππικοῖς
1014 5143 1269 5216 Συμπρεσδεύσαντος]
1285 5143 1505 5214 παρακαλέσαντος.
1536 5141 1570 5195 Tb
1584 5139 1610 5194 δέ
1625 5140 1668 5194 σύν
1682 5141 1756 5210 πρόσ-

154 5231 195 5297 (p.
222 5229 294 5292 ιαμ),
310 5223 334 5276 έν
347 5221 384 5286 οἷς
392 5223 468 5294 λέγει·
487 5219 589 5286 «ἐπειδὴ
602 5221 649 5291 γάρ
662 5219 725 5274 ἔστιν
740 5217 801 5290 ἡμῖν
817 5220 876 5292 πρὸς
894 5222 935 5276 ἀν·
980 5243 1057 5276 κειται
1072 5221 1163 5290 δηλοῦν
1175 5224 1214 5276 ὅτι
1225 5222 1266 5276 καί
1279 5222 1398 5294 ἡγεμόνες
1415 5221 1543 5296 έτῆνεσαν.
1555 5221 1640 5278 FLM·
