4186 6108
820 411 1072 476 FRAGMENTA.
1685 429 1739 480 291

122 551 194 601 riam
220 545 329 614 videri,
343 539 452 614 sortem
477 554 506 598 ct
531 545 636 598 virilem
660 561 715 598 non
738 546 833 604 sideri.
860 545 904 602 ci.
955 547 1219 606 declamationem
1239 553 1428 626 grammaticis
1446 565 1612 628 usurpatam
1627 567 1685 612 esse
1699 557 1742 612 in-

123 634 327 706 Quintil.1nst.
347 642 420 687 orat.
439 633 478 701 Π,
500 629 548 703 15,
569 631 681 702 30311,
699 651 734 706 19
754 651 821 709 sqq.
957 647 1065 712 terpres
1085 639 1216 694 Aristidis
1235 641 1395 696 testimonio
1414 660 1465 696 suo
1482 641 1583 718 docet,
1599 662 1662 718 quae
1674 662 1742 700 vero

164 722 291 778 Valerius
315 721 391 778 Max.
404 719 444 790 V,
464 726 480 786 l
500 737 507 777 :
525 721 653 776 Socrates
669 733 764 776 autem
774 763 781 792 ,
805 742 909 798 groecce
957 723 994 781 de
1008 726 1139 782 oratioue
1153 727 1200 782 illa
1219 739 1382 804 narrantur,
1402 731 1500 785 omnia
1518 732 1559 785 ita
1580 744 1744 806 comparata

123 815 259 868 doctrina·
268 811 452 865 clarissimaou
466 810 608 875 columen,
622 828 684 863 cum
696 809 817 865 Athenis
828 830 908 866 cous·
957 825 1035 885 sunt,
1047 827 1078 870 ut
1086 827 1215 872 auctores
1227 837 1286 873 rem
1299 819 1335 872 ab
1349 819 1411 874 aliis
1422 829 1568 892 acceptam
1580 821 1744 894 repetivisse

123 921 185 957 sarn
203 901 326 954 dictemus
342 909 414 952 esset
425 896 667 972 defensionemque
680 903 708 954 ei
721 900 821 971 Lysias
845 920 865 956 a
879 921 909 956 se
958 903 1116 963 videantur.
1129 905 1220 962 Aliter
1233 907 1344 962 locutos
1353 907 1437 963 luisse
1447 919 1531 982 puto,
1543 910 1566 963 si
1580 907 1742 964 orationem

125 994 318 1062 compositam,
338 1004 394 1059 quo
412 986 562 1056 injudicio
584 996 711 1054 emmau,
739 993 903 1058 recitasset,
957 991 1002 1046 vel
1017 994 1071 1066 ipsi
1085 995 1283 1068 cognovissent
1293 995 1338 1050 vel
1352 1013 1525 1070 cognoscere
1539 997 1709 1070 potuissent.
1728 1022 1740 1046 ν

126 1082 278 1135 demissam
311 1090 339 1134 et
362 1077 515 1150 supplicem
540 1077 749 1150 imminentique
775 1079 910 1152 procellae
957 1076 1105 1137 Ssurrrus.

126 1167 384 1234 sscfflmmfflwms
411 1155 532 1231 ‘Auser
543 1185 573 1229 ’ν
603 1166 705 1236 inquit,
732 1186 745 1214 ⁶¹
769 1183 865 1238 dmm
885 1171 909 1220 ι’·
970 1177 1072 1234 cxlii.
1094 1176 1198 1236 ΥΠΕΡ
1221 1175 1457 1237 ΣΩΚΡΑΤΟΥΣ
1492 1179 1598 1240 ΠΡΟΣ
1619 1179 1743 1240 ΠΟΛΥ-

128 1249 642 1326 unmsnamegosiadducipossem,
656 1254 911 1308 areanrineitimn
1261 1263 1429 1326 ΚΡΑΤΗΝ,

126 1341 260 1413 Scythiae
272 1339 421 1395 ”hmine
429 1355 598 1412 Pem'mmr
618 1349 675 1393 lum
693 1356 737 1393 ⁰²⁸
748 1343 808 1412 ‘ils‘
825 1351 912 1394 ’ΜΒ
997 1376 1008 1402 ι
1021 1353 1201 1428 Polycratem
1209 1354 1319 1427 aliquot
1329 1355 1408 1410 annis
1416 1365 1480 1428 post
1490 1357 1744 1412 Socratismortem

127 1429 303 1484 multandum
315 1425 503 1484 00'200‘53'0'2'·
520 1447 533 1474 '
958 1442 1166 1498 accusationem
1178 1443 1328 1516 scripsisse,
1343 1442 1436 1516 Lysiae
1449 1444 1535 1518 igitur
1549 1443 1741 1500 defensionem

168 1517 308 1591 ffiOECDOE
316 1517 413 1571 Laeli·
430 1513 475 1582 ῙῙι
491 1517 528 1578 [ιθ
542 1531 549 1566 ²
563 1507 598 1570 ‘0
610 1510 633 1568 δ’
648 1501 691 1570 οὖν
704 1509 841 1592 φιλόσοφοι
856 1515 911 1572 All·
958 1531 999 1586 illi
1011 1533 1174 1606 oppositam
1188 1532 1312 1604 apriore
1323 1529 1383 1600 illa,
1395 1549 1482 1604 quam
1494 1533 1605 1587 Socrati
1615 1533 1667 1605 ipsi
1677 1551 1744 1588 cau·

128 1601 187 1660 ⁶5⁰⁰
198 1601 346 1682 ιΡάὶΜι
358 1597 503 1677 ⁰'‘²“²7⁴⁰l⁸'“v
514 1599 586 1678 αὐτῷ
597 1598 714 1676 διαινθὶι
724 1600 788 1680 ipa·
803 1628 814 1652 ·
825 1600 912 1668 Καλὸς
957 1637 1016 1674 sam
1027 1619 1125 1694 capitis
1134 1617 1247 1676 dicturo
1259 1618 1417 1687 obtulerat,
1426 1617 1566 1674 diversam
1577 1619 1659 1678 fuisse
1671 1621 1745 1676 inira

128 1689 178 1768 pls
193 1691 206 1747 ὁ
221 1688 309 1765 δάιοι,
324 1676 347 1746 ὦ
363 1684 466 1758 Λυσίαν
483 1687 512 1746 θῦ
526 1683 578 1762 pli
594 1685 731 1764 appium
746 1685 816 1764 ipsi.
831 1692 911 1758 »An-
957 1706 1131 1782 ridebimus,
1144 1725 1210 1762 cum
1229 1704 1266 1760 ad
1280 1705 1460 1777 Polycratem
1478 1707 1648 1765 venerimus.
1669 1733 1681 1759 ι
1699 1711 1727 1764 S.

127 1775 197 1846 λαδὴ
209 1775 260 1856 γδιρ
273 1766 305 1846 ’ήν
317 1774 348 1834 τδ
358 1774 438 1834 πλέον
451 1772 582 1840 δικανικὸς
593 1769 610 1844 ἢ
623 1772 806 1854 ἐμφιλόσοφος.
819 1774 913 1834 Elaris-
1321 1803 1355 1839 21
1362 1792 1390 1852 ρ,

126 1887 171 1930 τοι
186 1861 213 1922 δὲ
227 1869 270 1921 τοῦ
284 1861 382 1923 Attiou
396 1889 409 1916 υ
424 1863 506 1938 Πῶς,
522 1863 545 1920 εὶ
557 1860 636 1928 καλός
651 1863 722 1920 ἔστιν
736 1863 851 1942 Alio'itm
865 1866 913 1922 Οὔκ
1002 1873 1099 1930 schol.
1112 1871 1198 1929 codd.
1208 1874 1257 1928 BD
1269 1872 1307 1928 ad
1318 1872 1448 1928 Aristidis
1457 1869 1613 1928 Panathen.
1627 1891 1656 1946 p.
1677 1875 1744 1945 187,

131 1951 164 2010 άν
176 1974 218 2010 σοι
239 1950 383 2032 δρμόττοι;
401 1975 414 2003 ι
431 1947 494 2030 ἔφη·
511 1975 524 2002 ι
545 1951 586 2010 Οὐ
600 1948 651 2028 γάρ
665 1949 710 2010 καὶ
731 1950 826 2029 ἱμάτια
844 1948 914 2010 καλὶι
960 1971 998 2008 ao
1014 1952 1049 2026 (t.
1062 1954 1157 2028 111‚p.
1169 1951 1241 2026 319,
1255 1951 1291 2007 35
1306 1951 1413 2022 Dindi,
1427 1970 1457 2026 p.
1476 1951 1530 2007 103
1543 1953 1696 2010 Fronrmel.
1712 1951 1721 2030 )
1737 1974 1743 2008 :

130 2039 179 2100 καὶ
193 2038 353 2115 ὑποδήματα
367 2039 409 2110 εἴη
425 2037 457 2097 δν
470 2037 529 2116 ἐμοὶ
545 2037 698 2118 ἀνάρμοστα
710 2060 719 2113 ;
733 2066 746 2091 ν
961 2037 1115 2117 Ἀγάλματοι
1131 2037 1242 2105 διιπετὲς
1257 2035 1408 2098 Παλλάδιάν
1427 2059 1491 2118 φησι
1503 2035 1533 2094 τὸ
1546 2035 1599 2095 sind
1609 2037 1717 2118 Τροίας·
1732 2044 1746 2098 δ

168 2131 298 2187 Stobaeus
315 2129 413 2187 Floril.
428 2130 502 2203 vll,
522 2127 582 2184 56:
602 2125 759 2206 Σωκράτους
777 2127 915 2208 φεύγοντος
960 2125 1011 2204 γὶιρ
1029 2127 1163 2206 Δημοφῶν
1185 2125 1351 2206 (Δημόφιλος
1371 2127 1476 2202 codd.)
1500 2124 1573 2203 παρὶι
1600 2127 1747 2202 Διομήδους

127 2218 177 2288 τὴν
193 2216 268 2289 δίκην
291 2215 391 2284 Λυσίας
408 2215 485 2293 λόγον
503 2213 563 2273 τινὶι
578 2214 732 2294 συγγράψας
750 2205 828 2287 ήλθεν
843 2217 914 2295 αὐτῷ
961 2212 1081 2294 ἁρπάξας
1097 2216 1132 2280 εὶς
1145 2213 1193 2286 τήν
1206 2212 1283 2273 πόλιν
1296 2213 1404 2292 ήγαγεν,
1424 2215 1459 2279 ὡς
1474 2213 1575 2280 Λυσίας
1589 2217 1615 2272 ἐν
1629 2217 1667 2296 τῷ
1682 2214 1747 2294 ὑπὲρ

127 2304 244 2380 κομίζων
263 2303 309 2364 καὶ
327 2302 431 2364 insitus
448 2301 610 2382 χρήσασθαι.
637 2304 682 2334 *⁴*
696 2305 752 2364 Tot
768 2303 796 2362 δὶ
815 2304 913 2366 Ausim
962 2301 1119 2381 Σωκράτους
1136 2301 1200 2381 πρὸς
1215 2302 1388 2381 Πολυκράτην
1403 2301 1482 2380 λόγῳ.
1524 2301 1604 2379 Δέγοι
1617 2301 1641 2360 δ’
1656 2303 1686 2360 ἂν
1702 2305 1747 2361 καὶ

126 2393 246 2460 εἰπόντος
259 2391 364 2470 καὶμὴν
378 2392 518 2452 κάλλιστον
530 2381 693 2464 adelhelmi,
704 2417 716 2444 ι
726 2391 780 2451 Καὶ
789 2391 823 2451 τὰ
838 2391 916 2473 ράδα,
961 2387 1021 2466 περὶ
1038 2387 1125 2447 άλλων
1143 2391 1247 2448 πολλῶν
1262 2389 1436 2467 Παλλαδίων,
1452 2395 1497 2448 τοῦ
1513 2413 1541 2450 τι
1551 2393 1610 2449 κατ’
1623 2389 1747 2452 'Alollas'-

126 2481 201 2562 ἔφη,
215 2480 345 2542 κάλλιστά
359 2482 439 2554 ἐστιν,
455 2481 514 2538 ἀλλ’
530 2481 560 2538 οὐ
585 2481 695 2558 πρέπειν
716 2483 788 2559 αὑτῷ
806 2479 835 2540 τὸ
854 2501 916 2540 στι·
963 2497 1040 2553 μενον
1053 2475 1097 2534 τὸν
1113 2475 1257 2556 αὐτόχθονα
1274 2475 1385 2536 καὶτῶν
1400 2475 1475 2556 παρὶι
1489 2481 1541 2536 τῶν
1555 2480 1678 2556 Γερορῶν
1697 2501 1746 2536 κα-

127 2571 256 2652 ράνωμα.
273 2598 286 2622 ι
300 2595 314 2624 ιι
325 2567 443 2648 Τιθνήξη
453 2567 549 2641 τοίνυν,
566 2593 577 2620 ι
593 2567 643 2648 ipa
655 2573 669 2626 δ
679 2568 795 2642 Λυσίας,
810 2595 823 2622 ι
841 2570 865 2629 εὶ
879 2567 916 2648 μή
961 2563 1109 2642 λυομένων,
1123 2567 1158 2632 ὡς
1172 2563 1324 2645 Φερεκύδης
1335 2564 1379 2623 καὶ
1394 2564 1523 2645 Ἀντίοχος
1538 2565 1685 2640 ἱστοροῦσι,
1700 2563 1747 2624 καὶ

127 2660 212 2727 οὕτως
222 2658 388 2736 ἅπαλογήαῃ.
405 2656 462 2716 ιὈ
473 2656 518 2728 δὶ,
533 2683 546 2710 ι
560 2657 593 2718 Εἰ
604 2655 671 2738 γάρ,
686 2683 698 2711 ν
716 2655 802 2738 ipah·
816 2657 862 2718 καὶ
878 2658 916 2737 μή
962 2657 1014 2714 τῶν
1026 2652 1253 2731 κατενηνεγμάνων
1266 2655 1292 2713 ἐν
1308 2658 1342 2733 τῆ
1354 2657 1405 2712 τῶν
1416 2656 1551 2731 Γιγάντων
1564 2653 1656 2732 μάχῃ,
1669 2657 1703 2720 ὡς
1718 2656 1745 2712 ἐν

126 2755 189 2826 νῦν,
204 2747 309 2813 πάντως
321 2743 514 2823 τεθνήξομαι.»
963 2739 1089 2823 ἀγράφοις
1103 2745 1117 2800 ὁ
1131 2739 1275 2821 Φύλαρχός
1288 2763 1362 2824 φησι.
1374 2745 1443 2802 Κατ’
1458 2740 1650 2817 Ἀλαλκάμενον
1663 2743 1695 2802 C.
1712 2745 1746 2800 0.

169 2839 227 2898 vit.
247 2839 276 2894 X
295 2847 382 2894 oratt.
398 2855 428 2910 p.
444 2835 519 2908 836,
538 2835 570 2890 B:
593 2833 656 2894 Πὶσὶ
671 2832 696 2892 δ’
711 2835 785 2914 αὐτῷ
798 2833 915 2913 (Lysia)
963 2834 1115 2888 Muellerus
1131 2828 1185 2908 (ad
1198 2833 1291 2890 AEsch.
1314 2834 1432 2888 Eumen.
1452 2851 1482 2906 p.
1505 2831 1593 2906 106);
1613 2831 1747 2888 καταλκο-

127 2926 175 2984 καὶ
195 2922 289 3002 τέχναι
305 2921 442 3003 ῥητορικαὶ
463 2920 641 2996 πεποιημάναι
700 2923 746 2982 καὶ
762 2922 917 3000 Σωκράτους
964 2918 1040 2996 μένον
1057 2920 1090 2993 Β,
1103 2915 1298 2993 καταλυάμκνον
1308 2921 1421 2992 reliqui.
1433 2920 1493 2978 Τῶν
1509 2913 1582 2996 raph
1602 2919 1654 2974 τῶν
1668 2939 1748 2998 γερυ-

127 3009 263 3089 ἀτολσγὶα
285 3007 468 3088 ἐστοχασμένη
487 3011 538 3067 τῶν
559 3009 698 3070 δικαστῶν.
714 3035 727 3060 ι
747 3013 916 3086 Quanquam
965 3009 1016 3084 ρῶν
1030 3025 1084 3081 ego
1102 3008 1133 3062 in
1147 3006 1223 3062 Add.
1240 3005 1276 3062 ad
1296 3007 1343 3064 Fr.
1364 3006 1430 3065 hist.
1450 3017 1470 3062 t.
1488 3009 1537 3082 IV,
1557 3026 1589 3082 p.
1607 3006 1676 3079 639.
1697 3007 1748 3062 τῶν

126 3104 192 3158 haec
208 3101 298 3175 magis
311 3099 412 3174 lepidae
426 3099 527 3156 fabulae
546 3115 633 3172 quam
646 3101 774 3156 veritatis
792 3101 916 3173 speciem
963 3091 1023 3170 περὶ
1035 3095 1120 3151 αὐτῶν
1132 3095 1249 3172 γεφυρῶν
1267 3093 1353 3150 σοιὶιι.
1366 3097 1433 3164 BD,
1450 3095 1502 3150 τῶν
1519 3091 1580 3171 περὶ
1597 3094 1747 3173 αὐτερυρῶν

126 3209 192 3262 prae¹
206 3188 358 3256 scierunt,
374 3197 469 3244 umen
483 3185 569 3242 fidem
582 3205 642 3242 non
660 3205 777 3262 prorsus
794 3187 916 3262 deroga·
964 3183 1084 3256 reliqui3
1118 3183 1171 3238 τῶν
1198 3183 1262 3260 παρ’
1286 3181 1365 3238 αὐτοῦ
1397 3180 1550 3260 Γεροραιων
1581 3181 1748 3256 καλουμένων

127 3277 245 3344 verim,
261 3294 327 3330 cum
348 3275 459 3348 Lysiam
473 3272 555 3330 l'acile
574 3275 631 3330 hoc
650 3273 835 3330 familiaritati
855 3293 918 3348 quae
965 3269 1172 3330 Schneidewin.
1189 3269 1270 3342 Conj.
1285 3271 1347 3327 crit.
1358 3289 1388 3346 p.
1402 3271 1467 3344 1633
1482 3276 1528 3328 τοῦ
1541 3266 1615 3347 παρὶ
1630 3273 1683 3327 τῶν
1698 3271 1749 3330 Γε-

126 3365 210 3440 patri
222 3381 287 3418 cum
299 3364 416 3420 Socrate
430 3361 523 3420 fuerat
532 3363 766 3435 conjunctissimae
780 3364 848 3419 dare
865 3381 919 3437 po·
965 3357 1225 3438 ρυριῗινκαλουμὶνου
1238 3362 1390 3434 Sauppius.
1517 3357 1528 3372 '

128 3455 220 3508 tuisse
233 3461 380 3526 appareat.
395 3447 452 3506 Sed
464 3467 527 3522 quae
543 3452 732 3508 Antiatticisla
750 3451 872 3508 Belskeri
892 3461 919 3506 et
1004 3448 1100 3506 Schol.
1117 3448 1182 3505 cod.
1209 3449 1241 3505 C.
1260 3448 1328 3504 adl.
1345 3449 1365 3506 l.
1389 3436 1506 3506 ιἯσαν
1532 3446 1559 3504 tl
1574 3449 1621 3517 τῆς
1642 3443 1749 3514 Ἀθηνᾶς

127 3543 275 3613 interpres
298 3537 423 3598 Platonis
451 3537 595 3609 habeant,
623 3557 689 3596 cum
711 3539 745 3598 L.
770 3539 918 3596 Hoelscher
965 3534 992 3591 h
1016 3533 1155 3613 δκροπάλιι
1176 3531 1237 3612 τρια
1254 3533 1408 3610 ἀγάλματα·
1485 3531 1529 3592 καὶ
1548 3533 1581 3592 sd
1596 3532 1644 3607 μὲν
1659 3533 1688 3590 ἔκ
1710 3531 1750 3590 τί·

128 3626 175 3700 (p.
194 3623 260 3699 199)
273 3621 309 3678 ad
319 3625 393 3680 hanc
407 3626 567 3680 orationem
578 3626 743 3696 reserauit
753 3627 841 3681 Meier
851 3644 919 3681 vero
965 3643 1030 3702 χνης
1043 3625 1142 3680 ταῦτα·
1159 3621 1251 3679 ἵστατο
1261 3620 1288 3679 δὲ
1298 3621 1350 3702 πρὸ
1365 3619 1463 3680 τούτων
1476 3619 1563 3700 ἕτερον
1577 3619 1709 3688 διοπετές·
1722 3623 1748 3680 ἐν

129 3715 187 3790 {de
201 3711 365 3770 Andocidis
378 3731 421 3770 or.
443 3713 918 3790 conthlcibiademdp.X1V)
965 3708 1016 3788 γάρ
1038 3713 1071 3788 τῇ
1093 3708 1178 3789 Τροίᾳ
1200 3708 1277 3790 pacis
1299 3706 1327 3776 ἐξ
1346 3709 1454 3789 οὐρανοῦ
1478 3711 1550 3768 ταυτὶ
1575 3711 1749 3772 πεπτωκέναι.

129 3803 167 3858 ad
188 3801 444 3871 declamationem,
464 3821 550 3876 quam
570 3805 662 3859 multo
679 3815 746 3878 post
766 3805 920 3877 Polycratis
969 3796 1103 3866 Δαάάντος
1124 3797 1150 3856 δὲ
1174 3797 1321 3874 Διομήδους
1340 3798 1462 3874 ἁρπάσας
1482 3799 1536 3858 άπδ
1548 3798 1639 3860 τούτου
1659 3804 1751 3876 Δημο-

130 3893 309 3948 accusationi
327 3889 425 3965 Lysias
446 3891 612 3967 opposuisse
631 3892 762 3962 traditur,
776 3893 920 3966 pertinere
967 3892 1021 3966 ρῶν
1039 3886 1301 3966 (Δημάριλοςοοιὶιὶ.
1313 3889 1323 3964 )
1334 3887 1458 3959 Ἀθήναζε
1470 3887 1579 3968 ἤγαγεν,
1595 3891 1630 3954 ὡς
1650 3888 1751 3953 Λυσιας

130 3982 292 4050 existimet,
317 3981 416 4036 Meieri
433 3977 574 4051 judicium
601 3998 715 4053 sequor.
737 3981 819 4036 Hanc
844 3981 920 4035 enim
966 3977 994 4034 is
1008 3977 1046 4058 τῷ
1058 3976 1123 4058 ὑπὲρ
1138 3975 1294 4056 Σωκράτους
1308 3976 1370 4056 πρὸς
1388 3977 1561 4058 Πολυκράτην
1574 3975 1645 4056 λόγῳ
1661 3975 1749 4058 φησιν.

319 4145 394 4196 cxli.
413 4147 563 4196 socnsrls
578 4147 742 4196 naretulo.
990 4147 1074 4196 clllll.
1091 4145 1152 4196 Plio
1169 4146 1309 4196 SOCRATE
1325 4148 1489 4198 ADVERSUS
1506 4146 1728 4196 POLYCRATEM.

164 4309 328 4372 Philosophus
340 4321 415 4370 vero,
436 4323 512 4372 quum
526 4311 561 4360 illi
583 4311 666 4375 Lysias
678 4325 753 4374 quam
764 4324 847 4375 proso
861 4311 922 4362 seri·
1000 4311 1101 4362 Dolitas
1119 4312 1245 4375 delapsum
1265 4312 1398 4363 Palladium
1416 4313 1532 4364 Aristides
1552 4312 1752 4374 dicit'irojanum

130 4385 217 4446 pserat
228 4379 361 4442 apologiam
371 4381 506 4442 recitasset,
520 4401 532 4424 ι
546 4383 620 4441 Βοιιιι,
631 4381 748 4444 inquitet
762 4382 877 4444 preclara
887 4383 923 4430 est
969 4381 1116 4446 illud,quod
1129 4382 1271 4445 Demophon
1288 4383 1399 4434 Diomedi
1413 4384 1502 4446 eripuit
1518 4385 1543 4434 et
1555 4383 1662 4432 Athenas
1673 4385 1752 4431 trans·

131 4451 215 4500 oratio
225 4485 234 4510 ,
245 4450 328 4512 Lysia,
344 4449 402 4499 milri
413 4452 551 4502 tamennon
563 4464 706 4514 conputas.
718 4472 731 4498 ι
745 4453 802 4504 Erat
810 4451 873 4502 enim
883 4453 923 4502 illa
969 4455 1082 4516 μοτιινιι,
1095 4455 1122 4504 ut
1132 4454 1215 4518 Lysias
1227 4455 1330 4504 testatur
1346 4454 1370 4503 ιιι
1382 4456 1490 4505 οιιιιοιιο
1507 4467 1551 4516 pro
1563 4457 1660 4504 socrate
1670 4451 1753 4501 sdver-

128 4519 247 4584 judiciall
267 4519 378 4569 instituto
393 4520 495 4570 vicinior
515 4534 590 4584 quam
613 4522 786 4586 philosophico.
819 4525 923 4573 Percon-
969 4535 1011 4572 sus
1034 4524 1192 4584 Polycratem.
1225 4523 1271 4573 sed
1293 4523 1391 4574 lortmse
1412 4524 1473 4573 dixit
1495 4522 1610 4574 Aristides
1630 4522 1701 4570 ellam
1724 4519 1754 4568 da

129 4591 197 4641 tanti
211 4591 310 4651 Lysia,
326 4591 402 4640 ουτοι
418 4590 553 4642 hanameel
567 4628 574 4653 ,
590 4593 633 4654 ipsi
650 4606 698 4642 non
720 4595 861 4656 congrueret
871 4606 923 4642 ora·
970 4595 1056 4644 ceteris
1078 4594 1189 4646 Palladiis
1206 4595 1301 4645 caelitus
1326 4595 1451 4656 delapsis,
1474 4595 1505 4644 de
1525 4607 1555 4644 eo
1579 4591 1670 4642 scilicet
1688 4591 1754 4654 qnod

130 4662 177 4720 tio,
189 4679 203 4704 ιι
216 4661 313 4720 Nonae,
324 4658 412 4722 iuquit,
423 4663 448 4711 et
459 4661 599 4712 indumenta
608 4663 632 4711 et
644 4663 805 4711 calceamenta
818 4661 923 4724 ορωιοιυ
969 4664 1113 4716 Alalcomenl
1130 4663 1300 4715 autochthonls
1318 4667 1426 4728 tenpore
1441 4665 1544 4726 decidit,
1557 4667 1582 4714 et
1599 4663 1631 4714 da
1649 4663 1678 4712 iis
1697 4675 1753 4724 que

129 4743 188 4782 esse
201 4734 321 4794 ροοιιιιιι,
334 4743 413 4792 neque
426 4733 507 4782 umen
525 4731 814 4782 mlhiaccommodataiu
970 4748 984 4784 a
1000 4737 1113 4798 pontibus
1136 4749 1223 4785 nomen
1245 4735 1348 4796 liabent,
1364 4738 1392 4785 ut
1413 4737 1562 4799 Pherecydes
1584 4737 1608 4784 et
1620 4734 1752 4784 Antiochus

163 4801 262 4852 soenh
286 4813 328 4850 rso
339 4802 425 4864 tysim
438 4801 572 4852 οιιιιοιιαιιι
583 4803 615 4852 ab
626 4804 678 4867 ipso
688 4802 845 4866 compositam
857 4803 923 4852 attu-
970 4811 1075 4868 narrant,
1092 4819 1184 4858 necnon
1194 4805 1225 4856 da
1235 4807 1265 4856 iis
1274 4819 1330 4868 que
1342 4807 1503 4870 indigentum
1514 4807 1592 4870 pugna
1603 4805 1753 4868 deciderunt,

131 4873 160 4922 lit
180 4881 264 4933 esque
281 4869 319 4920 uti
334 4870 358 4920 ln
376 4871 467 4933 iudicio
486 4873 570 4936 jussit.
588 4877 734 4925 accusante
753 4872 923 4936 philosopho,
969 4877 997 4924 ut
1007 4875 1030 4924 ln
1040 4875 1155 4937 Agraphis
1168 4876 1316 4937 Phylarchus
1325 4877 1367 4926 ait.

130 4941 209 5004 lysia
235 4941 317 4991 sutem
337 4941 470 4994 οιειιοιιαιι
494 4943 677 5006 pulcherrimam
691 4943 862 5007 essediseule,
879 4945 924 4993 So·
1001 4947 1074 4995 Erant
1087 4945 1234 4996 triainaree
1249 4947 1367 4998 Miserae
1382 4948 1509 4998 simulacra
1525 4949 1576 4996 arte
1597 4945 1674 4996 iactae.
1692 4949 1754 4998 Ante

129 5019 227 5074 crates,
243 5013 338 5064 ιιιοιω
351 5025 466 5076 eumue,
479 5015 558 5078 inquit
566 5052 574 5074 ,
583 5016 748 5078 pulcherrime
757 5019 829 5078 suut,
842 5017 867 5067 al
878 5029 925 5066 ιιοιι
972 5015 1024 5064 hee
1036 5015 1100 5065 aliud
1112 5017 1192 5066 stabat
1203 5017 1300 5068 celitus
1309 5018 1443 5081 delapsum.
1457 5021 1527 5081 Apud
1537 5017 1652 5078 Troianos
1665 5017 1755 5067 scillcet

133 5093 177 5130 me
190 5079 290 5130 aecae
306 5091 395 5131 corona
408 5093 513 5132 resecas.
527 5101 540 5128 ν
558 5084 763 5146 hortarentur.
781 5084 865 5146 lyon
885 5097 923 5133 re·
971 5085 1001 5135 da
1015 5089 1075 5136 coels
1085 5087 1132 5137 hoc
1141 5087 1258 5138 decidisse
1268 5091 1343 5148 dunt,
1357 5090 1398 5139 ubi
1410 5091 1473 5153 capit
1484 5090 1624 5152 Diomedes,
1633 5089 1688 5139 liule
1698 5101 1755 5136 vero

132 5151 250 5213 spondit,
261 5151 307 5200 nisi
320 5151 356 5200 sic
366 5153 391 5202 ts
403 5151 543 5202 detonderis.
559 5172 571 5196 ν
583 5155 626 5203 lile
639 5167 694 5203 vero
709 5169 715 5202 ε
730 5173 743 5200 e
756 5155 855 5216 Etiamsi
874 5167 923 5206 non
971 5157 1113 5219 Demophon
1125 5159 1214 5219 eripuit
1226 5161 1251 5210 et
1264 5161 1369 5210 Athenas
1385 5162 1521 5221 transtullt,
1542 5165 1570 5211 ut
1586 5161 1668 5225 tyele
1679 5161 1714 5209 ait
1728 5159 1752 5207 ιιι

131 5235 218 5282 nunc,
233 5219 436 5284 inuoluendus
450 5226 530 5273 tamen
543 5223 693 5274 moriendum
709 5227 754 5276 ast.
767 5244 779 5267 ν
973 5226 1079 5278 οιιιιοιιυ
1093 5241 1136 5291 pro
1149 5231 1247 5281 ὅσοιιιο
1257 5230 1375 5282 advenas
1398 5232 1559 5294 Polycratem.

1607 5335 1638 5376 lu.
