4186 6108
868 445 1122 512 FRAGMENTA.
1742 449 1795 496 ³⁰³

221 579 318 638 Schol.
333 577 370 636 ad
381 575 407 634 h.
418 579 438 638 l.
453 597 481 656 p.
501 575 566 635 eta
585 581 623 636 30
634 579 681 636 ed.
696 581 782 639 Paria.
798 599 806 636 ι
822 578 967 659 Εὐριπίδης
1011 586 1595 662 gatumSyracusasprol'ectumesseneque
1607 590 1724 663 quando
1734 589 1797 648 lieri

183 664 247 744 πρὸς
263 663 323 732 τοὺς
335 663 530 744 Συρακουσίους
542 665 658 746 πρέσὸυς
671 666 832 734 ἀποσταλεὶς
845 667 891 725 καὶ
901 668 961 748 napi
1011 675 1140 749 potuerit
1153 673 1237 732 facile
1248 675 1351 750 aliquis
1362 679 1575 752 excogitaverit.
1586 677 1681 750 Quare
1689 681 1712 734 si
1723 681 1795 754 quid

183 753 286 832 εἰρήνης
306 753 353 811 καλ
371 751 458 833 φιλίας
484 752 620 832 θιθμινος,
654 756 690 823 o<
711 755 806 814 ἰκτῖνοι
837 753 966 827 ἀνθνιυον,
1011 743 1222 818 veriins'cholii
1236 761 1330 822 serbis
1343 765 1414 820 inest
1431 781 1526 838 nequa
1539 765 1619 838 quod
1633 769 1799 824 Aristoteles

182 831 269 900 εἶπεν·
288 839 358 914 idn,
378 840 469 920 ἄνδρτς
499 841 690 922 Συρακούσιοι,
705 843 729 901 ai
752 843 798 902 καὶ
816 842 859 902 διὰ
879 845 964 920 μηδλν
1010 859 1107 910 narrat
1118 849 1156 906 ad
1170 868 1215 906 res
1228 852 1353 926 privatas
1370 851 1515 926 Euripidis
1525 855 1664 928 pertinet,
1678 865 1797 930 putere·

182 928 263 1000 mo,
283 927 352 987 ἀλλά
366 949 397 1005 γι
418 926 462 988 διὰ
479 927 510 988 τὸ
530 929 590 1009 ἄρτι
612 931 685 1008 ὑμῶν
699 929 818 1004 δέεσθαι,
842 929 966 1011 αλσχθντ-
1011 939 1066 994 rim
1081 937 1118 995 de
1132 955 1167 994 eo
1186 948 1313 1016 tempore
1328 941 1512 1016 cogitandum
1526 960 1604 1012 esse,
1625 943 1704 1016 quod
1722 944 1796 999 inter

181 1022 243 1076 σθαι
253 1019 324 1092 ἡμᾶς
335 1019 370 1083 ὡς
381 1014 570 1094 θαυμάζοντας.
590 1015 632 1078 Τὸ
644 1015 672 1076 δὲ
686 1019 745 1078 ὅλον
757 1017 873 1078 τοιοῦτόν
888 1021 963 1078 ἐστι·
1011 1027 1138 1100 priorem
1152 1036 1178 1082 et
1188 1029 1378 1102 posteriorem
1388 1029 1598 1104 expeditionem
1612 1032 1730 1086 siculam
1745 1033 1795 1085 in-

180 1105 260 1188 ρησλν
275 1108 289 1162 ὁ
307 1101 452 1182 Εὐριπίδης
461 1103 527 1184 πρὸς
538 1103 599 1171 τοὺς
611 1103 823 1185 Συρακουσίους,
836 1110 872 1173 ὥς
885 1109 913 1167 σθ
924 1109 964 1166 lai
1012 1114 1160 1188 ter-jectum
1176 1115 1240 1172 luit.
1262 1117 1308 1172 An
1324 1116 1484 1190 Euripides,
1503 1113 1701 1192 Xenophontis
1715 1129 1796 1192 pater

180 1195 387 1276 ἀποπεμφθῆναι
396 1193 461 1272 παρ’
471 1197 555 1272 ipim,
564 1197 630 1256 διότι
641 1194 711 1264 ἅπαξ
724 1199 798 1272 ὑμῶν
808 1195 963 1274 lissitanae,
1012 1201 1150 1276 (Thucyd.
1159 1219 1189 1278 a,
1202 1221 1251 1274 χο,
1265 1202 1327 1277 79),
1337 1203 1535 1278 intelligendus
1549 1207 1608 1262 est?
1619 1207 1793 1266 nstramus.

179 1284 215 1349 ὡς
226 1286 295 1360 ὑμᾶς
305 1281 510 1362 θαυμάζοντεςι
521 1286 798 1360 Ruhnkeniuslhist.
812 1306 855 1346 or.
872 1303 902 1362 p.
916 1287 963 1362 ρο)
1010 1290 1111 1346 Nescio
1123 1307 1160 1346 an
1173 1306 1228 1364 pro
1245 1291 1383 1364 Euripide
1395 1291 1587 1348 nominandus
1607 1293 1693 1348 luerit
1706 1294 1796 1366 Eury·

181 1373 336 1449 Hyperidis
355 1392 462 1430 nomen
479 1375 684 1431 restituendum
698 1392 755 1431 esse
767 1375 898 1450 putabat,
917 1375 965 1432 sed
1009 1376 1116 1434 medon
1135 1395 1222 1452 quem
1239 1397 1305 1436 cum
1319 1379 1464 1456 Sophocle
1485 1381 1515 1435 in
1536 1377 1661 1436 Siciliam
1682 1382 1796 1436 missum
1914 1418 1919 1426 -
2005 1373 2011 1384 '

179 1479 273 1536 neque
282 1461 438 1538 quidquam
449 1461 585 1518 traditum
598 1463 717 1539 legimus
732 1462 909 1538 Hyperidem
921 1463 964 1518 le·
1009 1481 1068 1524 esse
1082 1477 1205 1526 constat.

769 1794 872 1886 XV.
895 1795 1202 1888 LEODthS.

218 2001 231 2028 ι
246 1977 355 2034 Scimus
366 1975 591 2034 Leodamantem
603 1977 726 2050 aliquem
736 1975 794 2047 jam
809 1986 874 2032 ante
884 1977 965 2051 prin·
1010 1993 1128 2050 prorsus
1139 1975 1308 2034 incredibile
1319 1987 1362 2035 est
1378 1993 1460 2046 eum,
1473 1977 1599 2050 quiante
1614 1995 1640 2034 a.
1656 1977 1712 2044 roe
1730 1998 1795 2054 pro·

180 2068 304 2142 cipetum
318 2067 432 2140 triginta
440 2066 569 2120 virorum
580 2065 611 2120 in
619 2063 801 2138 proditorum
815 2063 912 2118 indice
924 2063 965 2118 iu·
1010 2064 1127 2122 ditionis
1141 2065 1306 2140 damnatus,
1319 2066 1376 2123 hoo
1393 2075 1455 2136 est,
1470 2076 1535 2120 ante
1553 2084 1581 2122 a.
1596 2063 1652 2131 405
1669 2067 1728 2124 lere
1746 2070 1797 2124 tri-

179 2156 317 2230 soriptum
330 2153 413 2208 fuisse
430 2152 488 2208 dici
500 2151 633 2230 (Aristot.
649 2151 721 2210 rhet.
740 2171 770 2227 a,
785 2149 822 2206 23
833 2151 859 2226 ),
872 2168 963 2224 porro
1009 2153 1088 2227 ginta
1100 2171 1189 2208 annos
1205 2164 1288 2208 uatus
1307 2153 1422 2226 luisset,
1443 2169 1470 2208 a.
1488 2151 1545 2210 355
1560 2153 1713 2226 syndicum
1728 2157 1797 2230 legis

179 2241 402 2297 Leodamantem
423 2241 556 2295 isocratis
578 2239 750 2314 discipulum
776 2239 859 2294 luisse
881 2238 963 2308 (vitae
1009 2240 1138 2314 leptincae
1152 2241 1337 2296 constitutum
1348 2255 1421 2308 ease,
1438 2257 1502 2294 cum
1514 2239 1573 2295 lere
1583 2244 1793 2316 nonagenarius

179 2327 278 2382 decem
294 2337 379 2382 oratt.
401 2345 432 2400 p.
457 2325 526 2396 837.
551 2325 604 2399 D),
616 2325 722 2382 deinde
741 2325 964 2382 Leodamantem
1009 2337 1089 2386 esset.
1111 2329 1154 2383 Ne
1168 2327 1285 2404 Cephali
1299 2327 1416 2402 quidem
1430 2337 1460 2382 et
1471 2329 1684 2403 Aristophoutis
1697 2348 1793 2386 exem·

177 2415 397 2484 Acharncnsem‚
408 2427 549 2470 oratorem
560 2414 743 2469 clarissimum
756 2411 888 2488 (AEschin.
907 2413 960 2483 3§.
1008 2413 1062 2488 plis
1086 2414 1142 2470 hoc
1165 2423 1260 2490 potest
1280 2413 1362 2470 effici.
1389 2415 1455 2471 Duo
1478 2415 1566 2489 igitur
1591 2415 1794 2476 Leodamantes

182 2503 267 2578 1³8),
279 2503 381 2560 ioederi
394 2515 423 2558 et
439 2503 568 2558 amicitiae
592 2521 657 2558 cum
676 2501 817 2558 Thebanis
835 2502 963 2558 ineundae
1008 2502 1134 2572 vomica,
1145 2512 1178 2557 ut
1192 2521 1257 2558 cum
1266 2502 1405 2560 Cicerone
1415 2503 1530 2577 loquar,
1541 2502 1624 2559 luisse
1634 2511 1743 2574 atauo,
1754 2507 1795 2560 al·

177 2610 297 2666 operam
318 2591 447 2661 dedisse,
469 2591 594 2666 denique
610 2589 836 2646 Leodamantem
854 2589 963 2646 Achar-
1008 2597 1102 2642 terum
1126 2587 1206 2660 cujus
1230 2589 1277 2648 hic
1301 2589 1482 2664 enthymema
1508 2589 1643 2663 afferam,
1672 2593 1794 2652 alterum

177 2697 292 2734 nensern
308 2697 333 2734 a.
349 2675 406 2735 355
422 2679 639 2753 intersyndicos
650 2679 719 2753 legis
733 2679 863 2753 leptiueae
878 2677 962 2734 luisse
1007 2673 1215 2730 Acharneusem
1226 2719 1234 2746 ,
1246 2673 1282 2732 de
1297 2695 1422 2750 quosue
1441 2678 1507 2733 loco
1522 2679 1722 2752 videbimus.»
1738 2679 1768 2739 S.

180 2763 962 2842 (Demosthaos146).SedquaeriturnumD.Ruhn·
1047 2762 1211 2818 Aristoteles
1229 2762 1313 2822 Rhet.
1328 2765 1368 2834 11,
1385 2763 1434 2834 αλ,
1455 2763 1492 2821 25
1516 2783 1523 2822 t
1539 2762 1632 2832 Ἄλλος
1645 2767 1700 2840 (ου.
1716 2765 1794 2834 τόπος

176 2853 278 2909 laenius
310 2855 401 2930 (Hist.
424 2872 464 2912 cr.
494 2873 525 2929 p.
553 2853 590 2909 63
617 2851 681 2929 sq.)
702 2865 731 2909 et
746 2853 779 2910 G.
798 2854 833 2910 li.
853 2853 962 2910 Sievera
1008 2846 1203 2920 θποθτικτικθς)
1223 2847 1278 2910 ἀπὸ
1300 2853 1344 2908 τοῦ
1363 2848 1462 2924 αἰτίου,
1487 2849 1518 2908 dr
1544 2875 1571 2910 rs
1596 2851 1725 2932 ὑπάρχῃ,
1750 2856 1793 2914 ὅτι

177 2941 255 3014 (hist.
270 2959 311 3015 gr.
324 2961 356 3016 p.
369 2938 427 3015 298
439 2939 497 3016 sq.)
510 2940 568 2995 haec
579 2941 673 2994 omnia
684 2939 720 2995 ad
729 2957 819 2994 unum
829 2937 962 2993 eundem·
1008 2931 1081 3011 ἔστι,
1097 2934 1146 2993 κᾶν
1161 2935 1198 3010 μὴ
1211 2935 1332 3017 ὑπάρχῃ,
1350 2935 1391 2996 ὅτι
1405 2938 1454 2997 οὐκ
1471 2937 1557 2998 ἔστιν·
1571 2937 1628 3015 ἅμα
1642 2939 1693 3022 χθρ
1703 2940 1734 3000 τὸ
1751 2943 1794 3000 nl·

176 3045 234 3102 que
248 3029 394 3086 homiuem
413 3029 558 3104 pertinere
579 3037 657 3084 recte
671 3025 871 3100 judicaverint.
891 3025 960 3081 Mihi
1006 3045 1060 3081 τιον
1077 3015 1165 3082 uelud
1183 3022 1284 3099 αἴτιον,
1298 3023 1344 3084 καὶ
1361 3025 1422 3084 ἄνευ
1438 3025 1522 3086 αἰτίου
1544 3027 1618 3088 oilie
1632 3031 1715 3090 iecur.
1728 3019 1792 3089 Οἴου

175 3135 256 3174 secus
268 3119 389 3189 ridetur,
401 3128 487 3192 atque
496 3135 580 3186 eum,
594 3133 679 3190 quem
689 3114 882 3188 Theasybulus
892 3123 961 3170 teste
1006 3109 1153 3188 Λεωδάμας
1166 3111 1374 3190 drohn-sciptura<
1384 3112 1469 3192 ἔλιχτ,
1482 3113 1711 3195 κατηγορήσαντος
1718 3117 1793 3198 Θρα.

176 3207 329 3263 Aristotele
352 3206 390 3282 (l.
410 3203 460 3283 d.)
486 3205 515 3260 in
537 3204 680 3260 columma
709 3202 892 3278 proditorum
913 3201 961 3256 iu·
1006 3196 1136 3258 συόυύλου
1158 3197 1198 3258 ὅτι
1222 3189 1391 3274 ἥνστςλίτης
1411 3200 1525 3280 γεγονὼς
1548 3205 1622 3282 ἰντῇ
1638 3203 1792 3284 θιιροτολιι,

176 3296 315 3370 scriptum
331 3294 413 3350 inisse
424 3293 511 3365 dixit,
520 3293 557 3350 uh
568 3293 760 3362 dolmensi,
773 3302 889 3347 oratore
903 3292 957 3348 cla·
1007 3287 1066 3348 ἀλλ’
1074 3288 1184 3370 ἰκιιόψιιι
1199 3287 1242 3346 iri
1253 3292 1306 3347 τῶν
1316 3289 1471 3369 τριάκοντα·
1487 3313 1503 3342 e
1513 3289 1719 3371 maledixerint
1731 3291 1792 3374 ἔφη,

175 3385 305 3454 nimime,
326 3381 558 3458 distinguendum
580 3399 639 3436 esse
659 3397 772 3436 carneo.
789 3379 862 3434 Nam
880 3377 960 3452 quod
1007 3379 1107 3452 μᾶλλον
1122 3376 1174 3458 γὰρ
1188 3377 1219 3436 ἂν
1239 3375 1370 3436 πιστιῦτιν
1386 3379 1458 3456 αὑτῷ
1479 3376 1538 3445 τοὺς
1554 3377 1695 3458 τριάκοντα
1717 3382 1792 3458 irre·

173 3470 279 3544 jamin
297 3471 380 3547 epist.
396 3471 461 3526 crit.
481 3467 517 3526 ad
537 3470 573 3527 G.
595 3469 693 3526 llerm.
716 3485 746 3544 p.
769 3485 808 3523 no
820 3485 861 3541 sq.
882 3465 959 3536 dini,
1005 3463 1160 3542 γραριρένης
1175 3469 1221 3536 τῆς
1235 3464 1330 3545 ἔχθρας
1351 3463 1417 3544 πρὸς
1431 3464 1477 3524 τὸν
1491 3466 1586 3542 δῆμον.
1604 3492 1616 3516 ι

868 3661 1107 3679 m

748 3843 871 3935 XVI.
913 3840 1214 3934 CEPHhLUS.

215 4037 316 4098 Suidas
329 4056 336 4092 :
349 4031 469 4118 ilipulae
477 4029 609 4104 Ἀθηναῖος
619 4075 628 4110 ,
638 4029 724 4113 ῥήτωρ
734 4027 779 4089 καὶ
790 4027 959 4108 δημαγωγός,
1005 4027 1209 4088 Gaislordinm.
1223 4027 1258 4088 G.
1276 4027 1441 4104 Bernhardy
1455 4027 1638 4086 scribendum
1656 4043 1712 4084 essa
1730 4027 1791 4104 opi·

174 4127 202 4194 θς
214 4129 316 4208 πρῶτος
323 4119 449 4204 προοίμια
459 4119 505 4181 καὶ
514 4121 649 4200 ἐπιλόγους
657 4117 813 4198 προσέθηκε.
828 4117 922 4196 Γέγονε
933 4115 960 4176 θλ
1004 4129 1088 4174 natur
1105 4115 1249 4195 προέθηκε,
1269 4117 1318 4173 sed
1335 4118 1391 4172 hoo
1408 4115 1582 4172 vocabulum
1598 4115 1699 4172 Suidas
1710 4117 1790 4189 quod

175 4215 220 4274 inl
233 4217 280 4284 τῆς
292 4209 427 4292 ἀναρχίας
443 4208 585 4290 [Κθραλος
598 4199 673 4276 οὗτος
684 4205 750 4288 ἔσχε
765 4205 895 4286 θυγατέρα
909 4201 958 4276 πλν
1003 4207 1180 4262 meminerim
1197 4225 1257 4262 non
1272 4215 1398 4279 usurpat
1409 4204 1495 4276 Quod
1508 4204 1609 4260 Suidas
1621 4203 1701 4276 dicit,
1710 4205 1790 4261 vide-

174 4297 268 4382 olea]
276 4303 320 4360 Gi.
331 4301 474 4358 Ruhuken
482 4300 519 4357 Η.
528 4317 573 4356 or.
586 4317 618 4374 p.
630 4304 677 4364 [ιι.
687 4295 835 4375 προσέθηκε
846 4295 958 4370 ABEV3
1003 4305 1049 4350 tur
1060 4295 1099 4351 ita
1110 4295 1311 4370 explicandum
1323 4311 1396 4363 esse,
1409 4303 1442 4348 ut
1458 4309 1524 4349 eum
1534 4291 1571 4349 de
1585 4293 1721 4368 singulari
1730 4305 1789 4348 atn-

174 4387 343 4472 προστίθιυιτ
352 4389 391 4464 V,
404 4385 552 4446 συντέθεικα
565 4385 581 4416 ⁸
597 4385 638 4460 Ἲς
652 4384 798 4443 συντέθεικα
814 4395 876 4443 erat
892 4395 958 4440 ante
978 4407 982 4427 ·
1002 4385 1064 4454 dio,
1082 4383 1162 4459 quod
1174 4381 1315 4458 Cephalus
1328 4384 1357 4436 in
1371 4382 1519 4455 prooemiis
1534 4391 1563 4437 et
1573 4382 1691 4456 epilogis
1701 4379 1789 4436 artili-

206 4553 332 4616 tturipidas
351 4553 443 4615 temtus
457 4551 489 4602 ad
507 4553 670 4613 Syracusanos
685 4549 773 4598 missus
788 4550 815 4598 ul
836 4560 918 4610 paee·
935 4553 960 4598 ot
1003 4547 1055 4596 siue
1065 4559 1137 4596 musa
1151 4545 1209 4596 nihil
1223 4549 1267 4596 est.
1284 4545 1324 4596 sle
1334 4543 1464 4595 Leodaruaa
1474 4545 1498 4594 in
1514 4543 1650 4594 delaruloue
1661 4544 1788 4594 sur'lhra·

173 4625 303 4675 amictum
316 4625 415 4686 peteret,
428 4621 582 4672 mouentibus
592 4619 638 4669 iltis
647 4619 708 4669 dixit
722 4638 748 4668 :a
764 4617 958 4682 oportebatroa,
1002 4617 1088 4680 syhulo
1098 4617 1220 4668 accurrenti
1237 4615 1302 4678 qumi
1317 4627 1405 4665 nomen
1418 4615 1490 4677 ipsius
1504 4617 1527 4663 in
1546 4615 1606 4663 areta
1624 4613 1736 4663 columna
1755 4615 1790 4664 ln·

173 4695 331 4758 syranno.
345 4694 366 4742 si
385 4705 434 4742 nou
449 4690 521 4741 aliam
534 4689 567 4741 oh
588 4703 706 4750 causam,
722 4693 819 4752 propter
833 4687 858 4738 id
880 4689 959 4752 ipsum
1002 4687 1132 4751 scriptum,
1145 4686 1188 4737 secl
1205 4687 1251 4737 suh
1267 4686 1364 4748 triginta
1376 4686 1435 4735 siris
1451 4685 1561 4735 excisum
1574 4687 1655 4744 esset,
1668 4685 1790 4746 respondit

174 4770 240 4817 eerte
249 4765 315 4828 quod
326 4765 408 4814 atatim
421 4775 464 4814 ros
471 4762 583 4826 pactum
591 4761 729 4822 adterimur,
740 4759 867 4810 veretum
878 4761 960 4822 utpote
1004 4758 1053 4810 heri
1066 4757 1112 4808 hoc
1126 4770 1175 4808 uon
1187 4755 1305 4818 potuisse3
1319 4757 1385 4804 tauto
1399 4754 1463 4804 euim
1483 4755 1536 4818 plus
1562 4751 1616 4802 fidei
1629 4751 1674 4800 albi
1692 4750 1789 4801 habitu·

174 4837 331 4886 multantes.
345 4855 357 4878 ι
375 4836 464 4885 Senatu
479 4831 519 4884 hic
532 4833 569 4882 ert
582 4831 660 4882 :dicit
676 4829 801 4893 Euripides
815 4829 846 4880 ud
860 4832 961 4894 syram·
1004 4841 1043 4878 ros
1057 4825 1131 4878 luisse
1142 4827 1238 4888 triginta
1254 4825 1338 4888 siros,
1352 4825 1371 4875 ai
1386 4824 1524 4874 inimicitias
1542 4823 1619 4888 ipatus
1630 4835 1686 4873 cum
1699 4823 1788 4885 ιιορυΙο

174 4918 266 4956 muros:
288 4917 336 4954 nou
354 4902 426 4954 derat
436 4915 481 4952 noa
496 4915 512 4952 a
525 4901 595 4952 rolris
606 4903 726 4962 repulsam
748 4901 823 4960 latre,
835 4906 960 4964 propterea
1003 4899 1044 4950 illa
1058 4897 1212 4961 iasolptloua
1222 4897 1321 4947 testam
1334 4894 1459 4945 vidissent.

173 4977 241 5039 quod
258 4975 358 5026 omniuo
376 4972 511 5036 dionides
533 4973 602 5024 robis
619 4973 737 5037 petimus,
752 4971 842 5037 quippe
861 4973 904 5035 qui
917 4985 960 5024 νοτ
1268 4967 1333 5016 llvl.
1350 4965 1523 5016 cltt’lthUs.

172 5047 329 5098 erminum.
1034 5035 1153 5102 Cephalus
1168 5035 1326 5097 Atheniensis,
1338 5041 1419 5086 orator
1430 5035 1455 5086 et
1467 5035 1614 5098 demagogus
1624 5071 1632 5095 ,
1644 5033 1685 5098 qul
1696 5033 1788 5098 primus

206 5115 275 5164 atius
286 5112 498 5165 enumerarem
512 5111 580 5163 luem
596 5125 625 5162 ea
640 5125 711 5164 causa
724 5112 822 5175 petitur,
839 5111 900 5164 adeo
915 5115 958 5174 ut,
1004 5110 1120 5176 proemia
1128 5113 1154 5162 et
1162 5107 1266 5171 epilogos
1279 5105 1428 5158 oratlonihus
1437 5103 1536 5157 addidit.
1558 5105 1627 5156 vixit
1637 5103 1788 5168 temporibus

173 5185 284 5234 τίσουσι
301 5185 346 5244 stt,
363 5197 413 5234 rem
437 5195 506 5245 essa,
524 5183 632 5234 simma
650 5195 697 5232 nou
717 5183 763 5244 sit,
783 5195 835 5232 rem
848 5196 960 5234 uouere
1003 5181 1132 5232 ναυτιλίη.
1164 5180 1209 5231 llic
1222 5179 1342 5242 Cephalus
1356 5177 1421 5243 (imo
1438 5175 1568 5244 Cephalus
1584 5178 1692 5230 Aurora
1713 5187 1786 5226 συισ·

174 5255 298 5317 θίσοιυυσς
312 5265 368 5302 nam
379 5265 451 5303 eausa
462 5255 501 5305 est
512 5265 559 5302 una
576 5264 632 5302 curu
650 5265 680 5302 eo
693 5251 763 5313 eujus
780 5257 815 5302 est
834 5263 922 5315 causa,
934 5257 959 5304 et
1003 5251 1077 5315 sius)
1093 5251 1164 5302 liliam
1175 5249 1259 5302 lubuit
1270 5251 1351 5300 OEuu.

1640 5335 1675 5371 uu.
