4114 6088
680 496 719 556 ίί.
745 497 836 589 nm
859 498 1193 566 ίίλΡΑίίΡΕΣΒΕΙΑΣ.
1682 530 1738 580 οθτ
1808 587 1814 593 ,

174 621 307 690 Ἀθηναῖοι]
320 621 440 690 Ἀθηναῖοι
449 625 496 694 γάρ
508 623 568 678 εἰσιν
578 624 602 678 οἱ
613 629 656 691 τῆς
670 623 764 697 λρχίου
777 629 916 699 τυραννίδος
960 632 1084 702 παύσομαι
1095 633 1193 705 λέγων,
1206 635 1306 690 δύναται
1316 636 1341 692 ἐν
1354 645 1389 712 τῷ
1402 639 1483 714 λοιισξε
1494 644 1560 714 μέρει
1572 648 1648 699 ταῦτα
1667 651 1742 718 πράτ-

132 702 221 766 αθτοδς
236 703 418 766 ἀπαλλάξαντες
431 705 472 758 καί
493 702 537 770 τήν
554 707 753 777 Λακεδαιμονίων
768 709 873 780 φρουράν
888 710 915 764 ἐκ
959 713 1051 764 τεσθαι.
1066 715 1128 769 LM.

133 787 176 850 τῆς
190 785 310 856 Καδμείας
319 781 473 846 ἐκθσλόντες.
484 785 547 840 LM·
997 777 1056 846 13'0.
1070 793 1195 865 Ασγιαμον
1211 798 1282 868 τινα]
1297 796 1352 850 ἀντὶ
1365 802 1409 852 τοῦ
1423 799 1536 872 ἀριθμόν.
1548 805 1579 859 F.

168 864 287 938 Χρήσῃδί
301 864 408 936 ἐχθροῖς]
420 867 473 927 τοῖς
483 864 599 932 Θηθαίυις
606 905 614 930 ,
625 866 687 920 καθδ
700 865 830 938 ἐχάριστοί
843 868 912 924 τίσιν.
993 869 1142 942 Φαλαίκου]
1161 867 1238 934 Οὗτος
1251 871 1411 946 Ὀνομάρχου
1427 877 1627 952 (Ὀνομακρίτου
1637 884 1717 938 codd.
1730 891 1741 953 )

131 945 217 999 fLM.
957 945 1008 1010 υίδς
1018 989 1027 1016 ,
1048 948 1159 1008 Φωκέων
1180 951 1313 1022 τθραννος,
1325 953 1496 1026 διαδεξάμενος
1513 956 1558 1024 τήν
1577 959 1657 1030 ἀργήν
1676 964 1740 1034 παρὰ

170 1039 230 1092 119.
243 1021 332 1075 Ἥκων
342 1021 590 1094 άτιήγγελλονΓΟτι
600 1025 696 1088 πάντως
705 1029 782 1080 ταῦτα
792 1027 914 1094 ποιήσειδ
957 1024 1087 1082 Φαΰλλου.
1123 1029 1309 1100 Δρομυκήρνκες
1327 1031 1353 1084 δί
1366 1032 1391 1085 οί
1408 1033 1541 1106 λεγόμενοι
1552 1037 1735 1111 ἠμεροδρόμοι,

130 1101 362 1164 Φίλιπποςηλί,
956 1098 992 1156 ὧν
1013 1106 1117 1175 γέγονεν
1140 1105 1326 1177 ἐπιφανέστατος
1345 1110 1495 1180 Φιλιππίδης
1515 1113 1648 1182 Ἀθηναῖος.
1673 1121 1736 1174 LM.

165 1182 215 1245 Τάς
239 1182 322 1248 θήῖας
340 1181 480 1249 Βοιωτίαν]
498 1185 608 1238 τουτέστι
627 1183 671 1246 τάς
690 1183 773 1252 θήθας
793 1185 853 1252 ὅλης
871 1189 913 1252 τῆς
958 1183 1054 1245 (ίίτινες
1069 1183 1110 1236 διὰ
1121 1189 1165 1238 τοῦ
1178 1186 1271 1258 δρόμου
1282 1187 1324 1240 καί
1336 1193 1380 1241 τοῦ
1394 1191 1486 1260 τάχους
1498 1193 1614 1248 δύνανταί
1625 1215 1680 1250 τινα
1694 1197 1739 1269 ἀγ-

131 1261 248 1324 Βοιωτίας
262 1262 335 1334 μέρος
352 1259 418 1316 εἶναι
437 1261 480 1316 καί
493 1259 527 1333 μή
541 1260 587 1328 τήν
604 1262 667 1330 δλην
686 1263 806 1318 Βοιωτίαν
820 1265 846 1319 ἐν
860 1265 912 1332 θή.
955 1261 1055 1332 γεῖλαι,
1066 1263 1099 1326 ι’σς
1110 1267 1153 1318 νῦν
1163 1265 1287 1338 καλοῦμεν
1298 1267 1355 1328 τοδς
1369 1268 1530 1340 βερεδαρίους.
1545 1275 1576 1329 F.

131 1343 185 1404 θαις
196 1340 272 1398 εἰναι.
286 1342 314 1394 Β.
993 1343 1052 1399 νδι.
1065 1344 1324 1418 Ιίατεμισθσφθρησαν]
1335 1344 1390 1400 οίυν
1405 1347 1438 1410 εἰς
1448 1349 1491 1402 τίον
1505 1351 1592 1421 μισθὸν
1601 1356 1650 1404 τῶν
1664 1351 1738 1414 ξένων

168 1438 227 1474 ιαο.
247 1418 541 1490 Ταίος-μικροπολίτας]
559 1418 687 1474 Ἐπίθετάν
701 1420 823 1486 ἰστιν,ιίις
832 1422 862 1476 ἐν
877 1442 912 1486 τις
954 1423 1155 1490 κατιδαπάνησαν
1168 1420 1205 1477 ὧν
1219 1424 1374 1496 ἐμισθοῦντο.
1390 1429 1473 1484 FLM.

130 1499 209 1568 εἴποι,
221 1501 278 1562 τοδς
290 1499 418 1560 οἰκυδντάς
430 1517 498 1560 τινας
508 1497 594 1569 μικράς
606 1501 705 1565 πόλεις,
715 1503 797 1572 ὥσπερ
811 1503 841 1556 ἂν
855 1503 911 1566 τοὶις
991 1501 1051 1556 τδα.
1066 1501 1238 1574 Ἄλπωνσν-]
1253 1505 1337 1566 πόλεις
1348 1507 1481 1576 Λοκρικαὶ,
1491 1503 1528 1560 ὧν
1541 1507 1557 1574 ἠ
1579 1507 1669 1562 Νίκαιά
1687 1510 1738 1564 ἐστι

128 1579 271 1642 Χαλκιδέας.
309 1579 394 1632 Οίονεί
407 1577 632 1649 φοδοθμεθαήμεῖς
648 1581 672 1634 οἱ
691 1579 865 1650 μικροπολῖται
880 1583 909 1636 τδ
953 1581 1167 1650 παραθαλάσσιος,
1196 1582 1323 1654 ἐπέχουσα
1356 1583 1522 1656 θερμοπυλῶν
1554 1589 1666 1652 σταδίους
1698 1590 1734 1661 μ’.

127 1655 252 1728 ἔγγραφον
271 1658 300 1712 τ“ο
315 1657 342 1712 ἐν
362 1663 398 1730 τῷ
419 1658 554 1729 ψηφίσματι
576 1658 606 1711 τδ
624 1659 667 1712 καί
685 1659 750 1712 άλλο
766 1679 791 1715 τι
808 1664 909 1728 ποιῆσαι
952 1658 1017 1714 LM.

127 1736 238 1806 άγσθδν,
260 1737 295 1808 μή
314 1757 365 1801 ποις
385 1738 440 1808 περὶ
468 1737 540 1808 ήμῶν
559 1737 713 1805 αἰνίττηται,
733 1741 798 1794 ὥστε
820 1740 908 1794 λαθεῖν
991 1739 1050 1793 133.
1064 1737 1122 1801 Τοῖς
1132 1739 1316 1812 σπονδοφόροις]
1329 1743 1382 1804 τοῖς
1395 1742 1574 1814 καταγγελεθσι
1585 1751 1634 1798 τῶν
1648 1767 1737 1816 μυστη-

126 1815 189 1886 ἠμιῖς
205 1817 332 1872 Φίλιππον
352 1818 394 1872 καί
413 1817 564 1888 παραδοῦναι
582 1817 641 1888 ίιμῖν
662 1817 718 1872 άντί
733 1819 905 1892 Ἀμφιπόλεως.
952 1817 1022 1888 ρίων.
1061 1816 1174 1872 Καθόλου
1190 1820 1278 1881 πάντες
1291 1819 1316 1873 υί
1338 1819 1370 1874 τὰ
1391 1821 1511 1892 μυστήρια
1524 1827 1737 1896 καταγγέλλοντες

126 1897 210 1952 FLM.
953 1897 1031 1950 σπονδ
1110 1917 1127 1952 ι.
1141 1899 1204 1954 LM.

163 1991 223 2028 τεν.
245 1975 433 2047 Διαιροθμενος]
449 1974 526 2028 οἱονεί
539 1979 620 2044 σαφῶς
637 1975 718 2047 λέγων
739 1977 781 2030 καί
798 1977 908 2050 ἄντικρυς
988 1898 1201 2046 Μυσᾟόάίώτιδας]
1213 1975 1244 2028 τίι
1258 1981 1307 2029 τῶν
1326 1975 1486 2033 Ἐλευσινίων
1500 1980 1585 2052 λέγει,
1599 1983 1660 2054 ἅπερ
1674 1984 1735 2046 {fim-

125 2054 186 2106 κατά
201 2055 316 2126 διαίρεσιν
329 2053 371 2106 καί
385 2058 501 2124 φανερῶς.
515 2055 601 2110 FLM.
640 2053 678 2108 Ἦ
695 2054 849 2126 ίιπομερίζων
865 2058 907 2110 καί
951 2052 1025 2121 ρέτως
1039 2053 1161 2125 μυστήρια
1173 2053 1286 2106 ἐκάλουν.
1327 2052 1481 2110 Τοθτωνοθν
1495 2057 1625 2130 άγομένων
1638 2064 1734 2134 περιῇς.

123 2131 281 2198 διαθάλλων,
295 2132 329 2194 ὡς
343 2131 471 2202 Σοφοκλῆς
484 2129 574 2186 Αίαντι
588 2133 623 2201 (ἰ)
639 2134 725 2203 φάσκει
741 2135 903 2206 δατοθμενος·
952 2132 996 2184 σάν
1019 2152 1082 2196 τινες
1114 2135 1328 2205 χειροτονηθέντες
1350 2137 1455 2198 σπονδὰς
1478 2144 1603 2202 ποιοῦντες
1631 2141 1656 2195 ἐν
1681 2147 1735 2204 ταῖς

124 2211 398 2284 τὀγὰραθτδδθναται.
437 2210 471 2264 Ἢ
487 2211 547 2282 ἐμοῦ
563 2211 606 2282 μέν
621 2216 769 2285 κατηγορεῖν
783 2215 904 2286 βουλθμε-
951 2209 1069 2276 πόλεσιν,
1090 2213 1153 2265 ὥστε
1169 2209 1202 2283 μή
1225 2213 1344 2284 πολεμεῖν
1364 2233 1419 2266 τινα
1439 2220 1488 2268 τῶν
1509 2213 1656 2284 Ἑλλήνων,
1676 2219 1734 2273 ἀλλ’

122 2290 476 2362 νος,άπσλογεῖσθαιδέίπέρ
494 2290 591 2346 ἱαυτοῖι.
631 2292 747 2355 Τοιοῦτος
759 2293 808 2366 γάρ
828 2295 902 2363 δΔη-
950 2287 1083 2358 ἡσυχάζειν
1096 2289 1121 2344 ἰν
1133 2291 1351 2362 τοθτῳτῷκαιρῷ.
1363 2293 1447 2348 FLM.

122 2373 241 2444 μοσθίνης
250 2370 276 2424 ἐν
285 2371 382 2443 τιῑιιατ
393 2369 515 2442 Αἰσχίνου
528 2369 645 2442 μάλιστα.
659 2373 722 2428 LM.
986 2369 1037 2423 Οθκ
1049 2369 1202 2442 ἐσπείσαντο]
1214 2370 1258 2424 οθκ
1270 2369 1383 2433 ἐδέξαντο
1392 2373 1435 2435 τὰς
1445 2372 1592 2445 ἐπαγγελίας
1616 2377 1678 2432 LM.

160 2449 528 2522 ταα.11σρακληθείς]άντίτο“υ’
542 2450 694 2521 προτραπείς.
711 2453 741 2508 1¹⁸.
986 2449 1046 2502 1³5.
1060 2448 1135 2503 Οθπω
1148 2449 1308 2522 διελίλνσθε]
1319 2449 1388 2506 οὔπω
1396 2491 1404 2517 ,
1417 2454 1491 2523 φησί,
1504 2454 1657 2526 διηλλάγητε
1675 2458 1734 2529 πρὸς

158 2532 217 2584 ιαθ.
233 2527 275 2598 En
286 2529 342 2583 ἀντὶ
352 2534 396 2582 τοῖι
409 2528 476 2602 ιίπιρ
487 2530 554 2583 τότε.
594 2529 667 2583 Ι’ίίστι
679 2529 707 2584 δί
718 2531 903 2604 παραγραφικδν
948 2526 1093 2593 Φίλιππον,
1104 2528 1162 2582 ἀλλ’
1176 2528 1212 2582 ἐτι
1223 2529 1333 2602 πόλεμος
1346 2527 1387 2597 ἠν.
1400 2533 1462 2590 LM.

119 2611 169 2664 άπδ
183 2611 284 2680 χρόνον.
300 2609 385 2665 ΠΜ.
752 2629 761 2648 1
985 2609 1044 2662 136.
1065 2609 1373 2682 Παραναγινωσκομίνων]
1389 2605 1443 2666 οίυν
1462 2612 1564 2680 πλησίοι
1574 2619 1623 2667 τῶν
1641 2633 1731 2687 μαρτυ·

155 2687 466 2759 ίίάκείνης-κατηγορεῖν]
480 2687 541 2740 καθδ
555 2685 598 2756 μὲν
612 2685 740 2758 ἐγγράφως
756 2686 785 2741 σθ
796 2690 903 2759 κατηγο·
948 2693 1015 2759 ριῖνν.
1030 2691 1116 2746 FLM.

118 2789 178 2841 φησι
199 2773 242 2836 τῆς
255 2770 372 2840 προτέρας
391 2770 473 2838 ὥσπερ
485 2770 530 2833 τῆς
548 2767 671 2837 δευτέρας,
688 2767 757 2838 λέγει
776 2765 850 2821 αθτδν
867 2767 900 2840 μή
983 2763 1072 2838 Οὗτος]
1096 2766 1265 2829 θΦάλαυιος.
1308 2765 1409 2822 Ὧσανεί
1430 2767 1533 2840 ἔλεγεν,
1552 2769 1610 2822 ἀλλ’
1625 2771 1678 2842 ἐχει
1696 2792 1731 2835 τις

118 2850 328 2920 κατηγορηκέναι,
343 2847 405 2901 καθδ
419 2845 445 2900 δί
459 2844 529 2900 είπεν
541 2846 580 2898 δτι
596 2845 714 2900 ίλάνθανέ
731 2866 761 2919 με
774 2850 902 2918 πεπρακὼς
946 2843 1023 2899 εἰπεῖν
1035 2846 1069 2907 ὡς
1081 2847 1121 2899 δτι
1133 2845 1205 2908 αθτδς
1219 2847 1293 2916 μόνος
1305 2846 1320 2899 ὁ
1333 2847 1461 2909 Φάλαικος
1477 2845 1563 2920 ἠγνόει
1574 2848 1620 2916 τήν
1632 2852 1727 2906 Φιλίπ-

118 2929 205 2982 ἒαντθν
217 2929 291 2992 τέως,
308 2926 349 2978 θῑέ
360 2925 468 2997 ῥήματος
479 2925 648 2996 καῖθῖθίησεν
661 2923 745 2979 αἰετοῦ.
757 2927 780 2981 F
781 2929 845 2982 LM.
946 2944 993 2978 πον
1011 2929 1124 2998 γνώμην.
1163 2926 1224 2998 Ἆρα
1235 2927 1261 2981 δὲ
1279 2928 1321 2982 καί
1332 2927 1403 2998 ὑμεῖς
1416 2928 1465 3000 οθχ
1482 2929 1548 2983 οθτω
1561 2928 1730 2988 διέκεισθέκαί

157 3011 218 3068 ταῖς.
238 3007 268 3060 A}
284 3005 393 3076 άπάται]
416 3007 444 3067 ἃς
461 3003 573 3071 ἠπάτησε
589 3005 715 3068 Φίλιππος
731 3004 849 3072 δηλονότι
860 3005 901 3058 διὰ
945 3003 1061 3077 ἠγνοεῖτο
1074 3005 1148 3060 αθτδν
1162 3004 1214 3069 οἰός
1227 3006 1291 3060 ἐστιν
1301 3027 1308 3072 ;
1320 3009 1404 3064 FLM.

117 3087 311 3156 τήςέπιστολής.
324 3087 362 3141 Μ.
982 3088 1171 3160 Λακεδαιμόνιοι
1191 3086 1220 3140 οθ
1246 3089 1300 3160 μεθ’
1324 3087 1417 3160 ἠμίθν]
1448 3086 1504 3142 ἐντί
1528 3093 1572 3143 τοῦ
1595 3087 1728 3157 αθξηθήναε

152 3167 253 3237 Λυδίαν]
265 3165 352 3226 Λυδίας
361 3164 515 3225 Μακεδονίας
526 3164 645 3234 ποταμός.
655 3164 694 3218 Μ.
706 3163 829 3234 Γραπτίον
843 3165 899 3217 Λοι-
946 3164 1024 3222 ἐᾶσαι.
1038 3167 1069 3222 F.

112 3247 181 3299 δίαν.
220 3245 293 3299 Ἔστι
306 3244 332 3298 δί
351 3244 448 3307 Δοιδίας
465 3243 620 3306 Μακεδονίας
639 3243 765 3314 ποταμδς,
778 3245 812 3307 ὥς
825 3263 899 3316 φησιν
980 3244 1035 3297 Τῶν
1055 3243 1158 3316 ἄλλων]
1177 3250 1226 3298 τῶν
1248 3243 1369 3317 οἰομένων
1386 3245 1446 3317 θπέρ
1469 3245 1585 3314 Θηδαίων
1602 3245 1667 3300 εἰναι
1683 3247 1727 3301 τδν

117 3323 305 3396 Ἁρποκρατίων.
319 3325 347 3376 B.
944 3324 1073 3394 πόλεμον,
1084 3323 1143 3377 ἀλλ’
1157 3324 1186 3378 οἰι
1200 3323 1263 3378 κατὰ
1275 3325 1401 3392 Θηθαίων.
1413 3328 1476 3382 LM.

154 3403 299 3476 Ὄμένγάρ
309 3403 459 3473 Λεωσθίνης]
470 3399 589 3472 εἰρωνεία.
602 3401 632 3454 Β.
672 3399 779 3464 Ἠθικίῖις
787 3400 900 3474 άναγνω-
981 3401 1055 3472 ’Υπὲρ
1069 3402 1168 3474 αθεῶν]
1187 3401 1236 3474 οθχ
1254 3403 1312 3475 θιιέρ
1333 3403 1465 3472 Θηθαίων,
1488 3402 1546 3455 ἀλλ’
1561 3403 1619 3474 ίνιίρ
1633 3403 1725 3458 Θεττα-

111 3487 199 3540 στέον·
222 3483 274 3537 ἐστι
292 3483 340 3555 γάρ
354 3483 408 3536 κατ’
425 3481 551 3552 εἰρωνείαν
566 3480 679 3552 ὀλίγος.
720 3479 860 3545 Ἐπιδεξίως
872 3481 899 3536 δέ
942 3481 1004 3536 λῶν.
1017 3484 1080 3540 LM.

111 3563 171 3618 άντί
181 3567 226 3616 τοῖν
239 3562 324 3626 αἰσίως
334 3563 376 3615 καί
386 3561 476 3622 καλῶς.
492 3561 577 3618 mi.
980 3563 1038 3630 137.
1058 3562 1107 3625 Τὰς
1126 3563 1151 3616 ἐν
1166 3563 1284 3624 Βοιωτοῖς
1298 3561 1398 3632 πόλεις]
1412 3563 1441 3624 θς
1457 3557 1519 3629 ἦσαν
1534 3561 1640 3628 θηθαῖοι
1650 3581 1725 3616 κατα-

149 3632 352 3714 Ιίαλλίστρατυν]
364 3641 547 3711 Καλλίστρατος
558 3639 572 3692 ὁ
583 3638 664 3710 ῥήτωρ
675 3637 717 3691 καί
730 3640 896 3712 δημαγωγὸς,
943 3641 1113 3712 στρεψάμενοι.
1127 3643 1190 3698 LM.

110 3725 139 3786 δς
152 3721 311 3794 φυγαδευθεὶς
320 3722 402 3792 ᾤκησε
413 3720 442 3774 τδ
453 3720 596 3780 Βυζάντιον.
609 3719 673 3774 LM.
979 3721 1119 3792 Ιίατοικιεῖ]
1133 3719 1261 3788 άνίστησι,
1274 3720 1387 3790 τειχίζει.
1424 3719 1581 3790 Δημοσθένης
1593 3723 1637 3790 (ρ.
1654 3722 1724 3792 375)

152 3803 212 3855 125.
226 3801 325 3871 Πίθων]
339 3799 420 3870 ῥήτωρ
432 3794 518 3862 οὗτος,
534 3797 687 3868 Ἰσοκράτους
698 3798 816 3868 μαθητής.
831 3801 894 3854 LM.
944 3799 969 3853 ἐν
985 3803 1017 3871 τῇ
1038 3801 1175 3870 κατηγορίᾳ
1195 3821 1206 3849 ι
1227 3793 1299 3862 οὗτος
1313 3797 1362 3869 γάρ
1378 3797 1424 3870 ἐφη
1441 3797 1483 3851 καί
1506 3797 1631 3860 Πλαταιὰς
1650 3799 1725 3854 αἰετὸν

150 3875 635 3950 ιυο.1ίσὶτονμὶνλέγον...εαταλιω]
648 3873 678 3927 ‘fl
691 3874 798 3938 σύνταξις
809 3877 894 3938 οθτως·
941 3875 1019 3947 ἔχειν.
1034 3899 1045 3926 ι
1059 3879 1090 3932 Β.

109 3963 153 4018 καί
168 3960 211 4014 τδν
227 3959 270 4030 μίν
284 3958 362 4028 λόγον
377 3956 507 4019 καταλίω,
522 3954 544 4009 εί
558 3960 685 4025 συγχωρεῖ
700 3959 778 4006 ταῦτα
794 3955 895 4020 ίκατή-
977 3953 1028 4008 Οθκ
1044 3953 1239 4024 ἐξεληλθθεσαν]
1261 3951 1294 4014 ὡς
1312 3949 1370 4022 θπέρ
1386 3949 1465 4006 αίντῶν
1488 3953 1656 4025 μαχούμενοι,
1670 3955 1725 4010 άπι-

107 4060 195 4114 γορος.
233 4037 296 4092 Ἆντί
309 4040 354 4091 τοῖν
363 4035 535 4106 καταπαθομαι
547 4037 591 4087 τοῦ
600 4031 729 4102 λέγειν,εἰ
739 4035 811 4086 δοκεῖ
820 4038 896 4086 ταῦτα
939 4039 1051 4096 στοθντες
1059 4033 1086 4086 δέ
1102 4035 1153 4095 τοῖς
1161 4033 1226 4104 παρά
1240 4033 1366 4085 Φιλίππου
1377 4033 1588 4104 παραγγίλμασιν.
1603 4036 1666 4091 LM.

108 4121 267 4194 πραχθῆναι,
282 4117 361 4171 δὲστι
374 4116 430 4177 τοίις
441 4114 535 4176 οἰκέτας
547 4113 729 4184 βασανίζεσθαι.
742 4114 806 4169 LM.
981 4117 1041 4169 138.
1053 4113 1106 4186 Οίς]
1119 4113 1143 4166 οί
1157 4113 1256 4175 Φωκεῖς
1268 4111 1395 4180 δηλονότι.
1408 4111 1438 4164 B.

145 4201 212 4272 ΙΙρδς
228 4200 315 4253 ένδεκα
336 4196 385 4268 γάρ
401 4193 542 4266 άμφορέας]
555 4193 614 4254 Τοῖς
631 4191 686 4262 περί
705 4197 754 4245 τῶν
772 4193 895 4263 μεγίστων
976 4195 1036 4264 139.
1052 4193 1232 4263 Ιίρεσθεθοντσς
1254 4191 1330 4263 ἐμοῖο]
1345 4191 1401 4244 Δθει
1418 4191 1448 4243 τδ
1466 4188 1624 4246 ἀντιπῖπτον·
1647 4191 1724 4264 ἐχρῆν

108 4280 305 4354 ἀγωνιζομένοις
317 4275 427 4348 διῃρεῖτο
443 4271 459 4340 ἠ
474 4271 554 4344 ἠμέρα
569 4270 611 4324 καί
622 4269 717 4324 ἐδίδοτο
736 4269 809 4336 αθτῆς
820 4271 895 4340 ἠμισυ
938 4273 986 4345 γάρ
998 4271 1140 4336 ἀντειπεῖν,
1156 4271 1315 4342 ἐπεδήμουν,
1327 4270 1410 4341 φησίν.
1426 4271 1489 4325 Lu.

107 4362 154 4432 μὲν
168 4347 748 4430 ςῷχατηγθρῳ,ήμισνδέτῖράπυλυγουμένῳ.
788 4349 894 4402 Καίδιε-
976 4351 1082 4423 Ἐχθρδς
1102 4352 1125 4403 δ’
1146 4353 1201 4423 ὢν]
1224 4349 1246 4404 εἰ
1266 4349 1299 4412 θνς
1319 4349 1412 4420 λέγεις,
1425 4349 1513 4419 φησὶν,
1533 4347 1722 4420 ἐχειροτονητος

107 4439 225 4510 μετρεῖτο
244 4433 274 4487 τδ
295 4431 371 4502 θδωρ,
391 4432 450 4482 ὅσον
470 4427 573 4499 ἐπαρκεῖ
587 4426 620 4489 εἰς
641 4425 684 4488 τέε
707 4425 752 4496 [ἐξ]
771 4429 850 4498 ὦρσε,
865 4427 894 4480 τὸ
937 4432 1039 4499 ἐξῆλθον
1049 4471 1057 4498 ,
1069 4430 1110 4484 διά
1120 4432 1144 4484 τί
1158 4449 1189 4502 με
1200 4429 1269 4484 οὔπω
1281 4429 1376 4499 ἔκρινας
1382 4428 1582 4500 εαιραπρεσθείας,
1591 4429 1633 4482 καί
1645 4434 1722 4483 ταῦτα

106 4520 185 4589 ἥμισυ
199 4510 437 4586 μέροεῐῆείίιέρας.
475 4505 651 4560 Τοῖιτοδέάπδ
664 4507 801 4577 μιᾶεῶρῦτ·
839 4506 893 4572 Φη-
937 4511 1025 4582 ἐχθρὸς
1035 4512 1162 4577 dmm.

106 4601 147 4652 σίν
160 4591 205 4649 οὖν
222 4595 282 4665 [δτι]
304 4592 329 4646 ἐν
343 4589 424 4662 ἐκείνῃ
442 4592 473 4661 τῇ
487 4587 565 4660 ἠμέρφ
579 4587 604 4640 ἐν
618 4582 634 4658 ᾖ
653 4585 822 4656 ἠγωνίζοντο,
842 4585 892 4657 [εδ]
972 4590 1007 4644 Οὔ
1020 4591 1068 4661 γάρ
1080 4587 1109 4655 δή
1122 4589 1239 4660 φθονεῖς]
1250 4586 1298 4657 οἰιχ
1310 4588 1402 4656 ὥσπερ,
1422 4585 1497 4656 φησί,
1513 4591 1563 4638 τῶν
1579 4585 1664 4638 ἄλλων
1680 4606 1722 4658 μοι

105 4672 270 4748 δεαμετρηθίν
282 4669 461 4740 ταῖςθξῖιραις
470 4668 537 4738 θδωρ
547 4664 610 4734 ήσαν
625 4665 741 4736 ἀμφορεῖς
751 4664 838 4726 ὓδατος
853 4665 892 4717 ἶν-
936 4672 1052 4742 φθονεῖς,
1074 4667 1139 4722 οίίτω
1161 4667 1204 4721 καί
1219 4669 1264 4720 τοῦ
1283 4666 1371 4718 παθεῖν
1386 4669 1475 4726 κακῶς.
1513 4664 1593 4716 Τοῦτο
1611 4663 1659 4734 γὰρ
1676 4667 1721 4718 κάν

105 4759 177 4811 am,
192 4753 277 4810 BLM.
316 4750 398 4802 Φασίν
412 4751 451 4802 ὅτι
462 4748 505 4810 τὰς
517 4747 608 4818 ἠμέρας
616 4751 661 4799 τοῦ
671 4745 835 4806 Ποσειδῶνος
845 4765 891 4815 μη·
937 4747 1016 4810 εὔξαιο
1033 4751 1085 4810 τοῖς
1097 4746 1316 4815 θεοῖς,λαθεῖνμε
1331 4744 1450 4814 τιμωρίαν
1464 4741 1498 4805 εἰς
1510 4742 1539 4795 τὸ
1555 4749 1637 4813 σῶμα.
1656 4747 1719 4799 LM.

106 4837 148 4899 νὀς
167 4831 337 4902 ἐπιλεξάμενοι
355 4827 379 4880 σί
404 4826 573 4896 ’λθηνσιῖοιθις
592 4827 743 4896 συμμίτρονς
764 4824 805 4876 καί
819 4825 892 4876 δυνα-
972 4827 1141 4898 Τιμημάτων]
1162 4825 1239 4878 οίονεί
1257 4827 1391 4893 τιμωρυῖιν.
1429 4821 1596 4882 Χλευάζοντος
1612 4821 1634 4872 δ’
1655 4821 1720 4875 ἐστὶν

107 4916 184 4984 μένας
203 4908 338 4978 κατασχεῖν
363 4907 449 4959 ένδεκα
471 4903 592 4975 άμιρορίας
612 4903 670 4974 πρδς
688 4901 762 4962 αθτέις
781 4901 822 4954 καί
840 4905 894 4964 ταῖς
936 4905 1048 4978 θλθγος.
1092 4903 1135 4967 Ὧς
1148 4903 1196 4976 γάρ
1210 4903 1250 4958 ἐπί
1263 4901 1358 4974 ἀγαθοῦ
1367 4905 1442 4955 τοῦτο
1453 4900 1532 4955 εἶπεν.
1545 4904 1629 4958 FLM.

106 4993 197 5052 άλλαις
209 4987 309 5060 ἠμέραις
321 4985 451 5046 ἐσκεθαζον
464 4981 509 5048 τήν
524 4983 676 5054 κλεψίδραν,
692 4980 802 5052 μεγάλου
814 4981 891 5051 πράγ·
976 4989 1035 5046 ιήο.
1068 4982 1302 5052 Παρακαθημὲνων]
1323 4979 1442 5052 Φιλίειιαρ
1459 4980 1589 5047 δηλονότι·
1610 4983 1668 5052 πρὸς
1690 4983 1719 5036 τά

107 5091 186 5142 ματος
195 5067 314 5135 δηλονότι
325 5066 521 5136 γυμναζομένου.
564 5062 722 5133 ’λπενίμοντο
732 5061 758 5112 δέ
769 5059 794 5112 οί
807 5061 892 5113 ἕνδεκα
935 5063 987 5116 άνω
999 5064 1025 5116 δέ
1040 5062 1104 5116 ἐστιν
1119 5061 1133 5114 θ
1149 5061 1213 5122 νοθς.
1224 5060 1310 5115 FLM·
1484 5083 1487 5092 ·

106 5149 227 5220 άμφορεῖς
248 5144 310 5198 κατά
327 5145 356 5197 τδ
374 5145 455 5214 τρίτον
472 5146 524 5205 τοῖς
546 5141 676 5203 άντιδίκοις
696 5141 738 5194 καί
754 5143 805 5202 τοῖς
817 5142 891 5192 δικα-
971 5142 1117 5212 Δεομένων]
1132 5138 1188 5192 άντί
1203 5141 1248 5193 τοθ
1262 5139 1385 5208 βοηθείας.
1405 5140 1437 5194 F.
1475 5139 1593 5206 Βοηθείας
1607 5143 1649 5206 τῆς
1662 5141 1719 5208 παρ’

106 5231 188 5291 σταῖς.
218 5225 303 5282 FLM.
343 5223 446 5286 Ἄλλως.
489 5221 523 5276 Ἡ
543 5225 625 5287 πάσα,
648 5221 737 5292 φησίν,
761 5220 839 5291 ἠμέρα
857 5227 892 5292 τῷ
935 5221 1022 5293 ἡμῶν,
1038 5222 1053 5286 ἠ
1071 5221 1195 5290 δεομένων
1209 5215 1336 5272 Φιλίππου
1349 5215 1394 5284 τήν
1408 5219 1530 5271 Βοιωτίαν
1542 5221 1671 5288 πορθῆσαι.
1686 5222 1715 5270 B.

107 5307 186 5380 άγῶνι
206 5306 359 5360 ἀποδέδοται.
398 5303 431 5359 Εἰ
449 5298 493 5356 οθν
521 5302 604 5373 βοθλει
625 5305 700 5355 ταῦτα
722 5302 831 5372 γίνεσθαι
850 5301 915 5354 καίί
970 5299 1014 5352 m&
1025 5299 1066 5372 σὲ]
1079 5295 1159 5364 ἐπειδὴ
1173 5297 1295 5360 ἐκώλυσας
1304 5297 1368 5369 ἠμᾶς
1377 5295 1493 5359 ἐξελθεῖν.
1507 5299 1592 5353 Fffl.
