3934 6350
1110 243 1192 306 XXI.
1216 245 1316 304 xm
1338 245 1509 309 ΜΕΙΔΙΟΥ.

543 367 610 431 536,
627 367 755 438 ι.Είγάρ
770 365 925 439 ἑκάστηντῶν
941 370 1133 442 χορηγούντων]
1149 371 1284 444 Πληρώσας
1327 375 1429 446 δύναμιν
1461 379 1504 444 τῆς
1529 376 1623 432 άντιθέσ

505 441 547 494 καί
559 443 602 496 τδν
614 441 662 496 ἀπδ
675 449 719 497 τοῦ
738 444 847 499 ἀναντίου
860 448 934 500 τόπον
949 447 1077 519 ἀπιλογικῇ
1091 447 1188 502 ἔκόάοει
1209 450 1283 521 ἀχρή·
1327 453 1427 516 Μειδίας
1446 455 1601 528 προήγαγεν·

504 539 565 574 σατο
580 521 675 576 τελικὸν
689 524 780 596 ἐχούσῃ
791 525 933 595 κεφάλαιον,
946 526 985 579 θτι
996 525 1073 588 οθδεὶς
1084 525 1195 595 ἐθελήσει
1205 547 1283 599 χορη-
1329 551 1340 581 ι
1356 533 1482 602 μόσθενες·
1498 533 1612 606 οὔτεγὰρ

503 598 548 668 γδς
562 598 624 652 ίκὼν
641 605 808 668 καταστῆναι,
824 603 921 673 μέλλων
934 608 1034 656 τοιαῦτα
1051 605 1155 675 πάσχειν
1175 605 1220 658 ὑπὸ
1234 613 1282 660 τῶν
1329 612 1436 681 ετρίθης
1446 611 1497 665 οὔτ’
1508 613 1573 666 ἀλλο
1592 633 1621 682 τη

504 677 609 749 ἐχθρῶν.
646 681 750 748 Σόνηθις
763 680 789 734 δί
801 681 867 754 αῦτῷ
879 683 1038 753 πληριίνσαντι
1051 684 1181 754 κεφάλαιον
1200 685 1283 738 ἐπιλο-
1329 708 1340 738 ε
1355 691 1456 760 πρᾶγμα
1465 691 1507 745 καί
1527 693 1623 746 θανάτοι

503 758 623 827 γίζεσθαι.
1325 766 1369 833 τήν
1382 767 1512 827 ἀντίθεσιν.
1545 772 1623 824 ιθίιδ

540 837 606 900 536,
622 855 647 906 7.
663 835 748 899 Ὅστις
761 836 823 891 ίκὼν
838 839 867 890 θν
882 839 939 909 μίαν
955 837 1088 910 δραχμήν]
1113 837 1215 906 Ἐπειδὴ
1228 841 1282 894 κατ’
1330 867 1341 896 ι
1357 846 1428 920 λόγῳ
1438 847 1467 901 τδ
1478 852 1581 921 πρᾶγμα
1594 855 1621 904 νῦ

502 913 613 988 ἀνάγκην
632 917 777 970 καθίσταντο
797 917 917 988 χορηγολ,
940 917 981 970 διά
997 922 1070 971 τοῦτο
1088 916 1142 972 είπε
1157 941 1168 968 ι
1183 919 1238 981 τοῦς
1256 919 1282 972 ἐκ
1325 929 1368 978 τοῦ
1383 926 1500 990 Μειδίου,
1518 927 1623 981 ἀλαττοῦ

505 1014 517 1042 ε
533 996 691 1066 προαιρέσεως
703 995 885 1066 φιλοτιμεῖσθαι
899 997 1060 1068 βουλομένους
1074 997 1204 1068 ἀπείρξετε.
1221 1020 1233 1048 ν
1326 1003 1399 1074 μικρὰ
1414 1003 1507 1076 ἀγείραι
1520 1012 1556 1078 τῷ
1568 1006 1623 1077 λόγι

537 1073 603 1136 536,
622 1089 664 1128 12.
691 1071 762 1144 Ἐγὼ
781 1074 881 1145 τοίνυν]
898 1073 1024 1128 Ἐντεῦθεν
1047 1075 1086 1130 ἐπὶ
1107 1075 1150 1128 τόν
1164 1080 1208 1128 τοῦ
1228 1074 1281 1128 ίσου
1326 1081 1437 1149 ὁέῦηκεν.
1478 1082 1541 1137 Ἀλλ’
1556 1081 1623 1146 οὗτος

503 1151 655 1220 μεταόαίνειν
676 1151 790 1221 βοῦλεται
808 1153 882 1206 τόπον
896 1153 938 1205 καί
956 1155 1072 1224 κέχρηται
1088 1154 1279 1226 προεπαγγελίορ.
1324 1160 1458 1232 σεωςπαρά
1469 1168 1518 1216 τῶν
1530 1163 1623 1214 δικαστί

501 1228 606 1295 Σόνηθες
618 1229 666 1300 γάρ
679 1230 803 1283 καὶτοῦτο
817 1235 852 1302 τῷ
862 1231 1018 1302 Δημοσθίνει.
1030 1233 1104 1284 BSY.
1324 1235 1368 1290 οῦκ
1383 1238 1475 1310 ἔχοντα
1488 1241 1575 1296 λοιπδν
1591 1243 1605 1294 5

538 1306 603 1371 536,
618 1311 659 1371 ιή.
674 1307 757 1360 Καίτοι
767 1310 838 1361 πᾶσιν
851 1308 926 1378 ίιμῖν]
943 1306 1069 1362 Ἐντεῦθεν
1083 1307 1116 1370 είς
1126 1307 1168 1360 τίνν
1179 1307 1226 1362 ἀπδ
1237 1313 1281 1362 τοῦ
1323 1313 1521 1386 ἀμφιόάλλοντας
1533 1319 1588 1388 περὶ
1600 1337 1623 1371 τι

502 1383 555 1438 ίσου
568 1388 643 1440 τόπον
659 1387 792 1458 μεταὸῆναι
804 1386 926 1457 βοῦλεται.
1323 1393 1361 1446 ότι
1378 1396 1512 1464 ττηλικότης
1526 1395 1591 1449 ἐστίν
1612 1395 1623 1461 ί,

538 1465 602 1531 536,
621 1483 663 1536 ¹9·
681 1465 775 1538 Ἐχρῆν
788 1465 836 1537 γάρ
850 1465 941 1537 αλτδν]
962 1465 990 1518 θ’
1003 1468 1076 1528 τόπος
1090 1465 1138 1520 ἀπδ
1155 1470 1199 1520 τοῦ
1215 1465 1279 1522 ίσου.
1322 1477 1366 1525 τοῦ
1378 1475 1513 1546 τιμήματός
1525 1473 1615 1541 ίστινή

501 1543 564 1595 BSY
1358 1551 1388 1604 Εί
1405 1554 1504 1624 τοίνυν]
1526 1551 1623 1607 Ἐνταῦί

538 1581 605 1686 536,
625 1627 670 1675 26.
689 1620 763 1694 Ἐμοί
775 1621 816 1687 δὲ,
830 1623 857 1684 δς
870 1619 919 1675 είτε
932 1639 984 1686 τις,
998 1617 1021 1675 ὦ
1037 1621 1122 1692 ἀνδρες
1138 1620 1280 1696 Ἀθηναῖοι]
1323 1629 1420 1698 αὔξησιν
1432 1635 1476 1684 τοῦ
1494 1632 1623 1702 πραχθέντι

501 1699 579 1753 Τοῦτό
592 1699 657 1754 ἔστιν
675 1699 776 1766 ἠθικόν·
797 1699 894 1756 ἀπαινεῖ
901 1699 950 1772 γάρ
971 1701 1045 1754 αίιτοῦ
1058 1699 1103 1766 τήν
1121 1701 1277 1774 φιλοτιμίαν·
1326 1705 1368 1771 Ἐξ
1380 1707 1521 1771 ἀντιδόσεως
1530 1709 1557 1762 δί
1569 1708 1623 1776 είσήρ

501 1780 543 1832 καί
554 1781 598 1832 ίνα
612 1779 655 1851 μδν
674 1780 765 1852 αθξήση
781 1781 810 1834 εδ
827 1780 962 1852 ἀνάλωμα,
977 1781 1065 1852 μανίαν
1086 1781 1159 1835 αῦτοῦ
1172 1784 1279 1854 κατηγό-
1322 1785 1370 1858 γάρ
1383 1791 1437 1850 ταῖς
1456 1788 1544 1850 άλλαις
1563 1789 1623 1840 στόσ

501 1879 584 1929 ρησεν,
603 1859 630 1914 ἀκ
645 1864 688 1914 τοῦ
702 1860 809 1914 καθόλου
821 1861 1005 1932 πιστωοάμινος
1025 1861 1063 1914 δτι
1075 1863 1154 1915 πάντα
1172 1861 1203 1916 τά
1222 1863 1279 1935 θπίρ
1321 1868 1415 1936 χώραν·
1431 1865 1529 1933 αὔξησιν
1540 1865 1587 1937 γάρ
1599 1865 1623 1936 ἔγ

500 1939 602 2010 δύναμιν
617 1939 692 2010 μανία
706 1937 780 1993 ίστίν.
818 1939 873 1993 Ἵνα
884 1939 911 1992 δί
924 1937 958 2011 μή
967 1937 1074 2011 Ιἀλογίας
1085 1941 1163 2003 όντως
1173 1946 1237 2014 φανῇ
1250 1943 1279 1996 τ“ο
1321 1943 1392 1996 λαίου
1403 1944 1504 2015 δύναμιν
1517 1943 1569 2014 ἔχει
1579 1943 1619 1995 διά

499 2017 636 2089 ἀνάλωμα,
656 2021 813 2090 προσέθηκεν,
840 2017 918 2073 εείτε
932 2019 973 2072 καί
992 2019 1131 2090 φιλοτιμία,
1153 2040 1165 2070 ν
1187 2020 1280 2081 διικνίις
1321 2021 1409 2078 λαίων.
1423 2024 1497 2075 BSY.
1534 2023 1623 2094 Σημείο

499 2099 538 2152 ότι
551 2098 591 2151 διά
601 2099 742 2169 φιλοτιμίαν
758 2103 844 2170 μικροῦ
859 2098 890 2152 τά
901 2104 949 2152 τιῗιυ
964 2099 1116 2168 μαινομίνων
1130 2096 1229 2168 ίιτραξα.
1357 2103 1419 2172 537,
1430 2106 1456 2156 6.
1467 2100 1502 2154 03
1511 2102 1559 2172 γάρ
1567 2101 1618 2154 ίστι

535 2175 597 2246 537,
617 2193 646 2233 1.
659 2176 736 2231 Ὥστε
751 2177 812 2249 μηδί
824 2183 873 2230 τῶν
887 2177 958 2247 ἱερῶν
978 2176 1100 2246 ἱματίου]
1112 2177 1214 2240 Ταόταις
1226 2181 1279 2242 ταῖς
1321 2180 1409 2251 γίγονε
1423 2180 1502 2232 δεινδν
1516 2178 1571 2232 οῦδὲ
1584 2181 1623 2250 φόι

499 2259 644 2328 προσθήκφιις
657 2257 686 2310 τδ
698 2255 819 2310 ίδιωτικδν
832 2256 865 2320 είς
876 2256 905 2310 τδ
918 2257 1036 2328 δημόσιον
1050 2256 1199 2328 μεθίστησιν,
1321 2277 1399 2324 κειαν,
1415 2258 1443 2311 σθ
1456 2257 1498 2311 διά
1509 2257 1623 2324 τήν-Μειί

535 2335 602 2405 537,
619 2336 645 2408 3.
660 2335 693 2389 Εί
702 2337 783 2390 τοίνυν
795 2355 829 2398 τις
840 2335 918 2406 ὑμῶν,
930 2331 952 2389 ὦ
965 2335 1048 2406 ἀνδρες
1059 2333 1197 2408 Ἀθηναῖοι]
1211 2336 1279 2404 Πλη.
1321 2337 1363 2390 τδν
1378 2336 1471 2403 ἥκοντα
1491 2337 1621 2404 πεποίηκεν

429 2413 433 2420 ’
498 2417 577 2484 ρι’νσας
590 2415 653 2469 ἀπαν
666 2414 696 2467 τδ
707 2416 766 2485 πρός
777 2434 800 2468 τι
812 2414 932 2485 μετῆλθεν
946 2411 1038 2480 ἀπίτήν
1050 2413 1211 2481 πηλιαότητα,
1227 2415 1279 2481 ήτις
1320 2415 1441 2484 παρέσχον
1453 2411 1564 2484 ἀφορμὴν
1578 2417 1622 2466 τοῦ

499 2494 605 2563 περόχει
620 2491 664 2563 μὲν
680 2491 778 2560 αὔξησιν
791 2493 833 2546 καί
845 2491 905 2559 αῦτη
917 2497 961 2546 τοῦ
979 2493 1142 2564 πραχθίντσς,
1161 2494 1279 2564 διαφόρως
1356 2491 1422 2562 537,
1438 2496 1464 2547 8.
1483 2491 1558 2546 ’ἀλλὰ
1569 2493 1611 2544 τδν

499 2571 525 2624 δὲ
537 2573 553 2638 ἢ
564 2571 627 2624 κατά
637 2571 666 2625 τδ
677 2573 736 2642 πρός
748 2591 780 2625 τι·
796 2571 821 2626 ἀν
831 2570 916 2641 ἔκείνεμ
928 2570 971 2642 μίν
980 2571 1029 2642 γάρ
1039 2572 1068 2626 τδ
1079 2572 1197 2642 δημόσιον
1209 2573 1279 2640 ηῦξη-
1319 2568 1407 2635 ταύτης
1420 2569 1497 2632 λόσις.
1512 2571 1566 2623 ΒΥ.

499 2669 551 2718 σευ,
567 2649 622 2704 οίον
637 2651 666 2704 τδ
680 2650 742 2704 κατά
754 2651 797 2704 τδν
809 2653 930 2722 χορηγδν,
941 2649 966 2704 ἀν
979 2651 1054 2722 ταῦτη
1065 2649 1091 2703 a&
1103 2651 1132 2704 τδ
1145 2649 1276 2718 ίδιωτικδν,
1356 2648 1423 2717 537,
1446 2665 1487 2702 ιο.
1502 2647 1564 2700 03δά
1584 2645 1623 2718 γάς

498 2729 777 2796 τδιιατάτάςπλθτάς.
798 2729 1105 2800 ίίαίτδμάυπρόςτιτιῗιν
1122 2728 1147 2784 ἀν
1165 2729 1278 2804 αθτῷτῷ
1319 2725 1457 2796 τδσχῆμα.
1477 2727 1509 2782 B.
1545 2725 1610 2792 Αθτη

499 2809 592 2880 θεάτρῳ
602 2809 685 2880 καίτῇ
697 2809 830 2880 πανηγόρει
842 2809 1000 2879 πραχθέντων
1013 2807 1067 2879 ἔχει
1078 2807 1123 2874 τήν
1135 2807 1276 2876 ἐξίτασιν,ή
1320 2824 1356 2865 σῑς
1371 2825 1381 2853 ⁸
1396 2809 1431 2875 τῷ
1443 2804 1513 2875 λόγῳ
1524 2801 1555 2856 t&
1567 2805 1623 2873 πρό

497 2886 524 2939 δὲ
535 2887 668 2953 πηλικότης
680 2888 786 2940 καθόλου
798 2888 852 2958 περί
863 2887 953 2958 55ρεως
964 2890 1070 2941 ποιεῖται
1081 2887 1124 2940 τόν
1137 2887 1224 2958 λόγον,
1239 2890 1276 2942 ότι
1323 2883 1516 2954 «γεγονότνςᾱ
1558 2878 1588 2934 Ὁ
1601 2881 1623 2934 δὲ

497 2966 575 3019 δειυδν
593 2965 695 3036 ήῦὸρις·
711 2967 774 3018 ὥστε
786 2965 841 3018 ἐκεῖ
850 2966 893 3037 μάν
906 2967 936 3018 εδ
950 2965 1081 3034 ἰδιωτικόν,
1096 2965 1199 3020 ἐνταῦθα
1210 2967 1236 3020 δά
1247 2969 1276 3021 τδ
1318 2959 1402 3012 λαθὼν
1417 2960 1442 3013 δῖ
1455 2961 1509 3021 ταῖς
1523 2959 1606 3012 λῦῦῑῦῑ

496 3043 593 3114 γενικδν
606 3042 765 3106 ίξετάζεσθαι.
803 3045 849 3096 ίίαί
865 3044 890 3098 ἔν
905 3043 947 3115 μὲν
968 3045 1072 3116 τῷπρός
1092 3064 1116 3098 τι
1129 3045 1203 3098 παντί
1214 3065 1275 3117 προ-
1321 3039 1387 3092 «ὅτι
1400 3037 1497 3103 δνάτὴν
1514 3037 1623 3092 ἐπιείκεια

497 3123 566 3191 σόγει
579 3119 624 3186 τὴν
638 3121 744 3189 αὔξησιν,
762 3121 787 3176 ἐν
803 3122 829 3175 δὲ
840 3126 872 3194 τῇ
883 3123 1030 3190 πηλικότητί
1040 3142 1095 3176 τινα
1110 3123 1152 3175 καὶ
1169 3121 1272 3180 ἐλάττω.
1317 3119 1373 3171 τότε
1383 3116 1454 3184 ἔθηκε
1467 3122 1574 3188 φανερῶς
1587 3117 1623 3168 ὅτι

496 3198 563 3261 Δῦξει
578 3199 620 3270 μὲν
639 3199 687 3271 γάρ
705 3197 749 3264 τήν
766 3201 867 3253 Μειδίου
889 3201 1041 3272 θρασότητα,
1060 3203 1174 3272 καθαιρεῖ
1188 3202 1214 3256 δὲ
1229 3201 1274 3270 τήν
1318 3196 1479 3268 ὅαλλόμεθθς,
1494 3197 1623 3266 ῧέδεῑῖμὲθ

497 3277 582 3330 ίαυτοῦ
593 3281 706 3349 γνώμην,
721 3279 754 3342 ὡς
766 3279 870 3334 ἔλαττον
885 3285 928 3334 τοῦ
941 3282 1104 3352 προσήκοντος
1118 3281 1156 3336 ἀτί
1171 3285 1223 3346 τοῖς
1235 3305 1274 3356 γι·
1317 3274 1383 3328 &m
1396 3275 1427 3327 δι’
1440 3275 1512 3328 αὒῐίθ
1526 3273 1596 3327 ῠῦῧέθ
1611 3273 1623 3325 ί

496 3358 605 3428 νομένοις
617 3357 815 3428 παροξυνθεῖσαν.
853 3359 929 3412 Ἴδιον
948 3361 975 3414 δδ
991 3361 1097 3432 μάλιστα
1114 3361 1275 3430 πηλικότητος
1353 3355 1420 3424 537,
1437 3353 1479 3407 ε3.
1495 3349 1557 3405 Ἀλλ’
1571 3350 1623 3404 ίσασ

496 3432 529 3505 μή
544 3437 618 3504 μόνον
631 3433 719 3500 αὔξειν,
735 3435 800 3488 ἀλλά
813 3439 921 3490 τινακαὶ
939 3443 1032 3509 μειοῦν.
1070 3439 1150 3491 Κακεῖ
1159 3439 1201 3511 μίν
1218 3442 1274 3511 όιρι-
1318 3429 1503 3502 ραδειγματῑκάς
1513 3430 1612 3491 asflat,

494 3515 691 3582 σμίθῦνςτόπους
704 3513 848 3585 ίγῦμνασεν,
864 3515 967 3570 ίνταῦθα
980 3517 1006 3570 δὲ
1020 3517 1104 3578 ἀτελῶς
1116 3517 1232 3588 ἀορίστως
1243 3518 1274 3571 τά
1316 3511 1350 3563 (λθ
1366 3508 1414 3582 μὴν
1429 3509 1468 3562 ἐπί
1481 3508 1573 3562 τούτων
1597 3507 1623 3560 ίσ

495 3591 644 3661 ἐμπίπτοντα
654 3593 838 3664 παραλαμῦάνιι
849 3593 908 3664 πρδς
925 3593 1033 3662 αὔξησιν.
1072 3594 1128 3646 'Eu
1142 3594 1199 3664 πρδς
1217 3595 1272 3648 τοῦ·
1316 3593 1359 3641 τοῦ
1375 3587 1520 3649 ἐλάττονος,
1537 3587 1618 3653 ὧσπῑθ

494 3687 543 3729 τῠῑς
561 3668 586 3721 ἀν
599 3669 672 3722 παντὶ
690 3673 725 3740 τῷ
740 3669 809 3742 λόγῳ
828 3671 984 3740 πρῶτονμὲν
1005 3672 1086 3723 τάττει
1099 3669 1130 3723 τά
1150 3673 1272 3740 δημόσια,
1316 3667 1341 3721 ίν
1353 3666 1437 3727 αίιταῖς
1448 3665 1623 3734 καταφαίνεται

491 3747 603 3816 δεύτερον
616 3745 642 3799 δὲ
655 3746 686 3799 τά
705 3745 832 3812 ίδιωτικάι,
845 3749 889 3799 ίνα
910 3747 950 3799 διά
963 3753 1006 3814 τῆς
1020 3748 1118 3802 ἐκείνων
1132 3747 1273 3819 προλήψεως
1352 3747 1417 3816 537,
1437 3749 1478 3798 16.
1497 3743 1606 3814 ’ίσχυρός
1621 3763 1623 3772 ’

492 3825 534 3876 καὶ
552 3828 628 3878 ταῦτα
648 3824 681 3886 ὣς
699 3825 806 3896 δημόσια
822 3825 945 3895 φαίνηται.
984 3826 1031 3878 ίίαί
1052 3829 1095 3879 νῦν
1109 3819 1153 3878 οῦν
1175 3825 1273 3888 εἰκότως
1313 3823 1419 3895 ’ἐπιφόρει
1430 3821 1474 3888 τήν
1490 3819 1623 3892 μνήμην,ί

491 3903 603 3974 δευτίραυ
618 3901 686 3964 ἔταξε
702 3901 747 3968 τὴν
764 3903 916 3970 πηλικότητα
930 3907 974 3956 τοῦ
992 3904 1052 3974 πρός
1069 3923 1105 3956 τι·
1120 3903 1162 3956 καί
1181 3903 1230 3975 γάρ
1243 3905 1272 3957 τδ
1316 3899 1525 3974 παγκρατιαστής,
1538 3899 1552 3954 ό
1567 3919 1623 3972 γεγε

490 3981 613 4035 ίδιωτικδν
624 3981 650 4035 ἀν
662 3981 724 4053 αίιτῇ
738 3981 904 4052 περιείληφεν·
921 3980 945 4042 ἀξ
964 3981 1105 4043 ἀντιθίσεως
1122 3981 1148 4035 a?
1162 3981 1272 4054 3πήγαγε
1316 3985 1356 4037 καί
1374 3985 1452 4054 φίρειν
1465 3980 1561 4053 πληγάς
1574 3979 1623 4034 buo

491 4059 536 4126 τήν
557 4061 724 4126 πηλικότητα·
749 4063 821 4112 τοῦτο
835 4059 861 4112 δὲ
875 4057 900 4112 ἀν
914 4061 965 4131 θρεμ
980 4061 1092 4130 γίγνεται
1109 4059 1186 4131 μόνῳ.
1228 4060 1270 4113 Ἐν
1314 4061 1362 4131 γάρ
1376 4061 1440 4131 θόρις
1454 4058 1498 4126 τήν
1512 4057 1623 4131 όργήν,ι

491 4137 539 4208 γάρ
551 4141 604 4198 ταῖς
614 4139 726 4190 στάσεσιν
736 4137 751 4204 ἡ
763 4139 896 4204 πηλικότης
904 4137 1048 4209 ἐπιλογικήν
1058 4137 1111 4208 ίχει
1120 4137 1164 4203 τήν
1175 4140 1268 4210 χώραν·
1315 4139 1340 4192 δὲ
1354 4139 1423 4200 ὄντος
1436 4143 1480 4192 τοῦ
1488 4137 1601 4210 ῥηθέντος
1615 4156 1623 4190 ε

491 4213 589 4282 αὔξησιν
603 4215 651 4286 γάρ
667 4215 735 4286 ἔχει·
751 4223 799 4270 τῶν
814 4217 839 4270 δί
853 4217 1003 4290 ἀπιλόγωνή
1020 4217 1129 4286 αὔξησις,
1143 4217 1168 4272 ἔν
1184 4219 1234 4292 όριρ
1245 4220 1271 4272 δὲ
1315 4216 1340 4270 δί
1355 4215 1496 4278 ἀποκτείνας
1507 4215 1522 4268 5
1533 4214 1623 4286 aava<

491 4293 623 4362 κεφαλαίου
637 4295 739 4366 δύναμιν
760 4295 813 4366 ίχει
832 4297 872 4348 διὰ
890 4297 935 4363 τήν
948 4299 1017 4370 φῦσιν
1031 4302 1074 4351 τοῦ
1088 4299 1159 4370 θρου·
1175 4297 1201 4350 ἀν
1223 4297 1270 4369 γάρ
1350 4295 1415 4363 537,
1442 4298 1482 4350 ιθ.
1501 4292 1544 4346 Ἐν
1565 4311 1623 4346 συνο

490 4373 543 4431 τῠῖς
554 4373 632 4442 θροις,
651 4371 676 4426 ἀν
691 4368 728 4435 ok
744 4375 851 4444 μάλιστα
871 4375 1031 4448 ὁμολογεῖται
1044 4377 1074 4431 τίν
1089 4377 1268 4448 πεπραγμίνον,
1314 4371 1378 4426 ἔστιν
1391 4371 1408 4440 ή
1421 4375 1464 4440 τῆς
1473 4371 1622 4439 πηλικότητο

489 4449 546 4518 περὶ
562 4449 660 4516 αὔξησίν
682 4450 746 4506 ἀστιν
760 4451 776 4520 ή
790 4457 856 4508 πᾶσα
874 4455 973 4522 ζήτησις
992 4461 1041 4508 τῶν
1058 4454 1207 4525 κεφαλαίων,
1227 4458 1269 4506 τοῦ
1313 4452 1351 4504 ότι
1363 4449 1436 4522 μικρά
1446 4451 1562 4514 παθόντες
1577 4469 1623 4521 μεγ

489 4526 535 4596 μὲν
548 4530 684 4600 κατηγόρου
697 4531 725 4584 τδ
739 4533 822 4602 μεῖζον
834 4531 982 4604 ἀπάγοντος,
995 4537 1039 4588 τοῦ
1050 4532 1076 4586 δδ
1089 4534 1219 4604 φιόγοντος
1231 4531 1270 4586 ίπί
1313 4529 1408 4594 ἑαυτὸν,
1423 4531 1461 4582 δτι
1479 4529 1576 4600 μεγάλα
1588 4547 1622 4582 πα

488 4605 519 4658 τδ
539 4604 642 4660 ἔλαττον
656 4607 840 4673 ἀποκλίναντος.
879 4611 956 4664 Ὥστε
975 4611 1044 4665 οῦδάν
1062 4611 1151 4664 κωλιίει
1170 4607 1269 4677 καλτήν
1313 4609 1352 4661 λιν
1372 4609 1435 4670 αῦξει
1459 4608 1501 4679 μίν
1516 4605 1560 4673 τήν
1582 4607 1620 4659 Με

488 4683 643 4752 πηλικότητα
662 4685 759 4754 αὔξησιν
774 4687 881 4759 ἔχουσαν
894 4689 1026 4760 κεφαλαίου
1044 4689 1110 4760 ἔχειν
1130 4686 1174 4754 τὴν
1195 4688 1268 4759 ίργα-
1312 4685 1398 4740 ἑαυτοῦ
1409 4687 1511 4756 γνώμην
1524 4684 1557 4746 ὣς
1569 4683 1623 4736 ἕλω

489 4763 555 4826 σίῑθι
568 4768 611 4816 τοῦ
624 4763 667 4834 ριάν
682 4765 795 4829 αὔξοντος
808 4767 833 4822 ίν
845 4768 940 4832 αῦτοίς,
954 4773 997 4821 τοῦ
1009 4769 1035 4821 δὲ
1049 4772 1183 4839 μειοῦντος.
1199 4765 1269 4838 Παρά
1311 4761 1346 4818 ὧν
1366 4764 1492 4818 ἐπιείκειαν
1512 4763 1590 4836 ἐαυτῷ
1608 4783 1623 4832 μ

489 4840 516 4894 δί
536 4845 584 4893 τῶν
602 4843 722 4898 δικαστῶν
743 4843 882 4917 είληρετήν
899 4845 1029 4910 ἀντίθεσιν,
1048 4846 1156 4908 είκότως.
1195 4845 1269 4899 Ἐστι
1311 4844 1438 4897 παθόντων
1456 4839 1564 4894 ἐλαττοῖ.
1600 4839 1623 4891 Σι

488 4917 536 4988 γάρ
546 4919 600 4990 περὶ
610 4923 746 4993 τιμήματος
759 4923 773 4976 ό
789 4923 877 4994 λόγος·
890 4925 919 4978 τ“ο
933 4924 959 4978 δά
974 4926 1089 4994 τιμᾶσθαι
1100 4929 1144 4977 τοῦ
1155 4943 1181 4977 τε
1193 4942 1267 4990 κατη-
1311 4941 1363 4986 τες,
1379 4921 1420 4974 καί
1432 4921 1510 4992 φίλων
1524 4918 1623 4972 ἐναντίον

487 4998 564 5068 γόρου
576 5000 616 5051 καί
629 5005 678 5054 τῶν
690 5001 809 5057 δικαστῶν
822 5001 898 5057 ἔστιν.
927 5002 1210 5071 Συνήθωςδάκάνταῦθα
1224 5000 1267 5068 τήν
1311 5003 1361 5063 ζειν
1375 4997 1429 5066 ἐξῆν
1442 4998 1538 5069 αὐτοῖς,
1551 4999 1619 5069 ὅμως
