4114 6088
350 517 408 567 500
928 500 1070 560 ΣΚΟΔίλ
1096 499 1156 558 ΕΙΣ
1179 499 1372 559 ΑΙΣΧΙΝΗΝ.

351 637 457 708 βάταλος
464 637 549 708 μόριόν
560 655 583 690 τι
592 637 635 688 τοῦ
643 637 756 706 σώματος
763 632 827 705 παρὰ
835 636 887 695 τοῖς
898 631 1131 702 λττικοῖςαίσχρόν.
1218 647 1276 685 ιιο.
1291 630 1413 702 Ἕτερον]
1425 629 1598 702 ίίαρατήρησαι
1610 631 1649 682 δτι
1663 629 1688 682 οί
1703 629 1809 684 ’λττυιοὶ
1824 629 1929 702 άδιαρόρις

387 716 515 787 Βάταλος]
537 713 638 776 ἔκλυτος
656 713 698 767 καί
717 714 848 784 άνανδρος,
869 711 918 766 ἐπδ
938 711 1046 778 αῦλητοῦ
1070 709 1136 772 τινδς
1179 708 1280 780 λέγουσι
1289 709 1318 762 τό
1331 709 1538 781 ἕτερονοῦμόνον
1549 708 1661 774 ἐπίδόο,
1674 708 1741 761 άλλά
1750 711 1790 761 καί
1801 709 1927 764 ἐπίπολλιὶι.

351 794 457 870 ὀνόματι
469 793 598 848 Βατάλου·
614 794 638 846 οί
652 793 678 846 δέ
692 792 740 847 άπὸ
752 796 855 860 ποιητοῦ
871 791 954 862 μελῶν
966 792 1134 861 κατεαγότων.
1180 788 1250 844 Μετὰ
1261 787 1309 860 γάρ
1323 789 1366 842 δθο
1375 790 1516 860 ψηφίσματα
1531 787 1705 860 είπεν,ἐτερον.
1719 789 1801 845 FLM.

356 873 401 927 Ἐκ
421 874 448 928 δέ
467 874 555 928 τοῦτον
574 875 680 927 σκώπτει
700 872 774 925 αθτδν
789 872 821 934 είς
841 871 974 944 μαλακίαν.
1010 871 1048 924 Tb
1063 869 1089 922 δέ
1110 869 1136 924 ἐκ
1219 887 1278 924 ιιι.
1295 869 1508 941 Ἐνεκαλῦψαντο]
1521 869 1552 922 τά
1566 871 1686 940 πρόσωπα
1699 868 1816 942 ἐκάλυψαν
1826 869 1862 924 ἐπ’
1870 869 1930 940 αίσχό

352 953 446 1005 παίδων
461 951 680 1023 ἀπαλλαττόμενος
692 951 734 1003 καί
744 950 775 1004 τά
786 951 839 1018 ἑξῆς
855 952 1079 1023 σνντεκμαιρθμεθα
1097 950 1136 1003 οῦ·
1181 969 1224 1018 νης
1238 955 1286 1003 τῶν
1298 948 1345 1002 ὓπδ
1356 948 1526 1020 Δημοσθένους
1538 947 1685 1020 εἰρημένων.
1699 949 1729 1003 Β.

352 1051 416 1098 τως,
436 1033 475 1085 ότι
494 1027 712 1094 ίπτακαιδεκαετής
725 1029 890 1100 ἐδοκιμάσθη,
906 1032 968 1082 κατά
986 1049 1010 1084 τι
1025 1031 1136 1101 ψήφισμα
1215 1028 1251 1081 Οῦ
1265 1028 1369 1090 καταδὺς
1380 1031 1390 1096 ]
1400 1031 1474 1081 τοῦτο
1489 1026 1537 1081 άπδ
1555 1028 1728 1099 Δημοσθένους
1739 1028 1772 1090 ώς
1785 1026 1892 1092 είπόντος,
1903 1031 1931 1080 ταί

353 1108 412 1172 ίσως
426 1108 585 1180 συγχωρηθὲν
598 1107 665 1179 αθτῷ
676 1111 765 1172 τοῦτο,
779 1109 823 1159 ίνα
835 1109 963 1174 δικάσηται
977 1109 1029 1170 τοῖς
1041 1109 1136 1178 ἐπιτρό-
1181 1111 1259 1162 ταῦτα
1271 1105 1390 1179 ἔτραπον
1402 1112 1510 1180 φανερῶς
1524 1105 1616 1162 οίτωσὶ
1630 1107 1694 1178 μηδὲ
1707 1107 1931 1180 ῦποστελλόμενοςίις

354 1209 417 1252 ποις.
455 1187 524 1242 Κατὰ
537 1187 585 1258 γάρ
601 1186 644 1240 τὸν
658 1187 734 1256 νόμον
748 1185 978 1248 όκτωκαιδεκαετεῖς
989 1187 1136 1258 δοκιμάζον-
1181 1189 1341 1260 ἐτεροίτινες.
1351 1189 1415 1244 LM.

354 1287 394 1320 ται
403 1288 408 1298 ·
424 1265 480 1320 εἶτα
491 1266 543 1337 μετ’
554 1265 597 1330 ἐτη
605 1265 648 1318 δόο
658 1264 875 1337 άπολαμόάνουσιν
888 1264 936 1318 άπὸ
942 1269 991 1318 τῶν
1001 1264 1136 1335 ἐπιτρόπων
1219 1285 1276 1324 112.
1291 1265 1354 1333 Γυνή
1365 1267 1431 1339 γάρ]
1444 1265 1544 1321 Ἔοικεν
1559 1265 1695 1338 άμῦνεσθαι
1714 1267 1778 1340 αίιτῷ
1788 1266 1826 1319 διὰ
1837 1265 1875 1332 τήν
1883 1285 1932 1336 γινο

354 1345 378 1398 οί
394 1343 496 1415 όρφανοὶ
507 1342 549 1404 τάς
559 1341 651 1406 οθσίας.
665 1345 727 1400 LM.
1182 1346 1257 1416 μίνην
1276 1343 1335 1416 ίιπέρ
1346 1345 1445 1416 άγνείας
1459 1341 1595 1410 διαθολήν,
1612 1343 1638 1398 εί
1650 1363 1681 1415 γε
1693 1345 1822 1399 κάλλιπον
1835 1341 1888 1397 εἶναι
1901 1365 1930 1413 γυ

388 1421 773 1494 Δικαταλάντους-λαγχάνων]
785 1420 854 1492 Παρὰ
863 1419 967 1492 γέρτιῖιν
978 1427 1051 1492 τριῶν
1063 1420 1137 1475 αότοῦ
1182 1427 1255 1478 ναῗκα
1268 1426 1381 1492 καθίστη.
1397 1425 1460 1480 LM.

355 1503 492 1573 ἐπιτρόπων
514 1501 645 1572 τριάκοντα
666 1501 776 1554 τάλαντα
801 1499 872 1572 ἐλεγε
894 1501 1072 1571 χρεωστεῖσθαι
1097 1500 1138 1553 καί
1216 1503 1664 1576 Σπογγιᾶς]ώςκαίπαράτῷποιητῇ
1675 1502 1775 1572 (Οιία,
1788 1504 1931 1572 110«er-

353 1582 412 1634 δίκα
422 1579 479 1650 παρ’
490 1578 544 1642 ίνδς
557 1579 659 1634 ἐκάστου
672 1580 761 1635 αὐτῶν.
802 1577 884 1650 Ἀργᾶς
898 1579 1138 1651 δέκαλεῖταιόόφις
1181 1600 1247 1651 γοισι
1257 1581 1456 1652 πολυτρήτοισιν.
1470 1580 1601 1652 »Εὕρηται
1610 1581 1638 1634 δέ
1653 1581 1696 1634 καί
1708 1581 1772 1652 παρά
1785 1578 1931 1652 τῷλρισεορά·

355 1657 420 1729 παρὰ
429 1659 559 1728 Δωριεῦσι·
572 1657 636 1712 θίλει
645 1653 690 1710 οδν
703 1657 777 1710 αθτδν
794 1656 887 1728 δριώδη
900 1657 942 1711 τόν
955 1659 1047 1729 τρόπον
1061 1659 1137 1722 δεῖξαι
1182 1679 1218 1714 νει
1233 1661 1321 1729 (Rau.
1334 1664 1397 1726 482,
1411 1659 1481 1729 487?
1490 1659 1525 1730 >⁶
1538 1661 1662 1731 σπογγίας
1675 1661 1717 1713 καί
1727 1659 1743 1727 ἡ
1754 1661 1863 1730 σπογγιά,
1872 1661 1931 1726 ῦπαρ

355 1739 398 1790 καί
410 1737 487 1790 οίονεί
500 1738 608 1808 θηριώδη
621 1737 663 1790 καί
674 1735 848 1808 ἀπάνθρωπον.
861 1735 936 1800 Εἶδός
949 1757 973 1791 τι
984 1739 1060 1809 όφεως
1069 1737 1137 1791 άνοιι-
1182 1737 1222 1792 καί
1239 1737 1353 1793 ἐνταῦθα.
1370 1737 1454 1796 FLM.
1469 1737 1511 1792 Cf.
1526 1737 1687 1794 Thoeaur.l.
1703 1755 1743 1808 gr.
1754 1747 1775 1794 t.
1788 1754 1812 1804 7,
1823 1753 1846 1807 p.
1857 1735 1904 1790 ⁶03.

353 1819 459 1887 ρετικοῦ.
499 1814 536 1870 Ἢ
551 1816 566 1869 ό
582 1815 664 1887 άργῶν
681 1815 730 1870 άπὸ
749 1822 797 1869 τῶν
816 1816 915 1882 άλλων,
938 1818 1038 1888 γράφων
1053 1817 1080 1870 δέ
1093 1817 1137 1870 λό-
1221 1817 1453 1890 ’Βργολαόοῦντος]
1472 1815 1677 1888 φιλοπράγμονος
1689 1818 1731 1871 καί
1749 1817 1870 1888 περιέργου.
1884 1815 1929 1870 m.

354 1913 422 1964 γους.
441 1895 527 1952 FLM.
545 1892 580 1946 Ἢ
596 1893 700 1966 άργιῖςό
717 1896 837 1966 πονηρός·
852 1894 965 1966 ἔστιγὰρ
983 1893 1049 1956 εἶδος
1063 1895 1139 1966 όφεως
1220 1895 1278 1950 ιιό.
1295 1895 1425 1967 Μηδεμίαν
1444 1895 1538 1968 πόλιν]
1563 1894 1623 1948 Ὀτι
1651 1896 1765 1948 Βοιωτῶν
1790 1893 1930 1966 Ἀμφικτυόνων

353 1973 519 2044 άναιρετικοῦ.
557 1973 686 2028 θίδέάπδ
698 1978 801 2042 ποιητοῦ
814 1993 884 2037 τινος
894 1977 1003 2045 πονηροῦ
1017 1974 1081 2028 οῦτω
1093 1995 1138 2028 κα-
1182 1971 1296 2026 άπάντων
1317 1973 1396 2026 όντων
1409 1973 1494 2036 πόλεις
1514 1971 1595 2026 αότιῖιν
1618 1972 1768 2036 ἀναστάτους
1786 1969 1928 2038 ἐκοίηοαιθη·

353 2051 483 2124 λουμίνου.
502 2054 565 2108 LM.
1182 2049 1259 2124 όαΐοι.
1275 2051 1339 2106 LM.

392 2129 497 2202 Ἆργᾶς]
511 2129 595 2203 Ἀργᾶς
603 2131 670 2204 θφιος
680 2128 755 2194 εἶδος.
784 2129 856 2185 Οῦτω
865 2130 895 2198 δή
909 2131 1042 2205 ὠνομάσθη
1058 2133 1098 2186 διὰ
1109 2133 1138 2188 τδ
1217 2129 1391 2202 Ναματιαίων]
1400 2129 1506 2183 ἐνταῦθα
1516 2128 1586 2200 λέγει
1596 2131 1687 2202 κυρίως
1695 2135 1743 2184 τῶν
1752 2128 1859 2200 ποτίμων.
1867 2123 1926 2182 HM·

354 2213 398 2277 τῆς
411 2212 505 2281 φῦσεως
516 2210 625 2282 πονηρόν
636 2211 678 2263 καί
691 2212 819 2278 κακόηθες.
835 2211 864 2267 Β.
1181 2207 1236 2262 Τῶν
1248 2210 1372 2282 πηγαίων.
1387 2210 1449 2266 LM.

393 2305 452 2344 ιοι.
468 2287 627 2360 Συνήλθομεν
644 2287 677 2350 είς
692 2289 798 2358 ταυτδν]
814 2289 891 2343 οίονεί
906 2290 966 2362 ἅμα.
983 2291 1012 2348 F.
1221 2285 1432 2357 Ἆναστήσειν]οθ
1446 2287 1515 2360 λέγει
1528 2287 1681 2359 πορθήσειν,
1692 2285 1749 2340 ἀλλ’
1764 2287 1800 2342 ἐπὶ
1813 2289 1845 2356 τῷ
1857 2297 1927 2352 σνμρ-ν·

392 2365 545 2438 ’λνεγνώσθη
561 2367 604 2438 μέν
625 2367 654 2421 εδ
673 2368 803 2440 ψήφισμα]
817 2368 848 2422 Et
869 2366 902 2440 μή
922 2368 970 2440 γάρ
984 2368 1080 2440 άνόγνω
1100 2369 1139 2423 ότι
1182 2369 1258 2436 χῆσαι
1273 2366 1415 2439 ἐπεγείρειν.
1430 2369 1496 2424 LM.

353 2445 479 2508 Φίλιππος
490 2445 532 2498 καί
543 2445 641 2516 ἐπείσθη
658 2447 724 2514 ότιή
739 2447 809 2510 πόλις
819 2447 967 2520 ἐψηφίσατο,
983 2448 1011 2502 οῦ
1021 2451 1138 2520 παρεῖχεν
1217 2447 1252 2501 Tb
1268 2449 1333 2519 χειρί
1344 2449 1386 2501 καὶ
1402 2448 1462 2503 ποδί
1478 2445 1534 2500 ἐντὶ
1547 2449 1591 2501 τοῦ
1604 2447 1674 2521 πόση
1689 2445 1819 2518 προθυμίη,
1833 2435 1926 2500 ἐπλίνίί

353 2523 433 2579 αθτῶν
447 2524 583 2596 άπόκρισιν.
600 2526 632 2582 F.
1183 2525 1276 2591 εἰπεῖν,
1289 2528 1332 2580 καί
1342 2529 1409 2602 πάσῃ
1430 2528 1540 2599 δυνάμει.
1580 2525 1657 2581 Ι’ίίστι
1670 2527 1697 2582 δέ
1709 2527 1751 2581 καί
1766 2525 1810 2579 ἐπθ
1820 2519 1924 2592 παροψίσι.

390 2603 625 2676 Συνηριθμοόμεθα]
637 2603 695 2658 άντί
708 2608 752 2658 τοῦ
766 2604 894 2676 ἐλίγομεν.
909 2607 940 2662 Β.
1182 2605 1268 2661 FLM.

392 2699 451 2738 ιον.
466 2681 562 2754 Ἆρτίως
573 2681 713 2756 ίιπεθέμην]
725 2683 780 2737 άντί
791 2688 834 2737 τοῦ
846 2687 975 2755 προεῖπον.
988 2687 1019 2742 F.
1222 2681 1275 2756 ίίρὰ
1287 2683 1391 2758 ἰσχυρά]
1402 2685 1468 2754 Λῦτη
1479 2683 1495 2753 ἡ
1505 2683 1552 2757 άρά
1565 2683 1632 2739 ἐστιν
1645 2684 1671 2740 ἐν
1682 2688 1718 2758 τῷ
1726 2681 1785 2738 κατά
1795 2679 1925 2748 [mmm

392 2763 452 2817 103.
471 2761 530 2815 Ὀτι
543 2761 585 2833 δέ]
603 2760 725 2834 Ἆοφαλῶς
740 2767 813 2816 τοῦτο
828 2763 966 2836 ἐπήγαγεν,
986 2765 1030 2817 ἵνα
1051 2767 1086 2836 μή
1103 2785 1139 2829 τις
1182 2763 1262 2836 λόγῳ.
1278 2765 1307 2822 Β.

354 2839 431 2915 είπη,
453 2843 495 2896 καί
510 2843 584 2897 πόθεν
603 2841 707 2916 αίοθάνη
720 2846 812 2908 τοῦτο,
832 2841 854 2896 εί
873 2840 906 2914 μή
926 2838 990 2908 ἦσθα
1003 2845 1136 2914 προδότηςς
1220 2847 1280 2898 ιιθ.
1303 2843 1423 2918 Τούτων]
1451 2846 1501 2899 τίῦν
1527 2844 1695 2918 δεδογμένων·
1714 2843 1765 2904 τοῖς
1786 2834 1922 2910 ’λμφατίννῑθ

354 2923 394 2975 ότι
405 2923 492 2984 πάντες
505 2921 529 2976 οί
542 2921 627 2992 ἐχθροί
637 2921 708 2993 ήμῶν
718 2923 814 2994 πάρεισι
825 2921 867 2976 καὶ
878 2920 911 2984 τίς
919 2921 947 2975 τό
957 2921 1067 2976 ἐναντίον
1077 2921 1138 2995 ἡμῖν
1182 2924 1268 2980 FLM.

354 2999 535 3072 πρεσθείονσιν.
546 3001 632 3057 FLM.
1218 3003 1343 3074 Δωριέας,
1367 3001 1456 3065 Ἴωνας
1467 3006 1476 3071 ]
1489 3001 1533 3055 θνα
1556 3000 1597 3054 διὰ
1622 3001 1667 3074 μὲν
1685 3001 1728 3053 τοῦ
1745 2998 1820 3052 κοινοῦ
1835 2992 1923 3060 ίιίμντθ

394 3083 452 3141 ιοίς.
472 3079 604 3150 Βοιωτῶν]
620 3077 669 3150 οῦχ
683 3079 766 3142 ἅπλῶς
777 3081 890 3146 πάντων,
902 3077 968 3131 άλλὰ
979 3085 1028 3133 τῶν
1041 3081 1137 3136 δόοπό-
1182 3087 1231 3135 τῶν
1252 3079 1343 3134 Ἰώνων
1360 3081 1402 3134 καί
1422 3081 1478 3144 τοίις
1503 3078 1646 3148 ’λθηναίους
1665 3078 1794 3151 περιλάόη,
1813 3073 1847 3126 διίι
1860 3069 1921 3122 Mn

354 3158 418 3211 λεων
426 3163 475 3212 τῶν
485 3158 624 3211 Βοιωτικῶν
634 3155 670 3212 ὧν
682 3159 834 3230 κατέσκαψαν
845 3159 869 3212 οί
881 3158 1139 3226 θηθαῗοι,Θεσπιέων
1181 3158 1360 3230 Δωριόυντοίις
1370 3157 1586 3231 Λακεδαιμονίους.
1626 3159 1711 3216 FLM.
1747 3146 1921 3226 Αίγιιδέῐίίθ·

355 3236 397 3290 καλ
406 3237 559 3290 Πλαταιίων.
573 3237 658 3293 mi.
1184 3237 1313 3308 τράπολιν.
1326 3239 1389 3294 LM.
1903 3298 1908 3314 ,

390 3313 442 3382 Τὴν
456 3315 489 3378 είς
503 3315 531 3368 τό
542 3314 628 3386 άφανές
639 3314 780 3387 άναφοράν]
792 3316 836 3369 ἵνα
850 3315 928 3386 ἐχωσι
939 3316 1021 3388 λέγειν
1035 3315 1060 3369 οί
1074 3315 1139 3385 Ἆθη-
1223 3312 1352 3386 Ἰσόψηφον
1367 3315 1522 3387 γενόμενον]
1538 3315 1632 3368 ώσανεί
1644 3313 1731 3385 ἐλεγε,
1744 3309 1786 3376 τήν
1800 3303 1920 3370 νέῖίίῦίί*

355 3395 435 3459 ναῖοι,
450 3391 493 3446 ἐάν
504 3393 628 3456 Φίλιππος
650 3392 684 3465 μή
699 3394 792 3466 θελήσῃ
804 3397 922 3462 ποιῆσαι,
936 3395 974 3448 θτι
984 3392 1057 3464 ἡμεῖς
1070 3393 1138 3448 οθδέν
1183 3393 1290 3464 ἔχουσαν
1306 3393 1331 3448 ἐν
1346 3400 1382 3467 τῷ
1396 3394 1541 3466 ψηφίζεσθαι
1560 3392 1605 3461 τήν
1623 3393 1711 3465 μικράν
1725 3391 1792 3446 πόλιν
1806 3377 1918 3458 τῇμῑῖίίί·

355 3475 467 3526 τοιοῦτον
479 3471 628 3545 ἐγράψαμεν,
642 3471 709 3525 άλλά
718 3473 742 3526 οί
756 3474 865 3545 πρέσόεις
873 3473 944 3546 ήμῶν
954 3473 1037 3536 άτιλῶς
1048 3472 1138 3542 ήθέλη-
1182 3472 1230 3525 Δόο
1244 3473 1271 3526 δὲ
1281 3473 1374 3544 ψήφους
1386 3473 1462 3544 φησί,
1474 3473 1532 3544 μίαν
1544 3471 1569 3526 ἐν
1579 3477 1616 3545 τῷ
1626 3471 1766 3544 ψηφίζεσθαι
1774 3466 1810 3522 καί
1819 3464 1864 3536 μίαν
1873 3459 1919 3524 ίϊῦέ

355 3569 400 3605 σαν
410 3550 501 3606 είπείν·
515 3551 557 3604 καί
568 3551 601 3614 τίς
613 3553 713 3614 τούτους
720 3551 877 3624 ἀναφέροντες
891 3556 935 3610 τὴν
942 3551 1022 3606 αἰτίαν
1031 3551 1138 3624 ἐμιλλον
1183 3550 1391 3623 ἀποψηφίζεσθαι,
1403 3549 1461 3605 οἷον
1475 3551 1580 3613 Θεσπιάς
1591 3553 1636 3604 καί
1647 3549 1776 3610 Πλαταιάς.
1788 3543 1857 3604 Κί-θί·

355 3629 484 3702 ἐκφεύγειν
490 3627 535 3696 τήν
548 3628 596 3684 ἐπδ
606 3635 649 3697 τῆς
662 3629 797 3702 ἀποτυχίας
807 3631 936 3702 αίσχόνην.
947 3633 1031 3689 FLM.
1221 3629 1266 3684 Ἐκ
1280 3631 1374 3700 Δωρίου
1383 3630 1424 3683 καὶ
1436 3629 1556 3700 Κυτινίου]
1565 3631 1600 3683 Τό
1610 3631 1639 3685 δέ
1650 3632 1741 3702 Δώριον
1751 3627 1788 3680 καί
1797 3621 1884 3676 Κυτίνιον
1891 3609 1917 3665 καί

395 3710 455 3763 105.
470 3707 512 3770 Κίς
527 3705 575 3774 σήν
592 3711 741 3780 προστασίαν
761 3714 804 3777 τῆς
818 3710 957 3782 Καδμείας]
970 3707 1025 3764 οίον
1044 3709 1076 3773 είς
1093 3709 1138 3778 τήν
1187 3706 1298 3779 Ἐρινεόν
1316 3708 1459 3780 πολίσματα
1472 3713 1515 3776 τῆς
1532 3708 1557 3763 ἐν
1576 3709 1701 3780 θετταλίᾳ
1717 3705 1820 3776 Δωρίδος·
1850 3687 1918 3750 Em

356 3785 453 3841 είσοδον
475 3787 517 3842 καί
535 3788 684 3859 προπνλῶνα
704 3793 749 3857 τῆς
769 3789 925 3862 ἀκροπόλεως
944 3795 993 3844 τῶν
1012 3789 1137 3856 θηόαίων.
1183 3788 1225 3840 καί
1242 3789 1433 3859 Λακεδαιμόνιοι
1447 3787 1555 3859 Δωριεῖς.
1594 3789 1726 3856 Συνίστηοι
1742 3785 1766 3840 δέ
1783 3783 1819 3837 καί
1837 3777 1859 3830 τί
1876 3771 1918 3842 μί’

356 3863 467 3936 Καδμεία
476 3864 525 3936 γέιρ
538 3864 821 3940 ἐκαλεῖτοηάκρόπολις
829 3873 878 3923 τῶν
888 3867 1139 3936 θηθαίωνάπδΚάδ-
1184 3865 1253 3929 ίθνος
1264 3867 1363 3939 πρδςτό
1381 3867 1532 3938 ἐλάχιστον,
1548 3865 1602 3922 ἴσον
1618 3870 1751 3939 δυνάμενον
1766 3863 1801 3918 ἐπί
1816 3850 1916 3928 ’άμφῦῐίθ
1985 3907 1986 3968 γ

356 3947 454 4012 μουτοῦ
463 3941 581 3996 οίκιστοῦ.
593 3943 677 4000 FLM.
1183 3963 1232 4000 οιν.
1245 3947 1309 4001 LM.

395 4027 454 4078 ιοθ.
471 4022 634 4096 Βοιωτιάζιι]
652 4021 684 4077 τά
703 4028 753 4078 τῶν
769 4023 886 4092 θηόαίων
902 4028 997 4098 φρονεῖ.
1033 4025 1140 4080 Βοιωτοί
1221 4041 1279 4096 ιιρ.
1296 4023 1347 4094 Τήν
1363 4024 1406 4097 μίν
1419 4017 1463 4078 οῦν
1478 4021 1575 4096 άρχήν]
1593 4021 1625 4077 Ἦ
1638 4021 1702 4096 άρχή
1714 4021 1774 4076 όσία.
1794 4001 1916 4072 Ἐδνίῑίίίθ
1985 3973 1986 4002 ί

355 4100 404 4172 γάρ
415 4098 492 4156 οῦτοι.
506 4103 569 4158 LM.
1182 4101 1362 4176 πλημμελῆσαι
1375 4104 1430 4176 περί
1443 4103 1472 4158 τδ
1486 4103 1551 4176 ίερδν
1566 4105 1608 4158 καί
1619 4103 1665 4158 τίσι
1679 4099 1820 4175 τιμωρητίνῑ·
1850 4085 1915 4142 (Μ’

394 4179 564 4252 λπαγοριόω]
579 4180 635 4235 άντί
647 4185 692 4234 τοῦ
711 4180 838 4253 άγορεθω,
854 4185 868 4237 ό
882 4183 1021 4256 ἐπιλέγω.
1035 4183 1066 4240 F.
1183 4181 1223 4237 ἐπί
1235 4183 1265 4236 τδ
1274 4183 1344 4246 τέλος
1355 4186 1398 4252 τῆς
1412 4183 1553 4254 πολιορκίας
1567 4185 1737 4255 χωρητίον....
1748 4165 1915 4236 ώνκαίίίθθί”’

394 4275 453 4329 107.
470 4258 692 4330 Ἐγκαλίπτομαι]
713 4259 768 4313 ἐντί
782 4265 826 4314 τοῦ
847 4261 985 4334 κρίπτομαι
1004 4261 1046 4316 καί
1059 4263 1139 4317 σκάπω
1184 4266 1337 4335 παραδώσειν
1352 4263 1418 4336 αῦτῷ
1431 4264 1487 4326 τοῦς
1504 4263 1742 4336 πλημμελήσαντας·
1761 4256 1781 4311 εί
1792 4251 1814 4306 δέ
1825 4246 1863 4322 μὴ,
1878 4241 1913 4294 ³⁶¹¹

356 4337 476 4408 ἐμαυτόν·
489 4337 559 4392 οθδέν
568 4339 617 4409 γάρ
630 4357 673 4408 μοι
685 4337 754 4410 μέλει
767 4339 822 4411 περί
831 4340 935 4395 τοῦτων.
945 4341 1030 4398 FLM.
1183 4343 1328 4414 πορθητέον.
1368 4342 1472 4406 Ἄλλως.
1508 4339 1559 4408 Τήν
1573 4343 1712 4414 προαίρεσιν
1729 4337 1767 4392 καί
1776 4329 1815 4398 τήν
1827 4318 1912 4420 ἐθθψίίί·

391 4415 496 4487 Νομίζιι
506 4417 653 4488 ουμφίρειν]
666 4413 720 4470 οίον
730 4418 770 4470 ότι
780 4417 824 4471 οῦκ
833 4417 926 4489 όφείλιι
939 4418 1088 4482 όΦίλιππος
1100 4418 1140 4473 ἐπί
1182 4421 1235 4476 Ἧν
1247 4422 1296 4494 γάρ
1311 4423 1427 4494 πρόφασις
1439 4422 1468 4476 τό
1480 4423 1550 4490 δίκην
1559 4421 1728 4494 εἰσπράξασθαι
1741 4413 1798 4487 παρέ
1808 4415 1847 4464 τῶ*
1855 4403 1912 4460 3⁰²¹?

356 4493 385 4547 τό
398 4492 424 4547 ίν
438 4493 538 4566 Δέλφοιτ
548 4493 614 4566 ίτρδν
626 4495 668 4547 καί
680 4495 737 4558 τοίας
750 4497 848 4560 Φωκεῖς
859 4497 990 4552 ἐπιόαίνειν
1005 4497 1073 4560 ἐκτός
1088 4518 1139 4551 κοι-
1183 4502 1279 4554 σάντων
1292 4502 1346 4573 περί
1359 4501 1396 4554 τά
1405 4505 1449 4554 τοῦ
1463 4502 1520 4554 θεοῦ
1530 4501 1657 4572 χρήματα.
1670 4501 1731 4556 LM.

356 4575 399 4640 νῆς
412 4575 514 4645 γνώμης
527 4571 719 4644 Ἀμφικτυόνων.
732 4575 817 4632 FLM.
1222 4577 1386 4650 Ἐπεξελθὼν]
1395 4579 1450 4634 οἷον
1460 4580 1499 4634 ἐπὶ
1510 4583 1582 4652 πίρας
1590 4579 1669 4634 ἐλθὼν
1679 4580 1721 4631 τοῦ
1733 4575 1806 4646 ἔργον·
1817 4553 1912 4644 ΜΨ
1984 4611 1985 4620 ÷

391 4651 449 4706 Ὅτι
460 4654 482 4704 δ’
495 4651 576 4719 άληθῆ
590 4651 677 4725 λόγω]
691 4652 848 4727 ἐπανάληψις.
864 4653 924 4712 ΓΜ.
1183 4657 1390 4732 ἐκπολιορκήσας·
1405 4659 1542 4724 ἐπεξελθεῖν
1551 4658 1600 4732 γάρ
1612 4659 1710 4731 λήγουσι
1721 4655 1748 4709 τό
1761 4649 1797 4707 ἐπὶ
1805 4645 1861 4716 “W
1870 4647 1911 4688 Μ

390 4730 687 4805 Παράιεισινεθδοκιμεῖ]
702 4731 876 4796 άντίτοῦτοῖς
889 4732 1054 4805 εθφρονοῦσιν.
1070 4735 1100 4792 F.
1183 4737 1275 4794 ἐλθεῖν.
1286 4740 1325 4795 Μ.
1859 4795 1864 4812 ,

394 4827 453 4880 ¹09·
475 4809 520 4864 Ἐν
539 4813 640 4874 τακταῖς
655 4809 798 4882 ήμέραις]θ
813 4811 877 4866 ἐστιν
897 4811 922 4867 ἐν
940 4813 1008 4866 δυσίν
1022 4812 1138 4885 ήμέραις,
1218 4818 1381 4886 Βεόαιώσεις]
1392 4815 1450 4870 Ὅτι
1463 4817 1504 4870 καί
1516 4816 1623 4886 Θηόαῒοι
1636 4809 1813 4886 ἐτιλημμέίθσῦν
1824 4791 1910 4884 ῦῑίίῷἷί

354 4888 398 4940 ίνα
417 4887 529 4962 ἐκκλείσῃ
549 4889 590 4942 διὰ
610 4894 655 4944 τοῦ
675 4892 766 4962 τάχους
784 4891 825 4944 καί
841 4893 897 4954 τοῦς
910 4889 1000 4954 άλλους
1013 4891 1140 4960 Ἕλληνας
1184 4897 1330 4959 κίαςκαίτδ
1344 4896 1419 4968 ἱερόν.
1459 4896 1584 4968 ’Ἐμελλεν
1599 4893 1642 4951 οῦν
1657 4877 1909 4990 mmmmm}

356 4965 439 5020 ἐλθεῖν
450 4967 492 5019 καί
503 4969 686 5026 ονσπιίσασθαι.
723 4971 785 5034 Τοίις
802 4969 847 5038 τήν
862 4971 960 5043 είρήνην
976 4971 1002 5026 δέ
1016 4971 1139 5026 ίκκλείον-
1185 4974 1349 5048 ἐγκλημάτων
1364 4977 1420 5039 τοίις
1437 4976 1538 5039 Φωκάας
1552 4978 1640 5049 μόνους
1653 4943 1901 5048 ιιοιταστριήίμῑίθίχζ1

356 5065 399 5106 τας
410 5041 464 5097 οίον
479 5043 512 5116 μή
533 5045 623 5110 ἐῶντας
637 5046 735 5120 είρήνην
754 5053 881 5122 γενίσθαι·
904 5051 933 5104 οῦ
949 5055 1002 5114 τοῖς
1015 5052 1100 5122 λόγοις
1113 5055 1140 5108 δί
1183 5057 1210 5111 δέ
1222 5055 1356 5128 ἀπαλλαγὴ
1372 5061 1415 5110 τοῦ
1425 5055 1581 5128 ἐγκλήματος
1591 5055 1717 5128 βεόαίωσιν
1728 5049 1789 5120 ίφερν
1803 5033 1908 5105 τῆίίίίίως

356 5141 445 5196 φησιν,
459 5121 525 5175 άλλὰ
540 5129 593 5187 τοῖς
606 5129 722 5197 χρόνοις,
737 5131 860 5185 τουτίστιν
876 5130 905 5184 οθ
920 5131 1001 5204 ψιλοῖς
1013 5132 1136 5204 ῥήμασιν,
1183 5136 1216 5197 ὡς
1230 5133 1307 5208 όρθρδς
1319 5135 1448 5206 πραχθείη.
1463 5137 1548 5190 FLM.

357 5201 474 5257 ἃλλὰθῑέ
487 5202 1139 5282 τθϋείπεῖθὼςἐνδίοίιριέραιςίθείβουλειίσαοθαι,ίί
1219 5209 1441 5284 Παρ’ὤν-χάριν]
1455 5213 1486 5264 Ἦ
1494 5210 1680 5283 σύνταξιςπαρίι
1690 5179 1907 5262 τοιίτωνοιίιιόννίίίίΙ
1983 5245 1984 5298 γ

358 5281 409 5336 ἐστι
423 5281 558 5353 συντόμως.
574 5281 673 5338 ΗΒΚ·
1184 5294 1256 5363 χάριν
1271 5291 1308 5355 οίς
1320 5295 1426 5362 βοηθεῖς.
1437 5293 1521 5350 FLM.
