4032 6094
652 455 704 514 lv.
729 453 831 512 ΚΑΤΑ
853 450 1047 516 ‘mulum'
1069 457 1104 516 Α.
1614 479 1671 530 555

67 587 229 650 κατασκευῆς.
270 601 317 648 ,ην
334 583 382 654 γάρ
397 584 511 655 πρότασιν
530 583 555 636 ἓν
570 589 605 656 τῷ
618 589 654 654 νῷ
672 583 745 636 ἔλαθε
764 579 807 646 τὴν
821 579 847 633 ἰκ
891 578 925 642 εἰς
947 601 973 634 τε
995 585 1136 655 νεωτέρους,
1154 585 1187 656 μὴ
1205 587 1298 652 εἰδότας
1313 589 1343 644 τά
1363 592 1454 644 παλαιά
1471 595 1512 646 καί
1532 594 1673 665 ὀφείλοντας

69 669 121 714 τῶν
134 662 255 732 γερόντων
268 662 407 732 μέλλουσαν
423 661 488 732 αύτῷ
505 662 681 732 προτείνεσθαι.
723 659 764 722 Ἐξ
781 659 847 712 άντι-
891 657 951 712 αύτά
962 663 1027 732 παρδι
1039 671 1087 717 τῶν
1099 667 1263 737 πρεσόυτέρων
1279 672 1420 739 μανθάνειν,
1436 672 1477 725 καλ
1495 673 1527 735 εἰς
1540 677 1670 746 γέροντας,

68 741 201 800 πίπτοντος
213 738 241 791 τδ
253 740 391 809 προοίμιον.
433 737 626 809 λντίπιπτεγάρ
636 737 848 810 Makna&
892 737 984 801 είδύτας
1000 741 1043 809 μὲν
1060 741 1091 795 τίι
1104 743 1211 808 παλαιά,
1225 747 1362 818 χρῄζοντες
1382 747 1486 820 δὲθμως
1501 750 1543 802 καί
1562 750 1671 822 ἀναμνῆ-

69 817 117 882 τήν
129 817 226 884 ἡλικίαν
241 817 317 888 λέγει.
355 819 411 870 Δύει
426 813 470 870 ούν
485 818 525 870 διά
537 823 580 870 τοῦ
592 818 673 888 λέγειν
688 819 726 870 δτι
738 817 792 888 περί
802 837 849 870 πα-
892 835 961 879 σεως.
974 821 1025 874 ΒΡ.

69 897 149 948 λαιῶν
158 897 308 966 πραγμάτων
322 895 338 962 ἡ
350 898 445 967 σκέψις,
459 897 514 968 περί
526 893 562 950 ὧν
579 895 650 950 εἶπον
661 897 701 949 καί
713 896 737 948 οἱ
748 901 847 967 πρῶτοι.
928 902 978 962 40,
999 915 1042 954 20.
1066 897 1172 968 Ἧλίιιην
1186 905 1240 956 ποτ’
1259 904 1384 977 ἐχόντων]
1403 905 1472 959 Ἐπεί
1485 907 1594 977 περιδεὴς
1614 907 1643 976 ἦν
1659 912 1673 964 θ

72 977 131 1028 ΑΗ.
141 975 179 1028 To
188 975 315 1046 προοίμιον
327 974 475 1040 ἐξενήνεκται
485 975 546 1028 κατά
561 975 589 1028 τ“υ
599 975 663 1046 παρά
675 981 728 1037 τοῖς
737 973 849 1046 ῥήτορσιν
892 977 970 1048 δῆμος
983 979 1023 1030 διὰ
1039 976 1084 1044 τῆν
1100 985 1143 1034 τοῦ
1156 981 1280 1036 Φιλίππου
1299 984 1411 1054 δύναμιν,
1430 983 1456 1036 έκ
1477 988 1673 1059 παραδείγματος

73 1053 201 1106 ἀντίθετον
215 1051 367 1123 καλούμενον
382 1057 479 1124 σχῆμα.
492 1055 518 1109 S.
892 1053 921 1106 εδ
936 1055 1032 1126 θαρρεῖν
1051 1056 1133 1119 αὐτοῖς
1150 1057 1291 1129 ἰπορίσατο·
1310 1060 1351 1112 καί
1370 1059 1418 1130 γάρ
1438 1063 1625 1134 Λακεδαιμόνιοι
1644 1063 1673 1116 ού

111 1135 154 1194 40,
168 1148 195 1184 2.
214 1129 356 1203 Ἐπισχίυν]
367 1131 412 1184 Διά
422 1135 465 1184 τοῦ
477 1131 585 1202 ἰπισχίυν
600 1129 688 1192 ἔδειξεν
699 1131 732 1193 ὡς
745 1131 786 1184 καλ
795 1131 850 1182 τότε
894 1135 1036 1205 μικρότερον
1049 1139 1093 1190 τοῖν
1111 1137 1251 1200 Μακεδόνος
1271 1137 1374 1210 ἰσχυσαν
1389 1139 1450 1193 κατά
1464 1145 1512 1211 γῆν
1529 1161 1556 1196 τε
1577 1143 1619 1196 χαλ
1630 1145 1673 1196 θά.

73 1209 145 1280 μόλις
158 1206 213 1279 εἶχε
227 1213 371 1280 καρτερῆσαι
383 1207 416 1281 μὴ
437 1210 494 1281 ύπίρ
512 1217 560 1264 τῶν
574 1210 744 1280 συμφερόντων
758 1214 852 1279 πρῶτος
893 1209 997 1264 λασσαν.
1013 1213 1042 1268 P.

73 1287 167 1351 εἰπεῖν,
181 1287 206 1342 ἰιι
219 1291 355 1358 μεταφορᾶς
366 1295 414 1342 τῶν
431 1289 636 1360 προθυμουμένων
650 1287 732 1341 ἵππων
747 1288 849 1358 δραμεῖν
929 1292 980 1353 40,
995 1306 1040 1344 21.
1059 1287 1094 1343 (δύ
1107 1293 1211 1364 χρόνος]
1227 1292 1282 1345 Ἵνα
1295 1293 1329 1364 μῆ
1343 1313 1378 1354 τις
1390 1291 1460 1364 είπῃ,
1479 1293 1555 1346 πάλαι
1568 1300 1674 1348 τοιοῦτον

73 1366 116 1418 καί
125 1365 288 1438 ἰπεχομένων.
299 1366 376 1421 TCV.
894 1363 966 1436 ἦμεν,
982 1372 1024 1422 νῦν
1038 1369 1064 1423 δὲ
1075 1369 1089 1422 ό
1101 1371 1190 1441 χρόνος
1200 1371 1291 1439 ἤλλαξε
1305 1372 1335 1426 τά
1348 1374 1494 1443 πράγματα,
1510 1375 1670 1443 προσέθηκεν,

110 1449 158 1508 40,
175 1445 201 1497 3.
221 1443 254 1497 Εἰ
275 1443 318 1516 μὲν
331 1443 417 1515 ἤρεσκε
435 1445 459 1498 τί
478 1445 539 1515 μοι]
557 1444 602 1496 Διά
616 1447 659 1497 τοῦ
682 1443 757 1500 εἰπεῖν
778 1447 851 1498 τοῦτο
895 1441 919 1504 ἰξ
935 1438 964 1496 ού
979 1447 1067 1516 χρόνος
1080 1447 1108 1500 ού
1124 1448 1208 1510 πολύς.
1225 1451 1275 1502 FP.

74 1520 155 1590 κριτὴν
169 1528 218 1574 τῶν
237 1523 431 1592 προγενεστέρων
450 1520 565 1583 ἐπέδειξεν
579 1521 674 1574 ἑαυτόν.
695 1523 770 1576 TCP.
808 1523 850 1592 Τῷ
930 1527 979 1588 41,
995 1541 1021 1576 2.
1040 1524 1102 1578 Ούτε
1114 1525 1320 1598 φυλαττομένοις]
1336 1528 1417 1580 Δείπει
1430 1523 1475 1590 τὴν
1488 1525 1615 1599 ῥᾳθυμίαν·
1631 1529 1674 1584 ἰάν

75 1605 184 1670 μερισμῷ
195 1600 236 1652 καί
247 1599 405 1672 ύπομερισμῆι
417 1599 528 1670 σχῆματι
540 1601 657 1670 κέχρηται
670 1599 782 1652 ἐνταῦθα.
809 1599 851 1651 Es·
894 1601 1056 1670 φυλάττησθε,
1066 1605 1134 1673 ρηαί,
1143 1605 1185 1657 καί
1193 1605 1324 1676 έκρεύγητε
1333 1603 1419 1669 αύτήν,
1429 1603 1496 1658 ούδὲν
1504 1605 1562 1674 ύμῖν
1569 1607 1673 1679 ρούερθν

74 1678 127 1730 πῶν
140 1677 187 1748 γάρ
202 1679 243 1731 τὀν
261 1678 303 1749 μίν
317 1678 369 1730 ἀνω
380 1678 513 1748 σύνδεσμον
523 1676 566 1730 υύκ
578 1677 700 1748 ἰπῆγαγεν
714 1679 797 1742 εύθέως
809 1680 852 1732 τδν
896 1677 973 1734 ἰσται.
1010 1682 1118 1752 Σημεῖον
1133 1682 1158 1736 δί
1171 1683 1258 1736 τούτου
1271 1683 1287 1750 ῆ
1301 1683 1498 1752 Δακεδαιμονίων
1514 1683 1629 1755 δύναμις,
1647 1681 1675 1752 ἧς

76 1757 117 1820 δέ,
130 1756 194 1808 ἀλλά
206 1757 284 1810 όλλον
299 1758 352 1828 μέν.
392 1755 463 1809 Ἐστι
473 1755 549 1826 γάρό
561 1756 676 1827 μερισμός
689 1757 729 1808 καί
742 1757 862 1828 ύπομερω
896 1757 1017 1828 ἐκρατεῖτε
1030 1759 1057 1812 ἰκ
1071 1765 1114 1814 τοῦ
1125 1763 1250 1831 προσέχειν
1263 1764 1316 1823 τοῖς
1329 1761 1455 1831 πράγμασι
1468 1761 1511 1813 τδν
1526 1767 1592 1815 νοῦν.
1613 1767 1671 1818 ΑΗ.

75 1833 145 1902 σμθς,
154 1833 212 1885 όταν
221 1831 514 1902 εἰπὼνδίομένάνάγκην
527 1831 639 1905 ἕχῃπρδς
648 1832 678 1884 τὰ
689 1833 731 1885 δύο
740 1836 782 1903 μέν
794 1833 853 1889 ἀπο-
931 1839 979 1900 41,
1003 1835 1107 1890 3.οἰον
1130 1839 1178 1908 ἀν]
1193 1837 1316 1909 Εύρῆμως
1334 1837 1393 1891 αύτδ
1415 1835 1469 1892 εἷπε
1482 1840 1557 1906 πάνυ,
1574 1844 1674 1911 ράσςων

75 1911 159 1962 δοῦναι
172 1912 215 1964 δύο
228 1911 329 1982 δί,θπερ
341 1909 393 1964 ἔστι
404 1912 445 1964 καί
457 1909 561 1964 ἐνταῦθα
574 1911 663 1982 εύμεῖν.
683 1911 748 1983 Ὅρα
767 1913 854 1975 δέπῶς
896 1909 949 1964 οἷον
968 1915 997 1966 ἀν
1014 1915 1084 1986 ύμεῖς
1104 1915 1240 1986 βούλησθε,
1265 1917 1375 1970 τουτέστι
1393 1917 1445 1986 μετ’
1463 1915 1548 1988 ἀργίας
1568 1924 1673 1988 νικῆσαι.

74 1989 148 2042 πόλιν
167 1987 308 2050 ἀξιοπίστως
321 1986 376 2042 εἷπε
396 1988 522 2060 τθῆρεσκί
543 2008 599 2060 μοι,
622 1989 701 2044 ύίστι
718 1997 753 2062 τῷ
769 1989 854 2064 ἀγαθῷ
895 1991 975 2046 ch.
1272 1981 1282 1994 ⁸
1698 2029 1701 2038 ·

75 2067 222 2138 συμόούλεμ,
236 2065 316 2136 ἀγαθὴ
329 2065 536 2137 συμόυυλευθεῖσα
550 2066 636 2137 βουλῆ.
673 2069 708 2121 Tb
728 2068 755 2122 δί
767 2073 854 2141 σχῆμα
931 2075 980 2135 41,
995 2075 1022 2134 4.
1042 2072 1242 2146 Παραδείγμασι]
1255 2073 1313 2144 πρδς
1328 2074 1357 2127 εδ
1377 2073 1445 2126 υύδίν
1460 2074 1519 2146 ύμῖν
1538 2074 1590 2130 ἰστί
1602 2079 1675 2147 ροόε·

76 2145 148 2197 τοῦτό
160 2143 209 2196 ἔστι
222 2144 263 2196 καί
276 2143 340 2214 παρὰ
354 2148 488 2218 τῷποιητῆ
504 2145 551 2216 (u,
569 2163 593 2210 1,
606 2147 679 2212 225)·
897 2150 948 2219 ρόν.
962 2150 1043 2206 TCV.

139 2271 216 2336 Χαῖρ’,
229 2271 327 2334 Ἀχιλεῦ·
338 2273 415 2330 δαιτός
427 2273 468 2336 μὲν
478 2273 544 2332 ίίσης
555 2273 598 2323 ούκ
607 2273 715 2330 ίπιδευιῑς
931 2228 1086 2301 Χέωίένοῑῖἰ
1110 2230 1151 2284 ἰὰν
1173 2231 1199 2286 δὲ
1216 2231 1292 2302 λωθίί
1309 2234 1353 2284 τῦῦ
1367 2251 1391 2294 τ,
1410 2231 1469 2302 πρὸς
1486 2231 1514 2285 τό
1532 2231 1575 2285 ἵνα
1595 2233 1675 2301 εἰδῆτε

137 2343 235 2405 ἡμλνίνλ
246 2343 336 2406 κλισίῃ.
345 2343 417 2393 Τῦλί.
896 2324 1029 2448 χρίῖίῗνίςι
1042 2310 1230 2457 fflhsspu]
1247 2385 1309 2438 Ἄνω
1323 2385 1367 2455 μέν
1383 2387 1424 2438 δτι
1442 2385 1512 2456 ίλεγι
1529 2388 1583 2457 περί
1598 2389 1675 2442 θακε·

113 2468 158 2527 40,
180 2467 207 2528 4.
231 2461 352 2534 Ἠευχίαν
366 2457 448 2534 ἦγον]
463 2461 498 2516 Τό
512 2457 570 2530 ἦθος
587 2463 615 2516 τδ
628 2461 704 2516 οἰκεῖν
719 2465 851 2530 δείκνυσιν,
897 2461 1041 2534 δαιμονίων,
1056 2465 1140 2535 ῥώμην
1166 2462 1249 2517 εἶπεν·
1267 2461 1370 2516 ἐνταῦθα
1389 2464 1431 2528 δέ,
1448 2464 1528 2532 ἐπειδὴ
1546 2466 1610 2520 θέλει
1632 2487 1675 2520 τα-

75 2545 110 2603 ῶς
120 2541 147 2594 ού
157 2542 291 2612 ριλόνεικυς
301 2545 353 2604 τοῖς
363 2541 443 2604 καλῶς
453 2541 604 2612 λεγομένοις.
619 2545 695 2598 TCP.
897 2547 994 2596 πεινοῦν
1006 2544 1048 2597 τδν
1062 2545 1208 2608 Μακεδόνα,
1223 2543 1290 2614 ύόριν
1302 2541 1366 2596 εἰπε.
1404 2544 1471 2596 Πάνυ
1485 2543 1510 2598 δέ
1525 2549 1598 2597 τοῦτο
1609 2545 1676 2614 ἔχθι·

113 2627 160 2686 40,
184 2621 210 2674 5.
238 2621 313 2684 Αύτδς
337 2620 491 2692 έπειρόιμην]
507 2621 552 2674 Διά
579 2627 623 2676 τού
645 2623 781 2695 ἐπειρώμην
799 2624 854 2678 έτα-
897 2639 955 2673 στυν
976 2625 1028 2683 τοῖς
1054 2621 1198 2688 Ἀθηναίοις·
1217 2621 1258 2674 καλ
1277 2621 1325 2693 γάρ
1343 2621 1478 2692 ἰλενθερίας
1497 2621 1613 2693 ἔργασταί
1633 2643 1676 2676 κα·

75 2702 178 2756 mevam
191 2701 234 2754 τδν
252 2701 341 2771 λόγον,
357 2701 391 2763 ίυς
412 2699 440 2754 ού
457 2703 553 2764 πάντως
568 2702 628 2772 ἰρῶν
647 2702 678 2755 τὰ
692 2705 852 2774 συμφέροντα.
898 2699 1073 2765 θειστῆκεισαν.
1090 2702 1171 2754 TCV.

75 2782 153 2834 TCP.
933 2778 1056 2841 Εύτελίζει
1068 2779 1142 2834 πάλιν
1157 2780 1199 2832 τδν
1211 2777 1336 2832 Φίλιππον
1351 2777 1392 2830 διά
1405 2781 1448 2831 τού
1461 2779 1529 2849 ύόριν
1544 2782 1621 2851 μόνον
1633 2801 1676 2834 κα-

113 2863 160 2922 40,
175 2863 202 2914 6.
220 2855 318 2922 Ἐπειδὴ
332 2857 375 2929 δὲ]
392 2857 531 2924 ίίατασιιενὴ
543 2862 587 2911 τοῦ
600 2861 739 2930 προοιμίου.
756 2862 787 2915 Ρ,
898 2854 967 2908 λέσαι
978 2855 1051 2910 αύτοῦ
1063 2857 1091 2910 τδ
1105 2860 1220 2928 πρᾶγμα,
1232 2856 1289 2908 ἀλλ’
1301 2855 1359 2926 ούχί
1370 2855 1489 2926 πόλεμον,
1504 2857 1546 2908 καλ
1559 2858 1611 2927 ἅμα
1622 2859 1677 2920 τούς

113 2934 185 2988 θύεοι
204 2937 340 3007 πρότερον]
355 2935 390 2989 Tb
407 2940 495 3008 σχῆμα
513 2937 644 3002 δεικτικὸν,
668 2937 806 3009 ροολισμοῦ
828 2939 855 2991 δλ
901 2931 1036 3001 Ἀθηναίους
1049 2935 1107 3006 πρδς
1119 2936 1227 3008 πόλεμον
1239 2935 1388 3006 διηρέθισεν,
1406 2925 1443 2994 οἷς
1454 2932 1522 2987 ούδίν
1535 2937 1678 3005 ἐπαχθέστε-

76 3017 228 3086 ἐιιραντικόν.
243 3018 272 3072 Ρ.
898 3031 940 3082 ρον
955 3017 997 3080 τῆς
1007 3013 1105 3085 ύόρεως.
1119 3017 1149 3069 Β.

114 3098 161 3160 40,
172 3095 198 3148 θ.
212 3091 520 3165 Συγγνώμηςινγχάνειν]
534 3093 617 3148 Καίτοι
629 3093 796 3156 άποδείξαςύις
808 3094 855 3164 σύχ
934 3099 984 3154 41,
1005 3093 1032 3145 8.
1051 3090 1084 3144 Εἰ
1096 3093 1122 3146 δέ
1141 3110 1176 3153 τις
1191 3089 1276 3162 ύμῶν]
1292 3085 1400 3154 Εἰσόολθ
1419 3088 1481 3142 κατὰ
1500 3089 1528 3142 εδ
1546 3090 1678 3160 κεφάλαιον

76 3172 209 3240 άμαρτάνει
220 3169 260 3222 διά
272 3171 301 3224 τό
312 3173 521 3241 ταπεινοφρονεῖν,
537 3174 686 3242 συγγνώμην
702 3171 731 3226 εδ
745 3178 855 3226 τοιοῦτον
898 3167 927 3222 τίι
942 3170 1054 3222 δυνατόν.
1070 3173 1126 3224 ΑΒ.

77 3249 159 3302 καλεῖ.
174 3249 249 3302 TCP.
934 3247 964 3299 Εἰ
975 3250 1042 3310 δέτις
1053 3249 1122 3320 ύμῖν,
1133 3245 1245 3320 ὦάνδρες
1257 3247 1396 3318 Ἀθηναῖοι]
1410 3246 1486 3308 Ὅσας
1495 3245 1563 3300 οἰδεν
1576 3247 1590 3300 ό
1597 3247 1678 3320 ῥῆτωρ

115 3330 162 3389 40,
179 3342 220 3378 10.
229 3323 329 3394 Πρῶτον
342 3324 385 3397 μδν
397 3319 460 3396 ούν]
476 3325 520 3388 Εἰς
532 3326 561 3379 τό
573 3327 676 3380 δυνατδν
690 3333 785 3398 πρῶτον
798 3327 857 3382 εἰσέ-
900 3323 998 3396 ἰσχυράς
1009 3326 1151 3392 ἀντιθέσεις,
1164 3334 1260 3398 πρῶτον
1277 3327 1369 3380 τούτων
1382 3325 1450 3396 λέγει
1461 3324 1502 3387 τάς
1522 3325 1616 3389 λύσεις,
1631 3326 1678 3380 εἶθ’

77 3403 155 3466 όαλε,
171 3404 322 3473 μεμιγμένην
341 3408 372 3476 τῇ
390 3405 503 3475 νουθεσία
522 3403 567 3472 τῆν
580 3407 733 3477 παραμυθίαν
752 3409 855 3474 πυιησά-
898 3404 963 3457 ούτω
988 3406 1076 3476 σαθρός
1101 3405 1226 3468 ἀποδείξας
1246 3405 1319 3466 αύτίις
1344 3409 1470 3474 προφανῶς
1497 3404 1675 3474 προθάλλεται·

78 3499 160 3552 μείονι
176 3483 227 3534 FP·
898 3485 979 3554 ὥσπερ
990 3479 1034 3536 ούν
1048 3485 1089 3538 καί
1102 3485 1214 3542 ἐνταῦθα.
1252 3483 1303 3550 Τὴν
1317 3483 1343 3536 δί
1356 3481 1477 3536 ἀντίθεσιν
1491 3479 1536 3547 τὴν
1556 3487 1679 3554 παροῦσαν

118 3557 172 3612 ’aab
184 3560 308 3629 θεραπείας
321 3557 337 3626 ῆ
349 3557 448 3626 εἰσόολὴ
461 3566 509 3614 τῶν
522 3560 636 3632 άγώνων.
650 3563 681 3615 Β.
899 3557 933 3620 εἰς
949 3559 992 3612 δύο
1012 3563 1200 3626 κατασκευάζει,
1218 3555 1252 3621 εἰς
1268 3579 1294 3612 τε
1314 3556 1358 3622 τὴν
1370 3557 1456 3611 τούτου
1475 3557 1576 3628 δύναμιν
1590 3559 1630 3610 καί
1648 3559 1681 3622 εἰς

115 3640 162 3700 4ο,
183 3653 224 3690 12.
244 3637 301 3688 oea’
320 3636 342 3689 εἰ
361 3639 423 3692 πάνυ
441 3638 553 3710 ραύλως]
572 3637 628 3694 ‘Aah
648 3640 773 3709 θεραπείας
792 3642 856 3703 τινός
900 3633 944 3702 τὴν
970 3637 996 3690 ἔκ
1016 3641 1060 3703 τῆς
1079 3637 1168 3700 οἰκείας
1195 3635 1318 3698 ἀσθενείας
1339 3639 1388 3688 τῶν
1417 3633 1580 3702 Ἀθηναίων’.
1617 3639 1680 3692 Εἶτα

78 3715 182 3784 ἐχούσης
191 3713 269 3767 αἰτίαν
278 3719 322 3767 τού
332 3713 365 3786 μὴ
375 3717 426 3768 δεῖν
439 3715 540 3790 ἀθυμεῖν
551 3721 594 3774 τῆν
605 3715 717 3782 εἰσθυλὴν
731 3725 779 3772 τῶν
790 3718 857 3790 ἀγεύ-
901 3715 997 3782 ἰπειδὴ,
1011 3715 1033 3769 εἰ
1052 3715 1093 3768 καί
1111 3715 1142 3768 τά
1156 3716 1264 3785 μάλιστα
1278 3715 1356 3768 έδόκει
1374 3713 1490 3766 λελύσθαι
1508 3713 1523 3782 ῆ
1544 3715 1677 3782 ἀντίθεσις,

77 3811 128 3844 νων
146 3790 286 3858 έποιῆσατο,
322 3793 367 3846 Aa:
381 3798 424 3846 τοῦ
440 3793 527 3860 εἰπεῖν,
542 3793 586 3848 ούκ
607 3794 753 3866 ἀθυμητέον,
769 3797 819 3849 ούδ·
837 3797 859 3850 εἰ
900 3795 967 3864 ὅμως
981 3793 1017 3848 ἔτι
1030 3793 1121 3864 σροδμθ
1133 3789 1174 3860 ἦν,
1187 3791 1232 3860 τὴν
1247 3793 1290 3866 μέν
1305 3791 1383 3864 ἀρχὴν
1402 3794 1525 3864 συντρέχει
1539 3800 1574 3866 τῷ
1588 3794 1678 3850 ἀντιτι-

77 3873 142 3926 πάνυ
154 3870 251 3942 φαύλως
264 3869 331 3941 ἰχειν
345 3872 426 3936 δοκεῖ,
439 3873 558 3926 δείκνυσιν
572 3873 713 3944 ύιςθαρρεῖν
733 3877 797 3945 χρῆ·
817 3875 858 3930 καί
900 3875 973 3928 θέντι.
1010 3873 1057 3926 Δεῖ
1065 3871 1113 3944 γὰρ
1126 3872 1169 3925 τόν
1180 3872 1271 3943 ῥήτορα
1284 3871 1324 3924 διά
1337 3871 1366 3924 τδ
1380 3868 1414 3942 μὴ
1435 3871 1516 3924 δοκεῖν
1533 3871 1620 3941 ἀναιδῆ
1638 3876 1679 3928 καί

76 3950 127 4022 γὰρ
143 3949 194 4009 τοῖς
204 3947 236 4010 εἰς
244 3949 317 4018 άιιρον
329 3949 415 4014 ἥκουσι
425 3951 498 4004 νόσου
508 3955 581 4005 τοῦτο
592 3957 754 4024 παραινοῦμεν
768 3953 815 4008 ἀεί.
826 3957 856 4010 P.
901 3951 952 4011 τοῖς
971 3953 1097 4019 προφανῶς
1118 3947 1218 4016 ἀληθέσι
1234 3947 1362 4020 πολέμιον,
1380 3947 1419 4002 tra
1435 3953 1484 4001 τῶν
1499 3951 1615 4004 τοιούτων
1635 3950 1679 4016 τήν

116 4033 163 4090 4ο,
179 4027 221 4080 13.
242 4027 275 4080 Ὃ
285 4030 333 4099 γάρ
346 4030 397 4082 ἐστι
408 4029 547 4102 χείριστον]
563 4031 592 4084 t'o
606 4035 693 4102 effla
705 4033 770 4104 παρὰ
784 4053 858 4104 προσ.
902 4026 945 4097 μλν
959 4023 1038 4096 ἀρχὴν
1052 4025 1185 4090 ἐνδιδόναι,
1200 4025 1341 4080 τελευταῖον
1354 4026 1380 4080 δί
1398 4025 1439 4078 καί
1451 4024 1509 4096 ύπέρ
1521 4029 1563 4093 τῆς
1579 4029 1680 4099 συνδρο.

76 4107 174 4160 δοκίαν.
211 4105 242 4160 Οἱ
258 4104 285 4158 δί
299 4105 413 4176 λέγοντες
426 4105 538 4178 δεύτερον
558 4107 624 4161 εἰναι
644 4109 772 4180 προοίμιον
786 4115 859 4164 τοῦτο
902 4103 1145 4178 μῆςάπολογεῖαθαι.
1158 4106 1260 4160 va.

76 4187 192 4254 λέγουσιν
207 4181 272 4238 εἰναι
284 4183 434 4250 κατασκευὴν
447 4184 531 4240 αύτού.
546 4189 599 4240 ΒΡ.
937 4183 1145 4256 Δυσπολέμητον]
1161 4184 1349 4255 Δυσπολέμητον
1363 4180 1417 4236 εἷπε
1431 4182 1472 4234 καλ
1482 4181 1540 4254 ούχί
1551 4182 1679 4254 ἀκαταγιίι-

117 4266 167 4326 40,
193 4267 240 4326 14.Ι
260 4263 291 4315 Τί
313 4257 356 4316 ούν
371 4262 422 4316 ἔστι
445 4267 536 4336 τοῦτο]
559 4265 594 4317 Tb
618 4265 745 4337 ἐνθύμημα
763 4265 790 4320 ἐκ
816 4271 859 4320 τού
902 4283 994 4320 νιστον.
1035 4263 1064 4318 ‘0
1079 4262 1514 4337 μδνγάράκαταγώνιστοςούδέποτε
1532 4263 1646 4329 ίηττᾶται,
1666 4263 1680 4314 ό

78 4340 224 4410 παραδόξου.
237 4343 267 4394 Β.
283 4341 330 4394 Καὶ
343 4345 415 4395 τούτο
428 4343 457 4395 εδ
471 4341 598 4414 ἰνθύμημα
610 4341 724 4410 ιίληπται
743 4343 770 4398 ἐκ
782 4365 858 4416 παρα·
903 4343 929 4396 δέ
942 4344 1123 4415 δυσπολέμητος
1135 4345 1256 4414 δυσχερῶς
1272 4343 1326 4416 μθν,
1346 4344 1412 4414 ὅμως
1429 4341 1455 4395 δί
1473 4341 1676 4412 καταγωνίζεται·

78 4417 160 4480 δόξου.
200 4419 350 4490 Ὅδέρησι,
363 4421 475 4474 τοιοῦτόν
488 4421 564 4485 ἐστιν,
577 4421 700 4493 θύμᾶςίκ
713 4427 757 4476 τοῦ
770 4424 859 4493 παρελ·
903 4423 961 4492 ύπερ
973 4421 1076 4476 ἐνταῦθα
1088 4422 1166 4476 θέλων
1180 4421 1300 4492 ίιπσρῆναι
1311 4423 1437 4490 παρέθετο.
1448 4420 1529 4472 TCV.

78 4499 166 4558 θόντος
177 4497 267 4570 ἶόλαψι
280 4500 388 4568 χρόνου,
402 4502 475 4552 τοῦτο
489 4497 634 4571 ἀποθέμενοι
645 4501 719 4554 πάλιν
732 4501 860 4571 ὦρτληθη·
939 4505 989 4565 41,
1012 4519 1052 4556 ιο.
1073 4500 1217 4570 Λογισάσθω
1235 4501 1317 4570 μέντοι
1336 4499 1402 4552 τοῦθ’
1414 4499 1471 4568 ότι]
1487 4495 1616 4566 Συντρίχει
1629 4499 1681 4557 τοῖς

78 4575 189 4646 σόμιθα.
205 4579 236 4631 Ρ.
903 4578 1110 4650 ὁμολογουμένοις
1121 4578 1149 4631 τθ
1163 4579 1360 4648 σπουδαζόμενον
1374 4575 1480 4630 ἀνύσειν.
1494 4577 1552 4628 ΑΗ.

119 4659 163 4719 4ο,
182 4658 223 4710 ιθ.
236 4653 338 4709 Ἔπειτα
347 4655 494 4726 ἐνθυμητέον
503 4657 512 4728 ]
521 4656 621 4728 Δεῖγίιρ
633 4657 688 4718 τούς
696 4657 751 4726 ἀρτι
763 4655 862 4709 ἀκούον-
939 4660 969 4720 41
981 4695 989 4720 ,
1008 4661 1048 4719 14.
1070 4656 1172 4727 ίίύκλιμ]
1188 4655 1255 4716 Τινές
1268 4673 1339 4725 φασιν
1353 4655 1401 4718 ότι,
1415 4651 1497 4718 ἰπειδῆ
1512 4649 1574 4717 ἀκτῆ
1586 4651 1678 4703 ἔστινό

79 4753 124 4795 τας
137 4736 265 4788 κατανοεῖν
281 4735 323 4787 καί
337 4733 492 4804 ίνθυμεῖσθαι
505 4735 559 4804 περί
574 4741 622 4788 τῶν
635 4735 795 4805 πραγμάτων,
806 4734 862 4795 τούς
904 4737 992 4798 τόπος,
1006 4735 1047 4786 διὰ
1058 4739 1131 4788 τοῦτο
1144 4731 1198 4788 εἰπε
1210 4734 1239 4787 τδ
1252 4733 1349 4805 κύκλῳ·
1365 4731 1389 4786 οί
1400 4733 1427 4786 δί
1444 4733 1483 4786 θτι
1494 4728 1575 4796 ἐπειδὴ
1598 4728 1623 4782 έν
1638 4729 1679 4781 κύ-

79 4813 109 4866 δὲ
123 4811 216 4874 εἰδότας
226 4811 266 4864 διίι
278 4815 319 4878 τῆς
332 4811 429 4882 μνῆμης
443 4811 604 4874 ἀνακαινίζειν
617 4812 647 4877 τὰ
658 4813 818 4882 γεγενημένα.
829 4813 858 4868 P.
905 4814 957 4885 κλῳ
970 4807 1041 4866 αὗται
1055 4811 1156 4866 ἰκειντο.
1171 4813 1272 4866 ΤΕΠ.

78 4891 118 4944 Τδ
132 4891 175 4962 μὲν
189 4890 316 4945 ἀκούουσιν
328 4891 521 4963 ἐνθυμουμένοις,
533 4892 561 4946 τδ
574 4892 600 4946 δὲ
615 4891 704 4945 εὐδόσιν
722 4889 860 4962 ἀναμιμνη·
940 4895 988 4956 41,
1007 4908 1047 4958 ¹7·
1068 4888 1097 4942 Εἰ
1108 4889 1208 4960 τοίνυν]
1224 4889 1284 4942 Καθ’
1297 4887 1409 4942 ύπόθισιν
1422 4885 1450 4939 εδ
1460 4889 1556 4956 σχῆμα.
1572 4887 1625 4938 ΒΡ.

80 4971 219 5040 σκομένοις.
235 4971 265 5023 Ρ.
940 4974 989 5034 41,
1007 4985 1048 5038 19.
1072 4965 1294 5038 Ἐπιτειχίσματα]
1313 4966 1485 5036 Ἐπιτείχισμα
1494 4966 1567 5026 τόπος
1578 4963 1678 5034 ύψηλδς,

120 5055 168 5113 40,
187 5067 229 5118 19.
244 5049 428 5122 Ἐνθυμητέον]
444 5049 529 5112 ἰίαλῶς
543 5049 651 5120 ἰπῆγαγε
665 5053 736 5102 τοῦτο
748 5049 776 5102 τό
787 5039 862 5121 παρά·
904 5049 932 5100 θν
945 5049 974 5100 ἀν
988 5045 1212 5116 προκαταλαθόντες
1221 5044 1334 5116 πολέμιοι
1347 5045 1488 5114 τειχίσειαν,
1508 5041 1547 5095 διθι
1560 5041 1588 5096 τδ
1600 5041 1680 5095 ἐντεῦ-

80 5129 186 5197 δειγμα
204 5125 302 5180 εἰώθασι
315 5127 362 5198 γάρ
376 5129 400 5181 οἱ
414 5129 536 5200 ἀνθρωττοι
552 5128 593 5182 διίι
611 5133 659 5181 τῶν
673 5127 766 5198 όμοίων
784 5130 862 5196 παθη·
906 5129 946 5180 θεν
959 5125 1044 5188 αύτούς
1054 5124 1209 5196 ὁρμωμένους
1220 5123 1365 5178 ἐπιτίθεσθαι
1374 5126 1425 5184 τοῖς
1437 5121 1542 5192 ἐχθροῖς.
1556 5151 1591 5162 -
1603 5117 1682 5173 Ἐκεῖ·

79 5206 168 5274 μάτων
190 5205 401 5276 ἰπελαυρύνεσθαι.
439 5207 537 5278 θίερίζει
556 5207 581 5260 δὲ
602 5207 643 5262 τὀν
660 5207 737 5276 λόγον
754 5206 786 5269 εἰς
808 5207 861 5274 δύο,
906 5227 946 5269 νος
964 5201 1007 5259 ούν
1024 5204 1064 5257 διὰ
1076 5203 1104 5258 τδ
1117 5206 1200 5258 ποιεῖν
1216 5203 1272 5274 πρδς
1285 5204 1362 5270 ζῆλον
1381 5209 1427 5256 τῶν
1446 5201 1575 5270 Ἀθηναίων
1588 5199 1681 5253 έπαινεί·
1765 5193 1773 5212 “
