4114 6088
717 369 756 427 ίι.
779 366 1031 430 οΛΥΝΘΙΑΚοΣ
1051 371 1084 432 Β.
1664 383 1720 432 ονε

113 496 144 550 τδ
162 495 306 552 ἀντιπῖπτον
323 496 528 569 ὑποτεμνόμενος·
550 496 593 548 ἵνα
608 495 656 568 γάρ
673 497 756 568 μῆτις
769 497 842 572 εἴπῃ,
855 498 897 552 καί
941 496 1074 556 ἀντίθεσιν.
1111 500 1153 564 Τίς
1170 494 1247 568 ούνίγ
1270 499 1400 571 πρύφασιςς
1417 499 1527 554 είωθενύ
1547 501 1718 572 Δημοσθένης,

112 577 139 631 τί
147 577 290 648 λυμαίνεται
299 581 376 632 ταῦτα
387 576 461 630 αύτοῦ
473 575 517 642 τὴν
527 576 644 648 δύναμεις
657 575 741 649 ἐπάγει
752 579 791 630 δτι
804 579 896 650 δεῖγμα
940 577 1000 632 ίνθα
1013 580 1042 630 άν
1064 577 1143 652 ἀπορῇ
1166 579 1258 642 λύσεως
1278 579 1336 652 πρδς
1352 579 1488 644 ἀντίθεσιν,
1509 578 1542 651 μὴ
1556 577 1629 652 ψιλὴν
1646 579 1721 648 αύτὴν

110 658 157 721 τῆς
174 655 363 725 κακοδαιμονίας
371 653 445 708 αύτοῦ
457 652 521 707 ἐστιν
535 653 569 716 ὡς
577 653 616 706 ύτι
629 652 683 723 ίχει
693 660 830 726 μηνιιῖιντας
840 656 897 718 τούς
939 658 1045 724 τιθέναι,
1057 658 1125 712 ἀλλά
1138 659 1193 712 κατ’
1206 658 1293 730 ὀλίγον
1303 658 1448 724 πλατύνειν,
1462 660 1508 721 ἕως
1520 661 1549 712 ἀν
1568 657 1633 734 λάθη
1645 657 1721 714 τοιοῦ-

110 735 189 796 θεούς·
202 732 265 796 ιίκδς
276 733 324 804 γάρ
337 734 393 795 τούς
404 733 492 805 μίμους
502 731 543 786 καλ
554 730 588 795 είς
600 733 655 795 τούς
674 735 812 804 κρείττονας
829 735 892 792 ἀπο·
939 737 982 791 τέν
994 757 1018 792 τι
1034 737 1159 808 προσθείς,
1171 735 1195 800 ἐξ
1206 734 1235 792 ού
1244 737 1347 810 λῆψεται
1357 735 1402 804 τὴν
1412 736 1523 810 ἀφορμὴν
1533 742 1576 806 τῆς
1587 738 1691 802 λύσεως·
1706 742 1721 791 ὀ

109 815 241 868 σκώπτειν.
255 814 399 868 BRSTCV.
939 815 969 882 δὴ
984 815 1108 870 κάνταῦθα
1121 817 1262 884 πεποίηκεν.
1301 817 1351 870 Ἦν
1367 815 1441 887 γάρίγ
1456 816 1501 888 μέν
1516 815 1635 879 ἀντίθεσις
1650 839 1661 868 ν
1682 816 1720 870 εύ-

148 893 193 956 23,
206 896 251 948 26.
265 891 324 952 Τοῖς
334 886 362 944 εύ
373 891 517 962 φρονοῦσιν]
533 891 688 962 σωφροσύνης
707 891 837 960 Ἀθηναίων
850 893 894 964 ίμ·
938 893 1011 963 τυχίςς
1029 895 1192 958 θΦίλιππος·
1213 917 1224 944 ν
1245 894 1289 948 ούκ
1309 894 1375 965 ἔχων
1398 895 1425 948 δὲ
1444 895 1517 948 λῖνσαι
1536 896 1642 964 ταύτην,
1667 898 1720 950 κατ’

107 989 185 1041 φασιν
198 969 278 1042 ίχειῆ
291 969 362 1033 λέξις.
379 973 411 1026 Β.
430 971 509 1023 Τοῦτο
521 969 562 1022 διά
575 970 618 1023 τδν
630 972 719 1042 δῆμον
733 971 757 1024 οί
771 972 819 1044 γάρ
833 972 893 1026 πολ·
938 973 1025 1041 ὀλίγον
1036 974 1165 1028 πλατύνων
1181 973 1229 1028 ἀπδ
1240 977 1282 1040 τῆς
1295 974 1420 1028 Φιλίππου
1434 975 1510 1046 τύχης
1526 974 1611 1038 αύτούς
1623 975 1662 1030 έπλ
1675 975 1720 1042 τὴν

107 1053 154 1106 λολ
165 1060 213 1108 τῶν
226 1053 361 1126 ἀνθρώπων
375 1054 478 1120 ἥδονται
492 1053 611 1116 τοιούτοις
620 1055 747 1126 θεάμασιν,
763 1055 893 1128 ύδίφνλύ-
938 1050 1021 1119 κοινὴν
1035 1058 1083 1106 τῶν
1099 1051 1234 1124 ἀνθρώπων
1250 1054 1395 1124 μετέστησεν
1409 1050 1499 1116 είπέυν,
1513 1053 1542 1105 ιδ
1554 1053 1614 1106 θλον
1628 1052 1644 1119 ἡ
1656 1055 1718 1125 τύχη

107 1151 184 1203 σοφσς
196 1133 238 1186 καλ
250 1133 436 1204 πεπαιδευμένος
449 1130 568 1203 ούδαμοῦ.
582 1134 631 1186 RS.
937 1131 1002 1202 παρὰ
1011 1134 1090 1188 πάντα
1101 1131 1166 1186 έστίν
1178 1152 1184 1162 ·
1198 1132 1311 1186 σκοπεῖτε
1323 1129 1399 1184 δέκα]
1412 1129 1457 1197 τὴν
1466 1135 1510 1198 τῆς
1523 1131 1618 1194 πόλεως
1629 1133 1716 1203 τύχην.

150 1209 216 1264 Ἀλλ’
227 1210 299 1284 οἶμαι
308 1215 350 1265 νῦν
364 1211 406 1283 μέν
418 1211 556 1279 ἐπισκοτεῖ]
565 1211 634 1274 λύσις
642 1210 833 1276 ἀντιπίπτοντος·
844 1219 894 1278 πῶς
937 1213 1105 1266 BHRSTCV.

106 1287 155 1342 σύν
167 1289 189 1343 εί
203 1289 359 1362 κακοδαίμων
372 1289 424 1344 ἐστί
434 1287 476 1342 καλ
491 1287 613 1360 ἀσελγὴς,
623 1289 652 1342 ού
665 1289 777 1360 γίγνεται
788 1293 894 1359 κατάδη·
973 1293 1018 1354 είς,
1032 1294 1074 1353 ιθ.
1090 1287 1120 1340 ἹΙ
1133 1288 1212 1360 τύχη]
1223 1287 1258 1341 To
1272 1291 1360 1360 σχῆμα
1371 1288 1483 1342 καλεῖται
1495 1290 1570 1344 τύπου
1582 1288 1677 1361 ἐμῦολῆ
1695 1291 1719 1354 ἐξ

106 1369 168 1434 λοςς
184 1369 223 1422 δτι
237 1369 428 1441 συγκρύπτουσιν
443 1367 518 1422 αύτδν
538 1367 565 1422 αί
582 1369 637 1439 περὶ
648 1369 704 1430 τούς
719 1367 841 1440 πολέμους
854 1369 892 1423 εύ·
937 1367 1058 1440 ύνθμστος
1069 1367 1125 1422 ἀντλ
1135 1372 1179 1422 τοῦ
1191 1367 1343 1438 πράγματος.
1358 1367 1474 1422 BRSTC.

105 1449 220 1518 πραγέαι.
234 1449 309 1502 Hfls.
330 1447 479 1502 Ἀντέπιπτεν
492 1445 564 1518 αύτῷ
579 1447 621 1500 καί
633 1451 683 1508 πῶς
695 1442 739 1500 ούν
751 1446 823 1510 αύτδς
834 1447 892 1502 ἀντ·
972 1447 1062 1520 Παρίι]
1082 1447 1138 1502 ἀντλ
1157 1451 1200 1502 τοῦ
1213 1448 1276 1502 κατά
1293 1447 1309 1513 ἢ
1330 1451 1374 1500 τοῦ
1388 1446 1430 1510 είς.
1468 1447 1502 1500 Τδ
1519 1446 1546 1500 δὲ
1563 1446 1716 1520 λεγόμενον,

106 1528 162 1596 έχει
178 1526 220 1578 καλ
231 1528 304 1588 αύζει
317 1524 361 1592 τῆν
374 1525 494 1596 δύναμιν,
508 1523 530 1577 εί
542 1525 699 1596 κακοδαίμων
712 1525 794 1590 ἐστίνς
808 1525 893 1598 ἐπάγει
936 1525 1045 1588 ἐξουσίαν
1064 1525 1146 1598 ἔχειῆ
1166 1526 1230 1596 τύχη
1245 1527 1342 1580 πάντων
1365 1531 1413 1580 τῶν
1429 1525 1587 1597 ἀνθρωπίνων
1603 1531 1718 1600 νςοαγμάι

106 1607 149 1658 ὅτι
164 1607 222 1667 τέως
235 1609 278 1657 νῦν
289 1603 395 1674 εύτυχεῖ·
411 1602 453 1657 ἐάν
467 1601 494 1656 δέ
505 1603 619 1674 περιπέσῃ
631 1603 680 1656 τινί
691 1602 797 1675 ἀτυχίᾳ,
808 1604 893 1668 εύθέως
935 1623 995 1659 των.
1006 1607 1059 1660 HS.

105 1687 186 1737 ταῦτα
204 1685 284 1738 πάντα
305 1684 444 1754 ἐλέγχεται.
482 1680 562 1748 Εἶτα,
579 1682 622 1734 ἵνα
644 1680 778 1752 μὴ’πάλιν
796 1684 884 1757 φούῆ,
971 1689 1016 1749 είς,
1036 1702 1077 1755 ¹7·
1095 1683 1357 1754 Ἐθελθντων]Τοῦτύ
1368 1703 1457 1755 φησιν,
1473 1685 1517 1738 ἵνα
1536 1684 1569 1756 μὴ
1584 1686 1719 1758 θαρρῆσαν-

106 1762 199 1834 εύτυχῆ
214 1763 313 1834 λέγων,
327 1761 395 1824 εύθύς
411 1761 511 1832 ἐπάγει,
528 1758 573 1812 ούκ
587 1758 620 1822 είς
636 1759 731 1832 μακράν
747 1760 891 1832 εύτυχῆσιι,
936 1781 974 1825 τες
988 1767 1019 1836 τῆ
1033 1764 1097 1835 τύχη
1112 1768 1160 1817 τῶν
1169 1763 1294 1834 πρακτέων
1308 1761 1462 1834 ἀμελῆσωσι.
1475 1764 1502 1816 S.

117 1843 147 1894 ἂν
161 1841 231 1913 ύμεῖς
244 1841 375 1912 βούλησθε.
413 1839 490 1893 Ὥστε
500 1837 522 1892 εί
535 1839 576 1892 δεῖ
584 1837 687 1906 τάληθές
700 1837 794 1904 εἰπεῖν,
814 1860 891 1912 χορη·
971 1847 1015 1906 24,
1032 1845 1072 1896 ιθ.
1085 1841 1153 1895 Ιίατά
1166 1841 1374 1913 μικρὸν]θίικρδν
1389 1840 1501 1908 ἀπαιτεῖ,
1512 1842 1601 1914 ίναμὴ
1617 1844 1718 1899 εἴπωσιν

105 1921 153 1990 γία
166 1924 208 1988 τῆς
217 1919 312 1974 ἐκείνω
326 1917 463 1990 εύτυχίαςίγ
474 1918 577 1989 ύμεεέρα
588 1917 889 1990 ῥηθυμίαγίνεται.Τον.
935 1917 1003 1973 ούδέν
1018 1919 1105 1990 ύφελος
1118 1919 1210 1990 τύχης,
1222 1918 1244 1972 εί
1257 1919 1391 1990 μέλλοιμεν
1405 1923 1501 1974 πονεῖν.
1515 1921 1572 1973 HR.

144 2001 189 2064 αθ,
202 2015 246 2070 ²7·
260 1999 411 2070 Συγκρύέαι]
425 1997 480 2051 ἀντὶ
493 2000 537 2051 τοῦ
552 1997 689 2049 συσκιάσαι.
705 1997 733 2050 Β.
971 1997 1041 2050 Πολύ
1053 1997 1100 2069 γάρ
1114 1999 1227 2070 πλείους]
1240 1999 1322 2069 ὥσπερ
1333 1998 1381 2053 ἀπὸ
1399 1999 1558 2066 Πλατωνικῆς
1574 2001 1718 2072 ὁρμώμενος
1775 2059 1778 2066 ,

145 2078 190 2142 σθ,
203 2093 247 2147 ορ.
262 2075 480 2148 Ἐξετασθῆσεται]
497 2074 685 2146 ἐλεγχθήσεται.
699 2079 731 2133 Ρ.
935 2076 1059 2148 διατριύῆς
1080 2075 1183 2130 ἐνταῦθα
1196 2075 1329 2147 φιλοσοφεῖ
1343 2075 1424 2147 λέγων
1444 2079 1498 2139 ταῖς
1512 2077 1609 2150 ἀρεταῖς
1632 2082 1674 2132 καί
1687 2081 1718 2134 τά

144 2161 194 2221 αθ,
208 2173 232 2211 ι.
247 2155 352 2227 Δείξειν]
365 2155 481 2226 ἐλέγξειν.
497 2158 524 2210 S.
543 2155 650 2226 ῖλιγχον
662 2157 759 2212 δύσειν.
773 2158 804 2210 Ρ.
935 2160 977 2223 τῆς
1001 2157 1077 2227 τύχης
1099 2155 1255 2211 ἀκολουθεῖν.
1273 2157 1370 2212 STCV.
1386 2153 1445 2210 Ὅτι
1467 2157 1574 2211 Πλάτων
1597 2157 1656 2228 φησί
1674 2159 1717 2222 τάς

147 2239 192 2299 ού,
211 2252 238 2289 ο.
254 2234 294 2288 ’λν
309 2236 335 2288 οί
346 2254 372 2288 τε
386 2235 438 2288 θεοί
450 2234 557 2302 θέλωσι]
567 2235 689 2307 Χρῄξουσι
699 2234 747 2306 γάρ
759 2235 784 2287 αί
798 2235 892 2306 σφάξεις
935 2233 1021 2304 ἀρετάς
1036 2234 1158 2301 ἀλληλοις
1179 2235 1292 2298 ἕπεσθαι,
1313 2236 1377 2288 ὥστε
1396 2234 1438 2288 τδν
1462 2236 1522 2288 ὄντα
1543 2238 1657 2306 σώφρονα
1677 2237 1717 2308 καί

104 2313 150 2366 καί
159 2313 270 2386 εύτυχίας
281 2314 323 2368 καί
332 2313 516 2385 κατορθούντων
527 2312 630 2384 ἀνδρῶν.
644 2313 792 2368 HRSTCV.
934 2313 1028 2366 δίκαιον
1041 2310 1107 2366 εἶναι
1125 2313 1167 2366 καί
1177 2313 1295 2383 φρόνιμον
1308 2312 1350 2365 καί
1367 2311 1493 2384 ἀνδρεῖον·
1509 2313 1524 2365 θ
1538 2313 1564 2366 δέ
1577 2313 1649 2376 αύτύς
1660 2333 1718 2386 φησι

145 2397 190 2456 είς,
206 2400 232 2446 θ.
251 2394 300 2447 ίίάν
312 2393 413 2464 ῥῆγμα,
427 2395 471 2446 κάν
482 2393 608 2464 στρέμμα]
619 2391 703 2464 ῥῆγμα
716 2393 759 2464 μέν
770 2393 795 2446 οἱ
812 2393 890 2466 ίατροί
934 2391 976 2446 καί
988 2393 1042 2453 ταῖς
1051 2390 1148 2463 ἀρεταῖς
1161 2391 1191 2444 τά
1200 2394 1243 2457 τῆς
1255 2392 1330 2462 τύχης
1341 2389 1495 2444 ἀκολανθεῖν.
1508 2393 1538 2445 Β.

101 2491 179 2542 φασιν
198 2471 300 2544 ἀγγείου
321 2473 386 2533 τινδς
404 2471 488 2543 ῥῆξιν,
515 2469 570 2524 οἷον
590 2471 692 2542 ρλεύδς,
716 2473 732 2538 ἢ
757 2471 887 2544 ἀρτηρίας,
969 2469 1216 2542 Πολύγάρπλείους]
1232 2470 1383 2526 ’λντιπῖπτσν
1398 2470 1493 2540 έλυσεζι
1513 2473 1635 2526 πύθενθτι
1650 2473 1717 2528 εύτυ·

103 2552 219 2622 στρέμμα
232 2551 258 2604 δὲ
267 2552 356 2622 άρθρου
369 2551 513 2622 παράύασιν·
524 2549 586 2612 τινές
596 2550 622 2604 δὲ
639 2547 738 2622 Ῥῆγμα
753 2551 796 2622 μέν
807 2553 891 2624 νεύρου
934 2550 988 2616 χεῖς
997 2547 1087 2620 έομένς
1102 2571 1112 2598 ν
1125 2551 1164 2602 ὅτι
1173 2549 1228 2620 περ]
1239 2549 1294 2612 τούς
1308 2550 1377 2612 θεούς
1390 2548 1543 2612 εύσεύοῦντες
1555 2550 1637 2614 εὔνους
1646 2551 1717 2622 ἔχετε

102 2633 234 2696 διάτασιν,
249 2633 359 2702 στρέμμα
368 2630 394 2683 δὲ
406 2629 491 2684 ὀστέου
503 2631 661 2700 μετάστασιν.
678 2631 824 2686 HRSTCV.
934 2627 990 2688 τούς
1006 2628 1136 2698 κρείττους.
1174 2627 1304 2682 Κάνταῦθα
1324 2628 1368 2700 μὲν
1387 2630 1501 2682 συνάπτει
1522 2630 1577 2692 τούς
1596 2631 1664 2694 θεούς
1677 2632 1718 2684 καί

144 2709 250 2763 Κελτῶν
268 2709 385 2778 πόλεων]
401 2710 483 2763 λείπει
493 2707 510 2775 ἡ
522 2709 590 2779 περί,
602 2708 646 2761 ἵνα
659 2703 692 2780 ᾖ,
706 2709 771 2762 ούτω
784 2710 825 2762 καί
836 2711 891 2782 περὶ
934 2705 978 2772 τὴν
993 2705 1086 2776 τύχην,
1100 2705 1140 2760 ἐπί
1154 2707 1181 2758 δέ
1194 2711 1238 2759 τοῦ
1251 2707 1376 2760 Φιλίππου
1393 2707 1507 2775 διίστησι.
1524 2709 1574 2762 Rs.

103 2795 156 2842 τῶν
170 2789 266 2842 πόλεων
277 2789 318 2841 καί
329 2793 378 2841 τῶν
394 2789 527 2858 τυράννων.
542 2789 618 2842 mv.
969 2787 1014 2847 είς,
1029 2801 1074 2838 20.
1093 2781 1189 2856 Οἶμαι]
1203 2783 1329 2854 Παρέλκον
1340 2783 1368 2837 τ“ο
1383 2781 1464 2855 οἶμαι.
1481 2786 1510 2839 S.
1525 2783 1629 2854 Ἕτερον
1648 2785 1715 2838 ἀντι-

143 2872 188 2932 24,
199 2870 226 2922 8.
242 2866 280 2922 Ἂν
291 2867 337 2929 ἔξω
347 2867 503 2938 νωλεμῶσιν]
516 2866 597 2933 Δῆλον
605 2865 728 2938 γέρὼςεί
742 2865 775 2938 μὴ
790 2865 888 2940 ἰσχύον,
934 2863 1024 2916 πῖπτον
1039 2883 1053 2911 ε
1067 2867 1117 2926 πῶς
1138 2857 1181 2916 σύν
1195 2861 1264 2917 ούδέν
1276 2862 1437 2933 ὠφελούμεθα
1449 2863 1514 2934 παρά
1529 2867 1572 2930 τῆς
1585 2864 1676 2934 τύχηςς
1703 2889 1714 2914 ν

101 2949 150 3002 ούκ
164 2949 193 3000 ἀν
207 2947 346 3019 ύπερορίους
359 2946 486 3000 ἐποιοῦντο
497 2947 553 3007 τούς
566 2946 695 3018 πολέμους.
708 2947 798 3009 sm!
934 2941 994 2994 ὅπου
1009 2938 1139 3011 ἀργοῦντες
1150 2939 1194 2994 σύκ
1208 2939 1365 3012 ἀπολαύομεν
1381 2947 1429 2996 τῶν
1448 2942 1505 3012 παρ’
1517 2940 1610 3010 ἐκείνης
1624 2935 1716 2996 ἐνδιδο-

143 3031 188 3092 οίς,
201 3046 228 3096 9.
254 3025 367 3080 Ἐπειδὰν
382 3025 525 3097 δέύμορος]
539 3024 685 3091 Ούκείπεν,
703 3025 799 3081 ἐπειδάν
813 3027 891 3096 δίῆτ-
935 3020 1023 3090 μένων.
1061 3019 1095 3074 Οί
1112 3019 1717 3094 5132739050220b522190b5mplxwowfiwesz

101 3105 212 3172 quamv
227 3103 252 3157 lv
263 3107 315 3166 τοῖς
325 3103 457 3175 πολέμοις,
473 3103 517 3156 ἵνα
531 3101 564 3174 μὴ
578 3103 607 3156 το
621 3101 724 3174 ἐργῶδες
739 3102 835 3178 ἐμφῆνῃ
846 3111 890 3159 τοι
933 3097 1064 3162 δίτνῦτοιε
1074 3097 1107 3170 μὴ
1121 3101 1247 3170 χρώμενοι
1260 3099 1289 3153 οὗ
1305 3101 1431 3172 δεχόμεθα
1442 3104 1484 3168 τῆς
1497 3099 1590 3164 εύνοίαε
1604 3107 1646 3169 τῆς
1660 3103 1716 3174 παρ’

101 3185 256 3256 πράγματος·
272 3183 330 3235 ἀλλ’
342 3181 440 3254 ἐξαρκεῖ
448 3183 490 3236 καί
503 3184 603 3254 γείτονα
618 3183 693 3254 μύνον
705 3183 833 3251 κινηθῆναι
843 3187 889 3240 πό-
933 3179 1012 3234 αύτῖυν
1023 3177 1148 3247 αίσθησιν.
1161 3181 1211 3234 Rs.

100 3265 183 3334 λεμον
192 3303 200 3328 ,
210 3263 377 3334 αίνιττύμενος
389 3263 487 3318 τδντῶν
501 3261 648 3318 Ὀλυνθίων.
663 3263 738 3317 HRS.
969 3262 1013 3323 ού,
1027 3275 1071 3312 21.
1084 3257 1135 3312 θύα
1149 3257 1185 3312 ίνι
1197 3257 1219 3310 δ’
1234 3257 1307 3312 αύτδν
1326 3258 1464 3330 ἀργοῦντα]
1482 3256 1649 3332 Ἐπιχείρημα
1665 3259 1713 3314 ἀπύ

145 3349 189 3408 αθ,
206 3361 248 3397 ιο.
268 3342 299 3395 Et
310 3344 337 3396 σέ
352 3361 387 3404 τις
402 3341 487 3413 ύμῶν]
502 3340 665 3412 ’λνθυποφορά
684 3341 713 3394 τδ
727 3343 823 3412 σχῆμα.
844 3343 890 3396 ΒΤ
934 3341 977 3392 τοῦ
989 3338 1102 3403 ἥττονος.
1113 3339 1144 3391 Ρ.
1159 3335 1232 3404 Διιτῆ
1251 3336 1266 3404 ἢ
1281 3337 1406 3408 ἐξήγησις·
1419 3337 1435 3404 ἢ
1449 3336 1498 3408 γάρ
1515 3338 1635 3404 καθολικῆ
1651 3336 1716 3392 ἐστιν

101 3425 160 3478 CP.
173 3423 310 3494 Πληριύσας
330 3421 361 3474 τά
380 3423 485 3492 πρότερα
502 3423 561 3492 μέρη
580 3423 624 3472 τοῦ
636 3421 740 3472 δυνατοῦ
755 3421 888 3491 μεταύέθη-
934 3417 1011 3478 οθτως
1026 3439 1039 3467 ε
1054 3415 1099 3469 ούκ
1113 3415 1150 3468 ίνι
1161 3417 1184 3468 δ’
1194 3411 1241 3480 αύ,
1256 3440 1267 3466 ν
1281 3417 1315 3470 ἵν’
1329 3413 1344 3488 ᾖ
1358 3417 1386 3470 τδ
1402 3409 1433 3468 αύ
1453 3415 1585 3488 σύνδεσμος
1600 3415 1655 3470 ἀντί
1673 3422 1717 3471 τοῦ

102 3521 149 3556 κεν
163 3501 203 3556 ἐπί
222 3503 303 3572 τρίτον
326 3501 356 3554 εδ
380 3504 423 3567 τῆς
436 3501 521 3571 τύχης.
563 3499 594 3552 Ἣ
615 3498 658 3570 μίν
676 3498 725 3571 γάρ
747 3501 831 3570 πριύτη
848 3500 890 3552 καί
933 3496 979 3562 δή·
997 3493 1078 3549 είταε
1094 3493 1137 3548 τδν
1152 3493 1295 3566 ἀργοῦνται
1311 3493 1488 3560 καθολικιῦς·ῆ
1507 3493 1660 3548 νούκίνιδ
1675 3493 1717 3548 αύ·

101 3577 224 3646 καθολικῆ
243 3599 256 3629 ε
271 3579 372 3650 φοθερδς
385 3579 516 3642 Φίλιππος·
532 3603 543 3630 ν
560 3578 648 3642 ἔδειξεν
662 3580 701 3632 θτι
714 3577 742 3630 ού
754 3577 855 3650 φούερδς
864 3579 888 3641 ἐξ
933 3574 993 3640 τδν,
1004 3573 1047 3628 τδν
1060 3573 1203 3644 ἀνθρωπον,
1217 3573 1350 3644 ἀργοῦντα.
1362 3599 1373 3620 ι
1388 3573 1484 3625 STCV.

102 3657 200 3721 ἀδικίας
225 3657 368 3730 ηύξημένος.
425 3655 456 3710 ‘fl
479 3657 505 3712 δέ
529 3659 627 3728 δευτέρα
645 3657 686 3710 καί
714 3655 798 3728 μερική
821 3678 831 3706 ν
851 3657 888 3708 θτι
969 3655 1023 3716 ού,
1039 3667 1084 3720 ²7·
1104 3648 1253 3702 Τούναντίον
1267 3649 1315 3720 γάρ
1333 3645 1364 3709 ἦν
1381 3647 1717 3718 θαυμαστδν]Σχῆμαέναν.

102 3736 151 3807 βίᾳ
176 3737 268 3800 καθέξει
289 3737 320 3791 τά
344 3737 494 3808 πράγματα·
519 3758 530 3788 ν
555 3735 644 3799 ίδειξεν
672 3737 710 3790 δτι
731 3736 760 3789 ού
779 3735 887 3800 καθέξει,
933 3731 1003 3795 τίον,
1016 3731 1031 3782 θ
1045 3727 1096 3782 ἐστι
1109 3729 1225 3800 δριμύτης
1237 3728 1360 3798 νοήματος
1373 3725 1421 3780 ἀπὸ
1434 3728 1476 3792 τῆς
1490 3725 1603 3796 ἐργασίας
1617 3727 1714 3798 λαμῦα·

102 3816 244 3888 μισούντων
265 3815 338 3870 αύτδν
356 3816 399 3868 καλ
422 3815 537 3883 ύκηκύων
558 3815 599 3868 καί
621 3815 762 3886 συμμάχων
785 3813 827 3866 καί
853 3813 889 3874 ξέ-
935 3809 1036 3880 νομένη.
1049 3807 1187 3861 ΒΒὸἸῸΡ.

101 3915 172 3960 οων,
197 3895 281 3957 άλλως
304 3915 330 3949 τε
345 3895 387 3949 καλ
404 3895 476 3957 αύτδς
494 3898 529 3948 ὢν
548 3892 666 3966 μεθυστῆς
684 3893 726 3946 καί
739 3891 887 3963 ἀσελγῆς·ῆ
970 3891 1014 3952 25,
1031 3904 1054 3942 1.
1068 3885 1266 3955 Λακεδαιμονίοις
1276 3885 1320 3954 μέν
1329 3882 1458 3954 ποτε]τδν
1473 3882 1583 3953 πόλεμον
1596 3881 1663 3952 λέγει
1673 3881 1714 3935 τδν

100 3976 132 4028 δὲ
149 3977 268 4046 τρύπημα]
279 3975 406 4030 τελευταία
422 3999 434 4027 ς
451 3976 508 4028 ἀλλ’
522 3973 625 4047 εὐτυχὴς
640 3975 655 4028 ὁ
674 3976 811 4039 Φίλιππος,
825 3977 887 4029 ὥστε
933 3967 991 4037 θέέύρ
1001 3973 1049 4020 τῶν
1059 3965 1189 4031 Θηύαίωθ,
1204 3965 1244 4017 ὅτε
1255 3964 1442 4034 Λακεδαιμόνιοί
1454 3961 1498 4029 τὴν
1509 3963 1631 4034 Καδμείαν
1646 3965 1715 4018 καῐῖ·

105 4079 119 4104 ο
140 4056 184 4107 κάν
194 4055 228 4125 μὴ
235 4057 328 4126 σφόδρα
338 4055 420 4119 εύνους
433 4055 481 4129 έχη
494 4057 550 4118 τούς
562 4057 817 4127 συναγωνιζομένους,
831 4073 888 4109 κατ·
933 4045 1021 4100 θύον·
1035 4045 1181 4098 HRSTCV·

105 4157 120 4184 «
140 4135 212 4204 ορθοῖ
221 4133 261 4186 διὰ
275 4138 316 4201 τῆς
328 4135 417 4205 τύχης·
428 4157 439 4185 ν
451 4138 515 4190 ὥστε
527 4135 641 4198 ιίναιτύς
649 4135 739 4197 δύοτάς
751 4135 889 4198 τελευταίας
969 4123 1013 4188 ²5,
1027 4140 1054 4178 ²·
1069 4121 1142 4194 Ὗῦέθ
1155 4128 1203 4176 τῶν
1215 4119 1491 4192 Ἑλλθέῑῦῶθδῑῑαίωί]
1505 4119 1620 4190 Ξῑίθῖῶθ
1631 4137 1713 4190 θύω·

103 4216 167 4286 μέρη
186 4214 888 4286 554292‘217252212200222314·BRSTCV,M}22;3'0„
935 4202 960 4256 ἐν
974 4209 1010 4275 τῷ
1023 4202 1246 4274 Πελοποννησιακῷ
1255 4201 1356 4272 πολέμῳ
1373 4199 1510 4271 θρῶντεςοί
1529 4201 1716 4270 Λακεδαιμόνιοι

101 4294 217 4347 ἐναντίον
229 4291 298 4346 εἶναι
310 4299 346 4366 τῷ
355 4294 436 4366 λέγειν
446 4295 484 4348 θτι
494 4295 603 4366 ἐπίορκος
614 4295 655 4348 καί
666 4295 765 4356 άπιστος
777 4293 890 4350 ύΦίλιπ-
933 4281 1123 4348 ῐῦίέίἝδληθαε
1135 4281 1306 4352 ἆῧῑῑθυνὲθῡῡε
1314 4279 1361 4334 ἐπί)
1374 4283 1417 4346 ῖῆἰ
1428 4277 1506 4350 ἀρχῆς
1520 4285 1568 4332 ἲῶθ
1584 4277 1715 4346 Ἀθηναίω*

101 4391 151 4432 ,305
162 4371 190 4423 ὼ
203 4369 319 4424 ῂςςςὺςςς
332 4369 377 4438 τῆς
395 4371 473 4443 &W
493 4372 558 4446 aba?
572 4374 810 4444 ωοαφωηιζομςοηο,
831 4369 888 4437 Ῥη.
932 4363 1068 4432 ύπάσχοντο
1081 4361 1164 4424 αύτσῖς
1180 4361 1334 4432 ἐλευθερίαν,
1348 4360 1391 4412 καί
1400 4359 1480 4432 τούτῳ
1489 4364 1525 4430 τῷ
1537 4358 1607 4430 λθγιμ
1622 4361 1716 4431 χρησά-

103 4452 162 4503 τέον
176 4449 202 4504 δέ
214 4452 252 4502 έτι
263 4449 360 4512 πλείους
374 4448 428 4504 οἶδε
442 4451 542 4522 τύχαςύ
555 4453 725 4522 Δημοσθένης,
735 4451 777 4504 καί
786 4448 830 4516 τὴν
845 4450 888 4521 μέν
934 4461 1003 4514 βθθῑ
1023 4439 1179 4507 ύὸυίύθθθῦῖ
1193 4438 1255 4492 Μὰ
1270 4439 1357 4510 Ιέῑῑθθθ
1381 4441 1531 4509 μὶῖῑσῖῆθαῑ
1553 4436 1611 4508 πρὸς
1629 4435 1715 4498 αὓῐῠίκ

101 4532 212 4602 ἄλογον,
223 4531 279 4584 σῖαν
290 4537 326 4601 τῷ
338 4531 456 4602 Φιλίππῳ
465 4533 558 4584 δίδωσι·
575 4531 619 4597 τὴν
633 4531 660 4585 δέ
672 4531 737 4602 παρά
748 4537 798 4584 τῶν
809 4549 888 4600 κρεις.
932 4521 988 4582 τούς
1000 4519 1141 4586 Ἕλληνας·
1153 4519 1187 4580 ύνς
1200 4519 1226 4572 δέ
1242 4520 1407 4589 κατώρθωσαν
1424 4517 1467 4570 τδν
1483 4516 1714 4584 Πελοποννησιακὸν

103 4612 187 4665 τόνων
201 4611 242 4663 καί
252 4609 314 4663 κατά
329 4610 422 4682 λύγον,
434 4613 490 4664 οῖαν
502 4611 619 4683 ύπάρχειν
633 4616 664 4684 τῇ
677 4611 748 4664 πόλει
762 4613 886 4682 μαρτυρεῖ,
932 4599 1057 4670 πόλεμον,
1071 4597 1172 4668 θῦῚΕΡΟῚ
1193 4599 1235 4650 δαί
1253 4595 1323 4650 αὖῐῡί
1338 4598 1457 4667 Χίῑρθνωὶ
1475 4595 1535 4666 ύπῑΡ
1553 4596 1577 4648 ῡῖ
1593 4595 1715 4662 Ἀθηναῖοί

103 4691 150 4744 22¹4
169 4688 213 4755 τὴν
233 4689 277 4761 μὲν
298 4691 390 4760 μίγη,
415 4689 460 4755 τῆς
474 4689 615 4748 &Nm
665 4691 742 4744 'nm
765 4689 888 4743 κάνταῦθα
932 4679 1030 4746 ἠδίκουν
1044 4677 1099 4738 τούς
1114 4676 1255 4744 Ἕλληνας·
1271 4675 1326 4730 εἶτα
1336 4675 1547 4747 ἀγανακτήσαντες
1559 4675 1617 4746 ’νπὲρ
1628 4676 1715 4730 τούτου

103 4771 283 4841 npoupdttpov
295 4767 361 4824 ςῖςαῑ
377 4790 435 4842 φης,
448 4770 492 4837 τὴν
508 4769 637 4838 Ἀθηναίων
652 4772 731 4842 τύχης
741 4773 784 4836 τῆς
796 4769 888 4823 ψιλῆς.
936 4757 1057 4826 Ἀθηναῖοι
1067 4755 1198 4827 ἐξήνεγκαν
1213 4755 1272 4827 ύπίρ
1288 4761 1336 4809 τῶν
1357 4753 1522 4827 ἀδυιουμένων
1534 4755 1644 4826 πόλεμον
1656 4755 1714 4827 πρὸς

103 4868 154 4905 2:0⁰
168 4849 253 4920 τύχης,
269 4849 317 4900 ns,
933 4836 1151 4908 Λακεδαιμονίους·
1166 4835 1207 4887 καί
1217 4833 1244 4887 ἐκ
1260 4835 1346 4888 τούτου
1357 4837 1400 4900 τῆς
1414 4834 1579 4904 προσηγορίας
1599 4831 1713 4904 ἐτοχενύ

144 4923 188 4984 είς,
207 4935 247 4972 ιο.
261 4917 389 4989 Σιύφρονος
402 4917 444 4989 μὲν
452 4917 595 4989 ἀνθρώπου]
608 4915 731 4990 Ἐμῆκονε
742 4915 888 4982 νῆνάνςίύς.
933 4916 1040 4987 πόλεμος
1051 4913 1066 4966 ύ
1076 4912 1133 4982 ύπέρ
1146 4918 1195 4966 τῶν
1212 4910 1365 4980 Ἑλληνικῶν
1377 4913 1490 4966 δικαίων.
1509 4913 1676 4966 BHRSTCV.

103 5018 145 5053 σιν
158 4998 199 5052 καὶ
210 4997 253 5050 τδν
269 4996 468 5066 προσκομίσαντα
479 4994 554 5061 αύτὴν
569 4993 669 5068 ἐπῄνεσε
688 4997 801 5065 σώφρονα
813 5015 887 5066 προσ·
968 4995 1012 5060 ού,
1027 4995 1052 5048 3.
1069 4993 1116 5045 Καί
1127 4991 1209 5046 πολλά
1220 4991 1283 5064 ίδίᾳ]
1293 4994 1337 5045 ’ίνα
1346 4991 1513 5062 λαμθάνοντες
1524 4993 1641 5063 χρήματα
1650 4993 1714 5064 παρά

104 5079 198 5142 ειπὼν,
219 5077 328 5130 τουτέστι
346 5076 476 5146 φρόνιμον.
515 5076 561 5128 ίίαλ
583 5074 679 5145 μεγάλη
700 5074 749 5144 γὰρ
764 5073 824 5144 ῥοπὴ
849 5075 889 5128 καί
934 5072 1132 5142 Δακεδαιμονίων
1145 5071 1339 5141 συγχωρήσωσιν
1359 5070 1441 5132 αύτοῖς
1460 5069 1553 5124 ἀδικεῖν
1567 5070 1641 5133 ἀδεῶς
1660 5073 1714 5134 ιεὐς

104 5159 136 5213 τύ
146 5157 218 5210 ύλον.
256 5155 350 5226 Ὥσπερ
362 5149 402 5208 νύν
414 5155 594 5225 ἀγωνιζύμενθς
607 5153 656 5206 ἐστὶ
667 5158 701 5224 τῷ
708 5155 836 5225 κομίσαντι
846 5153 889 5221 τῆν
935 5152 1071 5220 Ἓλληνας.
1085 5153 1166 5204 TCV.

214 5263 244 5298 01
250 5262 333 5298 ίῚθΙΙίὸ
353 5262 376 5296 ΙΙ.
1582 5258 1609 5298 53
