4158 6114
314 413 368 460 att
1000 401 1210 462 utrentms

312 551 418 590 cernue.
437 533 521 605 Quod
534 533 642 588 codicis
655 535 778 589 rationes
798 535 913 602 attinet,
928 535 1086 589 luculenter
1129 536 1289 606 Lycurgum
1300 532 1444 592 Rutadam.
1462 537 1501 590 At
1512 531 1681 608 Euxenippo
1694 531 1827 589 subvenit
1839 535 1902 606 Hy-

312 619 348 672 de
362 622 396 674 iis
409 623 538 694 exposuit
551 621 717 692 Habington,
731 620 898 692 quibuscum
913 618 1085 673 eonferenda
1129 622 1257 696 pericles,
1269 621 1319 676 sed
1334 623 1358 676 is
1375 621 1561 676 secandam
1577 623 1701 694 partium
1715 631 1820 678 actor:
1835 639 1904 674 nam

303 705 1086 778 'suntqnaedeHarrisianisfragmentisdixitltrecihius
1130 719 1196 762 ante
1211 708 1384 780 Hyperidem
1397 711 1466 763 alius
1480 711 1575 762 nescio
1597 709 1752 781 quisreura
1766 707 1903 763 defende-

312 795 477 866 in·Affgem.
487 796 541 848 ln,
552 796 676 868 Zarang,
694 792 780 860 1848,
790 794 824 848 N.
841 793 984 861 223-227.
993 795 1086 847 Verba
1131 807 1183 852 rat.
1195 797 1243 849 list
1256 796 1407 868 igiturbaec
1419 797 1511 850 oratio
1524 813 1560 850 ex
1572 813 1676 868 genere
1690 795 1742 850 τῶν
1751 793 1902 870 δευτερολο-

313 881 433 934 oratoris
446 881 596 935 emendare
604 893 705 953 praeter
715 879 919 952 Rabingtonem
931 891 959 934 et
969 881 1086 934 Schnei-
1129 883 1205 956 γιῶν.
1218 881 1303 936 Unde
1315 893 1447 956 apparet,
1460 899 1512 936 ear
1525 882 1653 954 wadan
1667 882 1767 936 leviter
1786 893 1905 954 tangan-

314 967 459 1020 ‹levrinum
469 966 637 1020 studuerunt
648 967 784 1034 Cebetas,
794 967 965 1040 Spengelius,
980 967 1086 1037 ttayse-
1131 981 1186 1036 tur,
1201 969 1255 1022 illis
1268 969 1376 1023 scilieet
1388 971 1455 1022 satis
1465 979 1562 1040 aperta
1574 970 1624 1040 qui
1634 969 1773 1040 superiori
1780 969 1907 1022 orationi

314 1071 372 1120 rus,
385 1053 495 1108 Patalis
505 1054 652 1108 Groecuset
664 1051 811 1120 Reckems,
824 1053 860 1106 de
869 1069 991 1123 quorum
1003 1069 1088 1104 cona
1132 1055 1328 1112 interfuissent.
1347 1054 1429 1112 Cadit
1443 1057 1498 1110 hoc
1521 1057 1550 1108 in
1564 1071 1629 1109 eam
1639 1055 1816 1127 potissimum
1838 1071 1905 1126 par·

314 1139 528 1212 tibusvidequae
536 1137 936 1196 disseruitSebneidewinusin
945 1138 1088 1211 Philologi
1135 1151 1191 1194 tera
1207 1141 1360 1208 orationis,
1372 1158 1429 1211 qna
1441 1143 1566 1195 occurrit
1581 1140 1739 1214 Hyperides
1751 1141 1905 1195 calumnia·

314 1235 396 1279 tomo
416 1227 492 1293 Vlll,
508 1243 539 1296 p.
553 1223 697 1289 lto-354.
1132 1230 1203 1281 tioni
1219 1229 1362 1299 polyeucti
1377 1237 1405 1282 et
1425 1229 1529 1282 divitiis
1540 1229 1698 1300 Euxenippi
1711 1247 1763 1300 per
1775 1227 1907 1282 fraudem

354 1307 451 1366 Primo
466 1311 531 1364 loco
545 1329 684 1385 ponemus
697 1327 782 1382 quam
797 1311 935 1382 integram
948 1308 1088 1362 babemus
1132 1317 1241 1387 partis:
1257 1331 1322 1386 quae
1342 1331 1409 1387 pars
1427 1315 1524 1369 ultima
1548 1326 1598 1370 est.
1622 1316 1773 1387 Perstringi
1794 1313 1908 1368 fodinas

315 1397 473 1450 orationem
493 1415 548 1470 pro
570 1398 745 1469 Euxenippo.
764 1398 832 1466 Qua
855 1414 889 1450 ex
911 1395 1089 1450 orationibus
1133 1403 1256 1474 argenti,
1280 1417 1399 1472 quarum
1422 1403 1450 1454 in
1478 1402 1650 1474 possessione
1668 1401 1722 1454 fuit
1738 1419 1814 1467 reus,
1838 1401 1905 1454 licet

315 1491 416 1538 contra
425 1481 640 1538 Demosthenem
648 1494 675 1536 et
683 1501 735 1554 pro
743 1483 930 1554 Lycophrone
939 1484 967 1536 in
977 1501 1087 1555 papyro
1134 1499 1231 1542 orator
1251 1505 1308 1540 non
1325 1487 1455 1542 distincte
1480 1488 1570 1554 dicat,
1591 1489 1680 1541 omnis
1692 1485 1754 1541 finis
1768 1488 1910 1542 untionis

314 1571 550 1644 superroratam
563 1569 718 1642 fragmenta
727 1587 779 1622 suo
791 1569 856 1622 loco
869 1568 1087 1622 exhibebuntur.
1133 1592 1190 1626 non
1205 1575 1271 1628 sinit
1291 1573 1433 1631 dubitare.
1444 1577 1487 1630 De
1501 1585 1628 1646 ternpore
1651 1583 1718 1627 acta
1732 1591 1821 1628 causas
1838 1577 1908 1628 satis

356 1659 398 1712 De
409 1659 580 1728 Argumenta
590 1661 780 1729 orationispro
790 1657 1090 1729 Euxenippoodversus
1133 1661 1271 1714 constabit
1290 1662 1459 1734 legentibus,
1471 1662 1598 1714 universe
1613 1661 1730 1732 quidem
1747 1680 1753 1713 :
1768 1662 1817 1732 qui
1831 1679 1906 1734 ope-

317 1743 494 1814 Polycuctum
519 1745 557 1798 ita
590 1743 674 1798 babet
702 1741 941 1798 Scasrimmus
965 1763 971 1796 :
999 1767 1011 1791 ι
1025 1745 1090 1798 Post
1135 1747 1227 1801 rosius
1241 1749 1407 1820 investigare
1419 1748 1529 1818 volent,
1542 1747 1586 1801 vel
1604 1765 1708 1800 manum
1728 1747 1819 1819 ipsum
1840 1745 1908 1800 defi·

316 1847 438 1904 pugnam
455 1831 664 1886 Cheronensem
693 1849 782 1903 quum
806 1831 952 1904 Philippus
970 1831 1088 1886 Macedo
1135 1834 1197 1888 nire
1209 1845 1350 1908 poterunt
1365 1836 1408 1888 De
1427 1834 1596 1906 Euxenippo
1614 1843 1642 1887 et
1655 1831 1813 1905 Polyeucto
1827 1850 1906 1904 quar-

317 1917 444 1990 Oropum
461 1917 561 1971 urbem
573 1935 637 1970 cum
651 1933 719 1988 agro
733 1935 803 1984 suo,
818 1935 881 1989 epm
901 1917 985 1985 urbs,
999 1929 1031 1972 ut
1048 1919 1088 1972 ait
1136 1919 1200 1974 dam
1220 1919 1417 1994 praemittenda
1436 1919 1580 1974 videntur.
1603 1921 1637 1974 Et
1659 1919 1695 1974 de
1715 1919 1766 1972 illo
1789 1918 1906 1990 quidem

316 2003 473 2071 Strabo,lr
492 1999 716 2080 dppwfnnyciptp
729 2001 865 2078 fycyc'rnro
879 2001 1004 2066 πολλάκις
1017 2006 1090 2060 inter
1133 2007 1246 2060 aliunde
1263 2007 1351 2074 nihil,
1377 2005 1473 2079 quoad
1499 2007 1601 2072 sciam,
1627 2005 1815 2078 accepimus:
1839 2021 1906 2058 nam

317 2091 464 2146 Thebanos
477 2092 654 2164 potissimum
671 2101 700 2146 et
714 2091 908 2158 Athenienses,
927 2092 980 2146 illis
993 2091 1088 2146 arlem-
1134 2111 1215 2164 quem
1234 2094 1280 2149 01.
1298 2092 1364 2164 118,
1381 2098 1411 2160 t,
1425 2091 1571 2147 Diodorus
1582 2092 1651 2162 XX,
1663 2089 1697 2146 81
1715 2101 1744 2146 et
1756 2092 1908 2162 Dionysius

316 2187 393 2250 ptam
406 2179 449 2230 his
461 2177 674 2248 adjudicarisset
684 2217 692 2244 ,
704 2177 805 2231 factum
816 2178 916 2251 populi
925 2179 1024 2232 scitum
1039 2189 1089 2245 est,
1136 2180 1198 2236 Hal.
1211 2181 1240 2232 in
1251 2179 1392 2234 Dinarcho
1404 2199 1430 2235 c.
1442 2197 1461 2250 9
1472 2198 1501 2252 p.
1511 2178 1568 2234 650
1580 2176 1654 2232 Rsbe
1663 2187 1811 2248 pretorem
1823 2175 1909 2230 fuisse

317 2264 416 2320 decem
422 2265 512 2318 tribus
524 2282 622 2336 agrum
634 2265 713 2318 illum
724 2266 762 2318 ita
778 2266 850 2320 iuter
864 2283 893 2320 se
907 2267 1087 2328 sortirentur.
1135 2276 1270 2320 testantur
1282 2267 1326 2322 rel
1342 2266 1537 2338 Euxenippon
1546 2265 1592 2318 vel
1604 2264 1785 2336 Xenippum,
1796 2263 1906 2317 umetsi

317 2361 350 2404 ut
371 2351 443 2404 bina
456 2351 581 2424 singulos
594 2359 671 2404 sorte
692 2350 795 2406 ductos
808 2351 1004 2426 possiderent:
1024 2370 1091 2425 ager
1134 2351 1193 2407 fieri
1205 2371 1286 2427 posse
1305 2363 1337 2408 ut
1350 2352 1425 2408 idem
1443 2353 1478 2406 sit
1495 2369 1554 2406 non
1567 2367 1719 2422 negamus,
1736 2349 1797 2404 reri
1816 2349 1912 2402 simile

318 2437 391 2491 eoim
403 2435 914 2510 quinquecollesvideturcomplesus
925 2439 1016 2496 fuisse.
1033 2440 1091 2494 lllae
1134 2457 1207 2506 esse,
1224 2439 1307 2494 fuisse
1329 2437 1466 2505 eundem,
1480 2455 1565 2492 nemo
1590 2435 1764 2491 contendet:
1782 2435 1906 2504 Polyeu-

318 2525 422 2578 sortitae
432 2533 505 2580 sunt.
518 2521 571 2578 Sed
582 2525 605 2578 is
615 2523 705 2592 collis,
715 2525 764 2597 qui
775 2525 905 2580 tribubus
914 2523 1089 2580 Acamantid·
1134 2535 1209 2580 mum
1230 2526 1328 2598 paralio
1349 2525 1453 2580 rectius
1466 2526 1606 2581 novimus.
1629 2523 1739 2578 Etenim
1760 2521 1909 2576 constabat

318 2621 347 2664 et
371 2609 607 2682 Hippotboontidi
631 2609 790 2683 obtigerat,
806 2611 834 2664 in
859 2611 1088 2684 disceptationem
1135 2623 1198 2668 ante
1226 2613 1299 2666 banc
1331 2622 1470 2684 repertam
1496 2612 1671 2678 orationem,
1697 2619 1754 2664 tres
1776 2609 1910 2664 habuisse

318 2698 397 2751 venit
410 2707 516 2751 essetne
534 2697 600 2767 jure
625 2707 791 2769 occupatus.
807 2698 1018 2752 Fueruntenim
1041 2700 1090 2769 qui
1135 2701 1276 2754 orationes
1293 2697 1481 2772 Hyperidem,
1502 2697 1614 2769 quaead
1632 2694 1820 2770 Polyeuctum
1841 2715 1908 2769 spe·

319 2783 399 2838 illum
410 2782 646 2856 deohmphiarao
657 2783 816 2838 dedicatum
830 2782 1011 2838 defenderent
1024 2803 1091 2838 con·
1135 2798 1268 2842 ctarent:
1293 2782 1360 2842 rard
1383 2783 1562 2858 Πολυεύκτου,
1588 2781 1648 2858 περὶ
1675 2787 1719 2839 τοῦ
1744 2781 1909 2839 Πολύευκτον

320 2879 363 2924 tra
378 2870 418 2924 fas
434 2887 450 2924 a
463 2869 593 2926 tribubus
609 2871 707 2926 teneri.
721 2871 789 2940 Quae
799 2869 989 2926 dubitationes
998 2881 1029 2925 ut
1037 2873 1091 2927 tol·
1134 2879 1299 2950 στρατηγεῖν,
1308 2871 1369 2948 πρὸς
1383 2869 1556 2944 Πολύευκτον,
1566 2871 1601 2926 (1ο
1612 2870 1714 2942 quibus
1725 2881 1799 2925 recte
1810 2869 1910 2924 distin·

319 2955 444 3010 lerentur
472 2957 657 3030 religionique
685 2955 849 3026 satisfieret,
883 2956 1007 3030 populus
1036 2959 1090 3012 civi
1135 2961 1252 3032 guendis
1277 2959 1349 3014 dixit
1369 2957 1516 3012 Boeclthius
1537 2957 1573 3010 de
1596 2954 1852 3014 moaralihthen.
1879 2975 1907 3028 p.

321 3043 433 3098 cuidam
447 3063 511 3110 suo,
526 3045 709 3117 Euxenippo,
726 3045 789 3098 viro
804 3045 924 3098 honesto
944 3045 1027 3116 eique
1049 3045 1090 3099 di·
1137 3053 1193 3119 ²49
1208 3057 1236 3100 et
1249 3048 1285 3102 H.
1304 3046 1441 3117 Sauppius
1455 3061 1532 3098 meus
1551 3054 1636 3098 oratt,
1653 3043 1752 3116 fragm.
1776 3061 1806 3115 p.
1830 3041 1906 3115 298,

320 3131 370 3184 viti
391 3141 418 3186 et
429 3141 488 3184 tum
502 3141 581 3186 aetate
595 3132 781 3204 provectiori,
796 3131 850 3186 boc
864 3131 971 3204 negotii
994 3130 1088 3198 dedit,
1136 3135 1184 3205 qui
1197 3135 1322 3188 ultimam
1337 3133 1445 3188 illarum
1459 3141 1523 3203 post
1537 3131 1652 3202 Olymp.
1672 3148 1736 3197 ιιο,
1752 3149 1763 3182 ι
1781 3130 1909 3184 habitam

320 3228 352 3271 ut
363 3235 425 3272 cum
441 3217 553 3272 duobus
563 3219 624 3272 aliis
635 3219 662 3272 in
674 3217 740 3272 fano
752 3219 915 3292 Amphiarai
930 3218 1091 3287 incubaret,
1136 3238 1194 3274 esse
1214 3220 1378 3275 effecerunt.
1403 3217 1478 3274 lllud
1499 3235 1569 3272 vero
1587 3218 1746 3272 dubitatum
1766 3226 1828 3283 est,
1842 3217 1908 3288 quis

320 3305 343 3358 si
358 3304 427 3378 quid
441 3323 492 3377 per
514 3321 641 3360 somnum
667 3304 818 3360 offerretur
830 3307 935 3374 visum,
950 3323 1009 3378 quo
1026 3305 1094 3362 deus
1139 3307 1306 3379 Polyeuctus
1326 3323 1359 3360 ex
1378 3305 1471 3359 multis
1486 3305 1535 3376 qui
1554 3314 1614 3358 tum
1631 3313 1711 3358 erant
1722 3305 1908 3376 cognomines

321 3393 380 3466 ipse
393 3393 515 3466 aperiret
529 3391 597 3463 quid
617 3392 656 3446 rei
669 3403 749 3447 emet.
766 3392 911 3448 Profectus
927 3403 970 3446 est
993 3393 1091 3448 Euxe—
1139 3391 1251 3447 Athenis
1274 3391 1391 3464 intelligi
1413 3389 1538 3446 deberet.
1565 3391 1600 3444 Et
1629 3389 1769 3462 Sauppius
1792 3388 1910 3460 quidem

321 3477 439 3551 nippus,
458 3477 587 3545 incubat,
602 3479 740 3532 somnium
758 3477 865 3534 refert:
887 3489 1012 3533 montem
1038 3478 1092 3534 deo
1140 3478 1302 3535 lloeclthium
1325 3488 1437 3534 secutus
1459 3476 1617 3549 Sphettium
1641 3477 1734 3544 illum,
1761 3475 1912 3530 celebeni-

320 3579 430 3622 eaerum
444 3581 496 3617 nec
511 3563 551 3616 fas
566 3581 623 3618 esse
647 3565 675 3618 in
693 3574 829 3636 potestate
842 3565 965 3618 tribuum
980 3583 1092 3638 penna·
1137 3583 1213 3619 mum
1228 3575 1368 3620 oratorem
1381 3603 1390 3635 ,
1409 3573 1529 3637 propter
1548 3581 1686 3617 summam
1708 3563 1909 3635 consiliorum,

320 3667 398 3706 nere.
414 3645 484 3704 Tum
512 3649 674 3720 polyeuctus
691 3649 863 3722 Cydantida,
883 3669 943 3704 non
960 3651 1094 3724 ignobilis
1137 3669 1199 3724 ‹yuae
1221 3651 1421 3706 Demosthenes
1447 3648 1605 3722 Hyperides
1625 3650 1794 3722 Polyeuctus
1817 3651 1911 3722 agita·

321 3736 407 3790 homo
417 3747 444 3790 et
456 3737 483 3792 in
494 3736 638 3808 republica
652 3746 786 3806 versatus,
797 3739 970 3811 rogationem
984 3738 1021 3794 ad
1032 3741 1093 3814 ple·
1137 3747 1223 3804 runt,
1237 3740 1465 3792 communionem
1475 3739 1577 3792 merito
1592 3735 1683 3807 rejicit
1695 3748 1723 3792 et
1737 3747 1839 3792 contra
1848 3739 1911 3810 Cy-

320 3821 386 3876 hcm
407 3823 484 3890 tulit,
498 3823 588 3878 tribus
602 3831 633 3876 ut
646 3821 797 3877 redderent
811 3833 937 3877 montem
958 3825 1092 3898 Amphia-
1138 3823 1280 3880 dantidam
1289 3827 1472 3898 Polyeuctum
1481 3825 1606 3880 habitam
1613 3827 1739 3881 ultimam
1749 3829 1910 3882 orationem

321 3925 390 3973 rao,
413 3899 519 3983 quippe
542 3909 590 3982 qui
608 3925 624 3964 a
649 3907 808 3964 finitoribus
833 3919 897 3964 ante
918 3912 1093 3968 sortitionem
1137 3930 1193 3966 esse
1204 3924 1279 3967 certe
1291 3913 1438 3968 verisimile
1450 3911 1510 3968 fieri
1524 3913 1604 3970 exfr.
1615 3913 1691 3987 apud
1704 3915 1910 3986 Harpocratv.

321 4005 467 4066 exeniptos
480 3993 534 4050 deo
551 4004 578 4050 et
598 4005 776 4060 consecratus
787 3995 888 4064 fuerit,
902 3997 1094 4052 restituerent·
1140 3995 1297 4068 Κυδαντίδης
1310 3999 1439 4054 observat
1452 3994 1619 4075 εὙπερείδης
1634 3999 1658 4054 ἐν
1673 4000 1710 4074 τῷ
1725 3998 1787 4075 πρὸς
1798 3997 1912 4056 Πολύευ-

323 4099 379 4153 quc
395 4081 798 4156 pretiumquevendidissent.
823 4081 1092 4140 Addiditineadem
1137 4105 1209 4140 κτον·
1238 4083 1319 4158 δῆμός
1341 4084 1396 4140 ἐστι
1420 4086 1465 4154 τῆς
1491 4083 1614 4158 Αἰγηίδος
1640 4083 1807 4144 Κυδαντίδαο
1821 4086 1912 4142 Addit

321 4169 484 4242 rogatione,
495 4180 526 4222 ut
539 4171 652 4242 reliquae
667 4179 733 4224 octo
750 4169 839 4226 tribus
853 4169 957 4225 damno
971 4169 1091 4228 duarum
1138 4171 1287 4228 lloeclthius
1307 4191 1342 4227 ne
1355 4174 1475 4245 reliquas
1488 4173 1602 4244 quidem
1619 4175 1760 4228 orationes
1772 4173 1808 4227 ad
1824 4175 1912 4228 alium

322 4257 723 4330 caverentsarcirentqucillae
735 4257 815 4330 quod
830 4259 995 4316 amisissent.
1020 4262 1093 4316 Huic
1138 4259 1225 4314 rideri
1235 4261 1412 4333 pertinuisse.
1446 4261 1504 4314 Nec
1518 4259 1682 4330 conjectura
1692 4261 1768 4314 tenui
1781 4278 1849 4314 sane
1864 4279 1910 4316 ar·

322 4343 469 4414 l'olyeueti
485 4345 624 4416 rogationi
640 4343 792 4397 intercessit
803 4345 899 4398 nescio
915 4345 978 4416 quis
989 4345 1022 4418 ll⁵
1033 4345 1093 4400 for·
1137 4357 1270 4418 gumento
1286 4345 1398 4400 suffulta
1410 4345 1537 4400 homines
1552 4349 1678 4420 egregios
1691 4347 1797 4404 fefellit.
1839 4347 1912 4402 Nam

322 4440 394 4488 tasse
413 4435 471 4506 ipse
485 4433 642 4506 Hyperides
657 4433 726 4508 fuit)
741 4435 852 4488 actione
869 4435 937 4508 legis
956 4435 1026 4490 male
1047 4454 1094 4490 ro·
1140 4435 1294 4508 Euxenippi
1309 4444 1497 4488 accusatorem
1512 4432 1699 4505 Cydantidam
1717 4432 1814 4500 fuisse,
1831 4452 1910 4504 non,

321 4533 390 4596 gata
405 4521 579 4595 perfecitque
594 4531 624 4574 ut
638 4532 754 4596 rogator
775 4521 843 4596 legis
862 4539 958 4576 caussa
980 4521 1093 4577 caderet
1138 4521 1217 4594 quod
1232 4521 1324 4576 editor
1334 4520 1568 4593 cantabrigiensis
1579 4521 1631 4573 sibi
1645 4521 1793 4593 persuasit,
1807 4517 1914 4594 Sphet-

321 4611 465 4684 multaque
475 4609 572 4682 viginti
585 4609 708 4681 quinque
718 4609 912 4664 drachmarum
925 4607 1093 4668 afficeretur.
1138 4612 1223 4678 tium,
1236 4609 1315 4680 cujus
1329 4609 1456 4680 quaedam
1471 4609 1631 4662 orationum
1652 4608 1777 4679 reliquiae
1800 4618 1913 4662 aetatem

322 4699 412 4768 Quam
434 4697 615 4752 calamitatem
631 4697 800 4769 Polyeuctus
822 4717 879 4752 non
893 4699 988 4770 potuit
1003 4697 1091 4766 ferre,
1139 4700 1270 4766 tulerunt,
1282 4697 1437 4770 planissime
1449 4696 1533 4751 docet
1543 4695 1622 4768 quod
1634 4697 1662 4748 in
1675 4713 1718 4752 or.
1730 4693 1782 4767 1‚§
1798 4713 1828 4746 ιι
1842 4695 1915 4767 legi·

321 4783 369 4838 sed
385 4785 471 4838 iratos
495 4783 709 4858 Euxenippum,
725 4783 760 4840 de
781 4785 861 4856 cujus
873 4787 919 4840 ille
940 4783 997 4840 fide
1012 4796 1094 4840 antea
1138 4795 1194 4844 tur.
1208 4785 1377 4856 Polyeuctus
1391 4785 1464 4837 enim
1479 4781 1630 4855 aliquando
1643 4783 1672 4836 in
1684 4779 1731 4856 jus
1745 4791 1864 4836 vocatus
1877 4799 1913 4836 ex

322 4870 390 4923 nihil
414 4869 611 4944 dubitavisset,
627 4869 802 4926 denuntiarit
828 4870 894 4928 falsa
918 4871 1042 4926 retulisse
1059 4870 1094 4924 de
1140 4871 1256 4946 AEgeide
1273 4871 1348 4924 tribu
1376 4869 1537 4926 decemsibi
1564 4869 1717 4923 advocatos
1738 4868 1822 4952 legit,
1840 4869 1915 4924 iuter

324 4955 449 5022 sornoio,
462 4957 544 5010 certis
558 4957 725 5030 quibusdam
739 4959 899 5042 hominibus
911 4957 939 5011 in
954 4956 1024 5011 urbe
1036 4973 1094 5030 gra·
1139 4977 1211 5030 quos
1224 4955 1380 5030 Hyperides
1395 4955 1462 5024 fuit;
1476 4955 1640 5028 Cydantidae
1657 4965 1749 5010 autem
1764 4971 1854 5026 pagus
1873 4953 1915 5006 il-

324 5038 468 5094 tifnatom.
484 5043 763 5100 Simuldiversissima
775 5045 820 5100 ille
831 5043 950 5100 crimina
964 5045 992 5096 in
1003 5045 1094 5098 Euxe-
1139 5045 1191 5098 lius
1217 5045 1305 5098 tribus
1326 5043 1389 5098 fuit.
1406 5045 1499 5097 Homo
1520 5052 1758 5098 commemoratur
1777 5043 1808 5095 in
1828 5041 1913 5096 titulo

325 5129 442 5200 uippmn
458 5129 626 5200 congerebat
639 5142 666 5186 et
684 5133 901 5205 subscriptorem
923 5132 975 5186 sihi
996 5133 1092 5186 accivit
1140 5133 1266 5186 Piraeensi
1278 5130 1404 5188 Boeclhii
1418 5131 1518 5186 xltta
1536 5129 1570 5200 37
1585 5149 1615 5204 p.
1638 5129 1695 5196 423
1709 5141 1844 5202 tanquam
1861 5147 1913 5184 an-
