4150 6094
606 427 896 490 Anclnuulnnls
915 430 980 490 ΟΒ.
1001 430 1050 490 DE
1070 429 1277 490 sopnlsTrS.

964 573 1016 609 eum
1030 560 1102 610 ellum
1121 561 1222 610 murini
1242 559 1357 609 iaciemus
1372 559 1505 622 discipline
1524 563 1633 623 perlem,
1649 528 1748 623 quaed

136 565 193 628 πῶς
219 563 248 620 οὐ
264 559 316 640 χρὴ
341 558 386 617 καὶ
409 561 456 628 τῆς
477 557 596 624 παιδείας
615 559 717 630 ἐκείνην
742 561 858 634 μάλιστα
878 583 918 617 τι·

137 661 206 730 ullu,
224 651 268 729 ἀφ’
284 641 315 718 ἧς
330 646 394 725 πρὸς
413 653 490 705 τοῦτο
502 647 532 704 τὸ
546 646 620 724 γένος
635 651 688 705 τῶν
704 647 788 724 λόγων
805 648 919 730 εὐπόρως

136 739 245 814 ἵξομαι

177 847 200 886 e.
224 817 310 902 Οἶμαι
325 823 352 883 δὲ
366 821 411 880 καὶ
435 821 477 880 διδ
491 819 560 880 τοῦτ’
587 819 656 888 ἀξιον
680 811 746 878 εἶναι
767 823 826 889 τούς
852 845 918 903 γρα-

108 930 121 964 5
136 913 217 979 πτσύς
229 912 319 990 λόγους
330 908 540 986 ἀποδοκιμάζειν,
550 907 590 966 ὅτι
600 909 643 968 τδν
659 910 714 987 βίον
727 913 778 968 τῶν
795 934 919 989 μεταχει-

137 999 280 1079 ριζομένων
297 997 436 1076 ἀνώμαλον
451 1003 600 1055 καθιστᾶσι.
610 999 678 1075 Περὶ
688 999 793 1056 πάντων
808 998 920 1078 μὲνγὰρ

134 1093 191 1148 τῶν
216 1087 380 1168 πραγμάτιον
395 1088 591 1165 γεγραμμένους
608 1085 766 1143 ἐπίστασθαι
786 1087 878 1165 λόγους
893 1085 919 1143 ἓν

135 1203 162 1237 τι
177 1181 229 1235 τῶν
244 1177 376 1236 ἀδυνάτων
398 1174 524 1251 πέφυκεν,
540 1174 642 1248 ἀνάγκη
657 1173 684 1232 δέ
700 1175 789 1248 ἔστιν,
806 1175 868 1232 ὅταν
883 1199 921 1242 τις

135 1264 170 1322 τά
186 1264 233 1338 μὲν
247 1261 435 1342 αὐτοσχεδιάζῃ
451 1259 485 1318 τδι
502 1260 528 1318 δὲ
543 1265 637 1336 τυποῖ,
649 1261 693 1318 τδν
708 1258 784 1340 λόγον
800 1261 920 1336 ἀνόμοιον

95 1356 121 1394 ¹⁰
135 1353 199 1411 όντα
217 1351 296 1431 ψόγον
316 1355 354 1428 τῷ
374 1351 477 1425 λέγοντι
495 1348 714 1426 παρασκευάζειν,
740 1349 785 1406 καί
809 1352 842 1408 τδι
871 1351 918 1426 μὲν

136 1441 274 1520 ὑποκρίσει
295 1439 341 1496 καὶ
358 1439 480 1516 ῥαψῳδίᾳ
500 1435 673 1514 παραπλήσια
690 1437 774 1494 δοκεῖν
797 1428 872 1508 εἶναι,
888 1437 921 1495 τδι

136 1529 164 1586 δὲ
179 1527 291 1586 ταπεινά
305 1527 351 1586 καὶ
373 1529 460 1606 φαῦλα
485 1525 621 1602 φαίνεσθαι
641 1524 714 1603 παρά
739 1525 788 1596 τήν
812 1524 919 1584 ἐκείνων

136 1615 284 1696 ἀκρίόειαν.

176 1724 201 1763 ε.
226 1703 315 1762 Δεινδν
338 1701 359 1758 δ’
382 1700 437 1759 ἐστὶ
463 1699 506 1757 τδν
529 1699 742 1775 ἀντιποιούμενον
769 1701 922 1782 φιλοσοφίας

96 1799 124 1838 ¹⁵
136 1793 184 1862 τῆς
198 1796 243 1848 τοῦ
257 1789 340 1865 λέγειν
356 1789 401 1848 καί
421 1787 570 1845 παιδεύσειν
587 1789 687 1865 ἑτέρους
701 1787 920 1865 ὑπισχνούμενον,

138 1879 169 1936 διν
187 1877 235 1954 μὲν
250 1877 299 1956 ἔχῃ
314 1883 495 1955 γραμματεῖον
511 1875 528 1943 ἢ
555 1873 675 1952 βιόλίον,
693 1875 825 1933 δεικνύναι
840 1875 922 1932 δύνα-

137 1971 200 2024 σθαι
213 1965 260 2036 τὴν
272 1970 350 2024 αὐτοῦ
366 1963 469 2043 σοφίαν,
486 1961 517 2020 δν
531 1963 557 2020 δὲ
573 1965 671 2020 τούτοιν
686 1961 792 2040 ἄμοιρος
804 1963 922 2038 γίνηται,

138 2053 221 2130 μηδὲν
243 2057 294 2110 τῶν
318 2051 478 2110 ἀπαιδεύτων
502 2049 596 2128 βελτίω
610 2049 785 2122 καθεστάναι,
800 2050 843 2107 καὶ
858 2051 924 2130 χρό-

137 2165 184 2200 νου
200 2141 247 2215 μὲν
258 2139 374 2206 δοθίντος
389 2138 514 2196 δύνασθαι
526 2137 602 2213 λόγον
617 2137 774 2214 ἐξενεγκεῖν,
786 2138 878 2204 εὐθέως
897 2137 923 2195 δὲ

91 2245 124 2283 νο
138 2230 199 2307 περὶ
218 2234 263 2287 τοῦ
279 2226 444 2309 προτεθέντος
467 2223 629 2304 ἀφωνότερον
645 2213 711 2282 εἶναι
728 2227 780 2282 τῶν
796 2225 924 2300 ἰδιωτῶν,

139 2317 186 2375 καὶ
207 2315 292 2395 λόγοιν
310 2314 358 2390 μὲν
379 2313 472 2392 τέχνας
494 2313 716 2390 ἐπαγγέλλεσθαι,
734 2319 778 2372 τοῦ
796 2313 822 2368 δὲ
838 2311 923 2388 λέγειν

140 2403 209 2480 μηδὲ
237 2401 334 2480 μικράν
357 2400 466 2477 δύναμιν
487 2399 582 2479 ἔχοντα
611 2405 637 2459 ἐν
663 2403 748 2480 ἑαυτῷ
777 2399 921 2478 φαίνεσθαι.

142 2493 197 2552 Καὶ
214 2492 265 2570 γδιρ
285 2489 414 2567 ἡμελέτη
436 2494 482 2546 τοῦ
501 2490 608 2566 γράφειν
633 2487 743 2566 ἀπορίαν
768 2494 812 2545 τοῦ
839 2487 924 2566 λέγειν

141 2579 269 2650 πλείστην
295 2577 484 2654 παραδίδωσιν.
526 2573 614 2634 Ὅταν
629 2575 679 2654 γάρ
697 2599 733 2640 τις
749 2577 836 2654 ἐθισθῇ
857 2575 924 2633 κατὰ

98 2679 126 2716 2⁵
144 2665 239 2745 μικρὸν
267 2663 448 2744 ἐξεργάζεσθαι
476 2662 535 2729 τοὺς
569 2664 660 2738 λόγους
686 2664 730 2720 καί
756 2663 823 2737 μετδι
851 2666 927 2743 ἀκρι-

142 2754 217 2820 ὐείας
231 2754 275 2812 καί
291 2757 389 2834 ῥυθμοῦ
414 2753 448 2810 τδι
464 2752 571 2833 ῥήματα
593 2754 738 2810 συντιθέναι
758 2753 802 2810 καί
819 2754 926 2834 βραδείφ

140 2847 175 2920 τῇ
208 2847 254 2913 τῆς
281 2840 396 2906 διανοίας
428 2841 529 2911 κινήσει
554 2839 689 2918 χρώμενος
718 2843 845 2898 ἐπιτελεῖν
879 2841 926 2910 τὴν

142 2929 302 3008 ἑρμηνείαν,
317 2929 459 3004 ἀναγκαῖόν
480 2932 535 2986 ἐστι
550 2932 654 2998 τοῦτον,
670 2925 732 2985 όταν
752 2929 787 2992 εἰς
802 2927 859 2994 τούς
877 2931 927 2985 αὐ-

141 3016 343 3096 τοσχεδιαστούς
360 3015 424 3094 ἔλθῃ
438 3017 546 3094 λόγους,
573 3015 677 3074 ἐναντία
699 3016 850 3094 πράσσοντα
873 3021 928 3084 ταῖς

95 3123 126 3162 συ
143 3105 292 3176 συνηθείαις
313 3104 424 3182 ἀπορίας
444 3104 489 3161 καὶ
515 3103 625 3182 θορύδσυ
647 3102 737 3182 πλήρη
761 3099 808 3173 τὴν
824 3103 929 3178 γνώμην

143 3193 235 3272 ἔχειν,
250 3191 295 3250 καὶ
314 3193 378 3270 πρὸς
392 3191 497 3264 άπαντα
519 3194 566 3266 μὲν
586 3191 783 3268 δυσχεραίνειν,
807 3193 887 3266 μηδὲν
902 3193 928 3249 δὲ

144 3279 277 3361 διαφέρειν
287 3284 339 3338 τῶν
354 3278 537 3358 ἰσχνοφόινων,
551 3277 674 3337 οὐδέποτε
688 3281 709 3336 δ’
726 3277 825 3358 εὐλύτῳ
835 3285 867 3357 τῇ
883 3285 930 3351 τῆς

144 3373 234 3449 ψυχῆς
247 3367 368 3450 ἀγχινοίφ
381 3368 517 3448 χρώμενον
529 3370 613 3444 θγρῶς
624 3367 667 3424 καί
677 3366 865 3446 φιλανθρώποις
883 3392 929 3442 με·

144 3458 342 3536 ταχειρίζεσθσιι
353 3455 413 3522 τούς
428 3458 532 3531 λόγους,
546 3457 604 3513 ἀλλ’
619 3453 709 3533 ὥσπερ
722 3459 746 3512 el
765 3453 807 3512 διδ
823 3459 930 3533 μακρῶν

102 3568 130 3606 :rs
145 3545 249 3624 χρόνων
265 3547 294 3601 ἐκ
314 3545 418 3617 δεσμῶν
431 3541 550 3610 λυθέντες
572 3545 601 3600 οὐ
621 3541 744 3600 δύνανται
766 3551 820 3609 τοῖς
842 3543 931 3608 ἀλλοις

146 3632 242 3705 ὁμοίαν
267 3633 427 3701 ποιήσασθαι
446 3631 493 3704 τήν
527 3630 692 3709 ὁδοιπορίαν,
722 3633 779 3689 ἀλλ’
799 3632 931 3696 εἷςέκεῖνα

147 3721 182 3776 τδι
200 3717 327 3798 σχήματα
345 3720 389 3776 καὶ
411 3717 470 3784 τούς
486 3719 597 3799 ρυθμούς
618 3719 792 3798 ἀποφέρονται
816 3724 872 3794 μεθ’
896 3713 931 3778 ὧν

148 3808 195 3864 καὶ
215 3807 360 3882 δεδεμένοις
380 3810 468 3873 αὐτοῖς
491 3809 634 3884 ἀναγκαῖον
652 3799 684 3877 ἦν
702 3807 872 3886 πορεύεσθαι,
890 3809 933 3867 τὸν

149 3895 229 3952 αὐτὸν
239 3895 335 3971 τρόπον
349 3899 366 3964 ἡ
380 3892 468 3975 γραφὴ
485 3895 606 3974 βραδείας
621 3893 666 3959 τδις
682 3896 814 3961 διαύάσεις
823 3919 856 3969 τη
868 3895 933 3972 γνώ·

107 4003 136 4043 ετ
152 4007 191 4061 μη
212 3986 447 4061 παρασκευάζουσα
469 3985 513 4040 καὶ
534 3989 579 4041 τοῦ
595 3981 678 4058 λέγειν
699 3987 724 4041 ἐν
740 3993 792 4050 τοῖς
813 3984 936 4050 ἐναντίοις

150 4072 222 4131 ἔθεσι
233 4069 377 4149 ποιουμένη
389 4073 438 4144 τὴν
454 4073 566 4143 ἀσκησιν
579 4073 675 4150 ἄπορον
691 4073 735 4130 καὶ
745 4075 873 4149 δεσμῶτιν
888 4072 936 4143 τὴν
949 4103 954 4128 ι

150 4161 241 4240 ψυχὴν
263 4161 403 4232 καθίστησι
425 4162 470 4220 καί
504 4167 550 4232 τῆς
574 4165 600 4219 ἐν
625 4171 678 4227 τοῖς
708 4165 937 4241 αὐτοσχεδιαστοῑς

153 4252 255 4330 εὐροίας
270 4251 376 4322 ἀπάσης
388 4249 542 4330 ἐπίπροσθεν
560 4251 668 4326 γίνεται.

194 4357 216 4396 7.
238 4337 346 4414 Νομίζω
361 4337 447 4396 δὲκαὶ
469 4339 516 4411 τὴν
533 4342 646 4416 μάθησιν
673 4341 724 4395 τῶν
746 4341 870 4416 γραπτῶν
895 4339 938 4398 λό-

112 4449 140 4486 es
154 4449 208 4504 γιον
220 4425 340 4504 χαλεπὴν
357 4427 402 4484 καὶ
416 4427 463 4498 τὴν
478 4425 583 4504 μνήμην
599 4424 720 4483 ἐπίπονον
736 4425 781 4482 καί
797 4426 843 4496 τὴν
857 4427 938 4496 λήθην

155 4515 270 4593 σίσχρδιν
294 4516 321 4570 ἐν
344 4521 397 4580 τοῖς
414 4517 498 4590 ἀγῶσι
520 4514 649 4593 γίνεσθαι.
703 4513 804 4578 Πάντες
830 4513 881 4594 γὰρ
909 4515 940 4571 διν

156 4602 347 4681 ὁμολογήσειαν
361 4601 395 4660 τδι
414 4603 495 4680 μικρὰ
517 4608 568 4660 τῶν
591 4600 713 4678 μεγάλων
734 4601 779 4658 καί
800 4601 832 4658 τδι
856 4605 941 4660 πολλὰ

159 4694 213 4750 τῶν
226 4691 320 4768 ὀλίγων
334 4690 517 4768 χαλεπώτερον
537 4681 604 4748 εἶναι
621 4695 711 4765 μαθεῖν
727 4690 771 4746 καί
790 4697 939 4765 μνημονεῦ-

162 4801 215 4840 σαι.
258 4779 325 4860 Περὶ
340 4779 387 4854 μὲν
398 4771 441 4836 οὐν
453 4779 511 4844 τούς
528 4775 767 4855 αὐτοσχεδιασμούς
783 4778 826 4834 ἐπὶ
839 4783 889 4835 τῶν
902 4781 942 4834 ἐν-

117 4882 145 4920 w
155 4867 321 4945 'denuncietur
334 4869 372 4925 δεῖ
389 4866 465 4942 μόνον
480 4865 529 4938 τὴν
543 4866 651 4944 γνώμην
666 4865 748 4944 ἔχειν,
765 4873 819 4931 τοῖς
838 4865 864 4921 δέ
884 4867 941 4924 ὀνό-

159 4979 241 5034 μασιν
252 4959 281 5014 ἐκ
291 4962 336 5014 τοῦ
350 4954 501 5036 παραυτίκα
512 4957 615 5026 δηλοῦν·
627 4955 654 5010 ἐν
665 4953 691 5012 δὲ
701 4962 753 5018 τοῖς
763 4962 889 5031 γραπτοῖς
901 4952 946 5010 λόι

159 5069 214 5124 γοις
229 5045 275 5104 καί
297 5049 349 5104 τῶν
370 5044 503 5121 ὀνομάτων
526 5045 572 5104 καί
590 5047 642 5102 τῶν
665 5043 868 5118 (ἐνθυμημάτων
883 5045 944 5122 καί)

160 5133 302 5194 συλλαύών
331 5135 473 5212 ἀναγκαῖόν
509 5137 565 5194 ἐστι
598 5135 728 5190 ποιεῖσθαι
759 5131 806 5202 τὴν
840 5131 946 5208 μνήμην

161 5226 206 5282 καί
229 5224 279 5296 τὴν
305 5224 418 5298 μάθησιν
441 5223 549 5302 lepide.
609 5218 802 5296 Ἰ·’,νθυμηματα
828 5221 874 5280 μὲν
903 5215 945 5278 οὐν

1685 444 1743 494 203

965 699 1010 748 lroe
1022 700 1166 762 eloquentiae
1177 713 1251 760 genus
1265 703 1319 762 nple
1331 700 1503 748 inslilnamnr?

997 845 1020 886 5,
1038 841 1128 887 Verum
1147 841 1270 900 propterea
1290 852 1387 900 queque
1403 841 1504 902 scriptus
1523 841 1643 890 orationes
1666 857 1748 904 repro-

966 948 1055 996 buudas
1065 961 1116 997 esse
1128 950 1186 1009 pule
1198 949 1262 1010 quod
1275 949 1349 996 νῖιειαι
1363 949 1400 998 liis
1411 949 1530 998 nleuliuun
1539 949 1681 1012 inequalem
1694 951 1748 999 red-

965 1061 1034 1110 dnnl.
1067 1063 1127 1110 Nem
1138 1062 1189 1110 lieri
1205 1061 1287 1122 nequii
1299 1066 1325 1108 ul
1337 1059 1367 1108 de
1378 1061 1463 1122 quavis
1477 1073 1503 1108 re
1514 1061 1615 1122 scriptur
1628 1062 1749 1110 orationes

966 1173 1062 1229 ῖειιεειες
1075 1169 1278 1218 undeneceseurio
1287 1169 1396 1230 seqnitur
1407 1171 1444 1230 ui,v
1455 1169 1536 1230 siquis
1546 1170 1633 1230 parlim
1646 1183 1675 1218 er
1688 1173 1748 1218 lem·
1824 1237 1826 1241 Α

967 1295 1024 1344 pore
1036 1281 1099 1329 dieat
1110 1282 1195 1342 parlim
1215 1281 1341 1342 ligurularn
1355 1281 1487 1328 oreliouern
1500 1286 1610 1341 proruat,
1625 1280 1749 1342 inaequali·
1816 1303 1822 1310 ·

967 1396 1003 1439 lus
1020 1391 1072 1438 lrree
1084 1389 1175 1438 oratori
1195 1390 1254 1438 uilio
1269 1392 1385 1450 uerlelur,
1401 1403 1476 1452 quum
1491 1391 1538 1438 elle
1548 1389 1748 1439 declamationem

969 1502 1088 1552 histrionis
1101 1503 1138 1550 uel
1151 1503 1261 1562 rlrepeodi
1274 1501 1389 1561 relereul,
1401 1501 1446 1548 elie
1455 1501 1680 1562 juxlaexquisiluur
1693 1502 1747 1550 illo·

969 1619 1023 1656 rnen
1037 1603 1165 1654 urlilrelunr
1178 1603 1277 1652 lruurilie
1291 1603 1395 1663 viliaque
1410 1615 1463 1650 esse
1478 1602 1614 1650 videantur.

1000 1720 1022 1762 6.
1040 1715 1127 1764 llirnm
1143 1725 1199 1760 uero
1211 1715 1246 1760 εει
1263 1725 1334 1770 euru,
1356 1711 1396 1772 qni
1416 1711 1473 1758 erlis
1492 1711 1602 1760 ornlurire
1628 1713 1751 1760 scientium

968 1823 1013 1872 sini
1029 1821 1131 1870 vindicat
1145 1820 1245 1881 ullisque
1262 1832 1288 1867 se
1306 1819 1447 1879 uragieuuur
1464 1819 1549 1878 ell'erl,
1571 1819 1591 1864 si
1604 1819 1702 1878 quidem
1713 1823 1752 1867 le-

970 1933 1042 1983 bellas
1068 1933 1111 1982 uel
1140 1932 1226 1980 librum
1250 1931 1349 1988 linirent,
1366 1929 1493 1978 ostendere
1516 1942 1586 1990 posee
1610 1931 1752 1991 sapientiam

969 2044 1097 2103 εὐκινησία
1113 2043 1149 2092 lde
1166 2044 1294 2090 deslilnlns
1303 2042 1350 2100 eil,
1361 2040 1487 2090 ineruditis
1499 2041 1558 2088 uilril
1569 2053 1622 2090 eene
1635 2044 1751 2102 praesun-

970 2155 1069 2210 lioreiu,
1091 2163 1119 2199 ee
1136 2154 1244 2212 tempere
1261 2161 1376 2198 concesso
1397 2163 1465 2210 posse
1483 2151 1615 2198 orationem
1629 2163 1752 2212 promere,

970 2258 1006 2306 sin
1019 2255 1099 2304 elulirn
1110 2253 1140 2303 de
1152 2254 1272 2315 proposito
1286 2259 1429 2314 argumente
1441 2253 1607 2302 disserendum
1619 2255 1659 2314 sil,
1675 2253 1754 2302 indoe-

970 2370 1001 2418 lis
1019 2381 1045 2417 se
1059 2368 1186 2416 mulierem
1204 2365 1323 2427 uenere,
1339 2371 1364 2413 el
1390 2365 1533 2426 eloquentiae
1558 2366 1656 2427 quidem
1675 2371 1753 2418 erleru

972 2479 1089 2540 prellleri,
1103 2476 1199 2526 dieendi
1212 2479 1294 2526 nnlern
1307 2475 1420 2524 iaeullnle
1432 2489 1462 2524 ne
1471 2475 1571 2524 miuirun
1582 2477 1679 2538 quidem
1692 2491 1753 2539 pree-

971 2589 1048 2636 dilunr
1061 2587 1145 2636 videri.
1178 2585 1273 2635 Elenirn
1288 2585 1384 2634 assidua
1405 2585 1531 2634 meditatie
1554 2599 1610 2647 qun
1629 2588 1754 2636 scribendo

973 2698 1107 2756 uuuruilur,
1120 2709 1193 2745 oense
1206 2699 1242 2744 eei
1255 2697 1290 2756 ut,
1303 2694 1345 2742 ubi
1354 2693 1483 2744 dicendum
1498 2697 1537 2756 sit,
1550 2708 1648 2744 sururue
1661 2699 1753 2746 consilii

973 2808 1052 2868 inopia
1061 2805 1205 2854 iuberemus.
1239 2807 1299 2854 llum
1308 2805 1348 2864 qui
1360 2803 1624 2854 ruinulnlirneralionee
1633 2805 1756 2856 elaborare

973 2925 998 2970 el
1012 2933 1096 2981 lungun
1113 2919 1234 2978 diligende
1249 2918 1384 2978 rlryllrnriee
1399 2919 1471 2966 verbe
1488 2931 1634 2981 componere
1649 2921 1673 2968 el
1691 2920 1756 2969 lenio

975 3031 1061 3094 ingenii
1079 3037 1145 3079 rnnlu
1158 3030 1288 3078 dictionem
1303 3029 1415 3091 perlicere
1429 3033 1598 3092 consueverit,
1614 3031 1634 3080 is
1653 3031 1683 3080 ed
1700 3047 1755 3082 oru-

976 3145 1051 3190 lieues
1061 3155 1074 3190 e
1084 3149 1190 3204 lenrpore
1204 3141 1324 3190 habendes
1340 3141 1471 3202 adductus,
1486 3157 1561 3204 quern
1574 3146 1651 3194 suetis
1664 3149 1748 3195 conire

976 3255 1081 3316 νίσομαι,
1094 3267 1189 3302 neeesse
1199 3259 1234 3302 esi
1245 3255 1353 3302 animum
1376 3253 1515 3316 perplexum
1533 3259 1557 3304 el
1574 3256 1699 3305 turbatum
1715 3257 1755 3304 lie-

976 3367 1030 3414 θεοῖ
1042 3369 1065 3413 el
1081 3365 1170 3426 unique
1179 3364 1285 3412 oliendnl
1296 3377 1373 3424 neque
1385 3351 1416 3414 ab
1427 3367 1455 3414 iis
1468 3367 1554 3427 quibus
1570 3367 1648 3428 lingue
1662 3369 1756 3418 lraesilui

976 3478 1071 3526 dillerre
1087 3476 1209 3536 videnlur,
1224 3489 1267 3524 nee
1286 3489 1393 3538 unquam
1410 3475 1519 3540 eipediu
1541 3479 1627 3540 ingenii
1651 3482 1758 3529 sellerliu

977 3589 1082 3638 suaviter
1090 3592 1114 3636 el
1125 3588 1252 3636 liberaliler
1260 3587 1355 3648 eloquio
1365 3588 1398 3636 uli
1409 3589 1492 3650 pessit.
1504 3588 1550 3638 Sed
1559 3591 1760 3651 quemadmodum

978 3701 1019 3761 qui
1032 3704 1087 3762 peel
1100 3701 1170 3760 leriga
1186 3699 1301 3760 lemperie
1320 3701 1396 3760 spella
1412 3713 1424 3748 e
1442 3700 1542 3749 uinculis
1558 3702 1694 3763 eelruutur,
1714 3717 1761 3752 neu

980 3809 1088 3858 ulneleri
1099 3809 1144 3857 iler
1154 3808 1347 3870 facerequeunl,
1362 3821 1446 3856 nerum
1464 3809 1487 3857 iu
1503 3810 1601 3859 lrulrilus
1621 3818 1760 3874 urolusque,

980 3921 1067 3982 quilius
1078 3920 1151 3968 vincli
1165 3918 1255 3979 ingredi
1270 3919 1425 3980 urgebantur,
1439 3920 1588 3981 relabemur,
1601 3923 1634 3970 sic
1644 3923 1763 3971 scribendi

981 4025 1128 4072 wrrsueludo
1139 4023 1224 4083 ingenii
1242 4036 1349 4084 gressum
1369 4023 1481 4072 lerdilnle
1500 4025 1603 4085 quadum
1622 4025 1727 4075 elllelens
1739 4031 1764 4076 el

982 4130 1098 4178 edicendi
1110 4132 1161 4176 erle
1174 4141 1269 4188 prorsus
1280 4127 1385 4174 alieuaus
1398 4127 1540 4188 irupediluur
1550 4135 1574 4176 el
1582 4130 1703 4191 eupliveur
1718 4133 1764 4179 ani·

984 4250 1050 4284 muru
1064 4236 1143 4291 leuel,
1159 4237 1183 4280 el
1196 4245 1225 4280 ne
1239 4231 1321 4278 leniter·
1331 4233 1500 4292 eulemperelis
1510 4233 1586 4282 ornlio
1597 4233 1664 4290 linai,
1675 4237 1763 4285 obslnl.

1016 4351 1038 4394 l.
1058 4347 1130 4392 Porro
1147 4343 1246 4402 scriptus
1264 4341 1385 4390 oreliuues
1408 4340 1512 4390 ediscere
1532 4342 1658 4391 nielesluur
1680 4347 1704 4392 el
1717 4359 1766 4393 irre·

986 4455 1060 4504 rnoriu
1078 4459 1158 4504 leuere
1170 4465 1297 4514 operosum
1314 4455 1338 4500 el
1355 4451 1476 4500 obliuione
1495 4451 1520 4500 in
1541 4454 1621 4501 tausis
1637 4455 1682 4502 labi
1701 4459 1768 4518 lnrpe

986 4581 1037 4616 esse
1049 4571 1114 4628 ριιῑιι.
1148 4568 1209 4614 duur
1223 4565 1315 4612 urirurlu
1326 4563 1418 4626 mugnis
1427 4568 1451 4612 el
1465 4565 1541 4615 mulie
1556 4565 1639 4625 {reneis
1650 4564 1770 4614 dillieiliue

988 4677 1059 4727 edisci
1076 4675 1334 4724 orunesconliteurlur.
1376 4676 1431 4724 lem
1445 4685 1502 4722 uero
1521 4673 1546 4720 iu
1565 4673 1770 4734 externporallbus

989 4790 1017 4838 ad
1032 4789 1160 4838 sententies
1175 4785 1327 4836 solummodo
1343 4783 1514 4833 ellendenduur
1531 4787 1582 4845 esi,
1603 4783 1676 4832 uerba
1689 4789 1771 4834 uuleur

990 4900 1014 4948 iu
1027 4899 1078 4960 lusu
1089 4898 1196 4946 eratione
1207 4893 1347 4944 invenienda
1361 4897 1433 4956 sunl;
1445 4893 1469 4941 iu
1479 4893 1574 4952 seriniis
1587 4908 1644 4943 uero
1659 4895 1772 4944 orationi·

992 5013 1037 5062 lius
1048 5013 1119 5062 eliam
1130 5012 1203 5060 verba
1216 5011 1387 5060 seuleulinruur
1400 5011 1473 5070 elque
1483 5008 1542 5058 eden
1553 5009 1651 5070 syllabae
1665 5015 1775 5060 aecurnle

993 5121 1104 5170 ‹lisernde
1120 5126 1144 5169 el
1159 5119 1288 5168 relidenda.
1308 5117 1443 5168 Serrlenllae
1453 5119 1532 5165 anleru
1544 5131 1630 5179 paruus
1639 5121 1663 5166 el
1678 5131 1776 5177 irruguus

994 5233 1070 5278 uruliu
1085 5228 1169 5288 lrulrel,
1185 5227 1281 5276 nouriua
1296 5241 1351 5276 vero
1369 5233 1393 5277 el
1408 5227 1524 5275 ruealrule
1541 5227 1616 5276 midln
1635 5227 1659 5275 el
1673 5225 1743 5273 edlu
1754 5227 1777 5272 ul
