4186 6108
324 401 381 456 sse
595 351 606 372 ’
1029 387 1197 451 cucurri

321 525 441 586 τολύκου.
454 524 535 605 'lipia
552 525 615 583 sich
630 527 654 584 ol
670 523 761 605 τάροι,
777 526 813 590 ὡς
827 521 872 582 κοιλ
888 522 965 590 οὐτδς
980 526 994 582 δ
1011 522 1110 603 ῥήτωρ.
1145 533 1200 579 tem
1211 542 1386 600 anonymum
1399 525 1635 602 Waiziusrelert,
1647 527 1697 583 sed
1712 539 1776 603 post
1785 548 1813 588 v.
1832 527 1924 609 μάχης

320 615 399 688 δῆλον
413 615 493 677 ποιεῖ.
505 615 582 676 Φασὶ
593 613 622 673 δι’
630 637 697 682 τινες
707 613 852 694 κοινότερον
866 613 913 691 μὲν
928 613 1029 680 πάντας
1042 612 1100 679 τούς
1144 613 1203 668 haec
1215 614 1320 672 addere
1333 635 1346 670 s
1363 614 1399 680 ὣς
1418 611 1474 693 ἔχιι
1490 612 1534 671 ἐπὶ
1547 619 1595 671 τοῦ
1610 613 1774 692 Λυκούργου.
1791 619 1927 674 ΚίοοοΙύιισ

319 701 417 782 τάφους
430 701 515 768 αὐτοις
528 700 715 779 ὀνομάζεσθαι,
732 700 791 760 κατ’
806 700 935 778 ἐξαίρετον
947 699 974 759 δὲ
989 699 1048 767 τούς
1062 699 1099 776 μὴ
1144 701 1206 773 gius
1218 703 1305 776 igitur
1320 704 1417 777 paullo
1429 704 1566 760 audacius
1580 703 1635 778 legi
1649 705 1710 758 vsdt
1721 724 1729 758 :
1741 703 1776 770 ὡς
1789 701 1925 782 ἔχειπαρδ

296 801 301 810 ’
320 791 347 848 ἰν
362 789 422 870 ὐψει
435 788 470 850 sd
493 789 696 867 οἰκοδομήματα
711 789 833 868 ἔχοντας,
845 791 903 848 ἀλλ’
917 787 978 847 ύταν
995 789 1029 848 rh
1048 788 1100 847 σά·
1145 788 1183 866 τῷ
1198 789 1359 868 Λυκούργῳ,
1374 792 1414 846 ita
1428 803 1461 846 ut
1480 790 1567 846 verba
1590 792 1639 846 illa
1655 791 1684 846 οὐ
1705 788 1794 867 γὰρ...
1816 782 1876 871 ripe
1889 813 1925 852 ex

318 900 393 955 ματα
407 879 443 947 εἰς
456 881 506 956 γῆν
520 881 662 956 κατατιθῇ·
678 877 831 952 ὠνομάσθαι
848 877 957 957 δὲπαρά
968 876 1016 960 shy
1027 877 1098 956 ὐραν.
1144 878 1268 952 Lycurgi
1284 881 1414 934 oratione
1428 879 1459 933 in
1469 878 1620 934 Autoclern
1630 879 1719 960 petita
1732 898 1791 935 esse
1803 899 1926 938 monea-

1145 981 1216 1018 mur.
1231 965 1318 1037 Quod
1331 984 1385 1021 nec
1404 966 1511 1021 Meiero
1528 965 1581 1037 (de
1595 969 1668 1038 Lyc.
1684 966 1858 1043 p.cxv111)
1872 989 1926 1026 nec

690 1057 736 1109 17·
1144 1051 1214 1105 mihi
1237 1055 1387 1128 persuasit.
1404 1055 1476 1108 Nam
1496 1055 1621 1128 primum
1641 1054 1702 1109 haec
1724 1055 1850 1112 Waln'us
1867 1077 1927 1114 non

1144 1141 1210 1193 satis
1232 1151 1364 1198 accurate
1381 1139 1514 1211 tradidit;
1529 1143 1713 1214 nequeenim
1731 1143 1870 1201 credibile
1884 1158 1926 1202 est

1144 1244 1318 1302 anonymum
1333 1231 1492 1304 scripsisse:
1508 1229 1543 1294 ὡς
1556 1225 1612 1306 ἔχει
1622 1225 1696 1307 παρὰ
1707 1230 1746 1308 τῷ
1764 1228 1926 1314 Λυκούργῳ,

1144 1302 1209 1370 οἷον·
1225 1315 1253 1372 οὐ
1271 1313 1322 1396 γὰρ
1335 1328 1402 1388 etc.;
1417 1317 1470 1373 sed
1483 1319 1523 1373 sic
1547 1317 1608 1374 iere
1620 1318 1745 1374 scribere
1761 1321 1873 1376 solent:
1891 1325 1929 1386 ὡς

358 1183 478 1243 Βούδιοι
496 1183 705 1255 Μηλύάοτος
716 1183 826 1264 χώρα,
839 1181 1031 1259 ὐτιδπολεμύιον
1046 1181 1100 1252 iis·

320 1277 485 1353 ρημιοδιῑσα,
497 1273 531 1346 ἣν
546 1271 724 1350 κατανέμεται
739 1274 772 1332 τὰ
784 1271 944 1352 τετράποδα.
964 1274 1058 1332 Κοῖτοι
1072 1272 1100 1330 δὲ

318 1360 432 1437 τούνομα
444 1361 490 1420 καλ
503 1359 577 1441 παρὰ
591 1364 630 1441 τῷ
645 1359 789 1441 Λυκούργῳ
803 1361 830 1418 ἐν
852 1364 890 1440 τῷ
904 1361 964 1418 κατ’
977 1359 1099 1420 Αὐτολύ-

318 1471 365 1508 κου
382 1447 564 1526 (Αὐτοκλίους
587 1448 694 1527 οοᾶά.)·
714 1474 727 1501 ι
739 1448 808 1507 titt
823 1448 868 1508 καὶ
883 1447 1030 1524 μηλύάοτον
1052 1447 1099 1518 τὴν

297 1563 299 1569 ’
319 1535 438 1608 Ἀττικὴν
449 1538 530 1608 άνῆκι
543 1563 557 1588 ν
638 1563 649 1588 ι
662 1535 850 1616 βοολιυομάνου
860 1535 888 1595 di
898 1535 970 1602 ὅπως
980 1540 1013 1616 τῇ
1025 1534 1100 1595 πόλει

317 1623 462 1706 χρήοιται,
476 1623 595 1698 Θηύαῖοι
612 1624 763 1702 (Ἀθηναῖοι
773 1627 861 1684 codd.
872 1629 880 1700 l
893 1621 941 1701 μύν
953 1621 1100 1702 μηλύύοτον

318 1716 418 1772 άνιῑναι
435 1710 635 1786 συνιύούλιυον,
649 1713 756 1779 Φωκεῖς
777 1711 804 1770 δὲ
826 1713 948 1771 ἀντεῖπον
972 1713 1098 1771 σῶσαι.»

357 1799 507 1860 Αὐτολύκου
524 1800 673 1872 Osanuus3
686 1801 754 1857 libri
765 1798 938 1872 Αὐτοκλέους,
954 1802 1036 1875 quod
1051 1819 1100 1858 or-

318 1901 379 1946 tum
393 1901 434 1946 est
445 1907 480 1947 ex
494 1891 529 1946 iis
542 1908 606 1962 quse
619 1889 785 1964 precedunt
794 1889 872 1964 apud
885 1890 1020 1948 suidam:
1035 1892 1097 1962 Μη-

316 1973 416 2042 λόύιος·
428 1963 499 2037 ...οὐ
519 1972 663 2055 Ὑπερίδης
677 1975 703 2034 ἐν
719 1978 758 2055 τῷ
770 1977 830 2034 κατ’
845 1975 1010 2044 Αὐτοκλέους
1025 1975 1097 2054 μάμ-

316 2086 404 2135 νητιιι.
422 2065 555 2140 Autolyci
564 2083 633 2122 vero
652 2064 752 2122 eadem
764 2067 819 2123 tuit
836 2086 1003 2142 causa‚quae
1024 2071 1098 2126 Leo-

317 2155 415 2224 cratis,
428 2153 477 2226 qui
492 2149 639 2228 μηλύύοτον
655 2149 703 2222 τὴν
718 2149 837 2226 Ἀττικὴν
850 2143 917 2212 εἶναι
942 2153 1099 2234 καταψηφί-

316 2245 411 2298 οααύαι
430 2241 535 2297 dicitur
548 2260 564 2298 a
578 2245 712 2317 Lyciugo
728 2241 745 2318 S
762 2242 828 2312 145.
845 2245 996 2320 Pinzgerus
1012 2264 1043 2320 p.
1061 2244 1096 2310 34

315 2326 431 2385 Suidam
453 2325 614 2394 Λυοικλάους
628 2331 769 2405 scripsisse
787 2342 880 2406 putat.
897 2333 1045 2390 Ssurrtus.
1058 2363 1098 2375 —

263 2457 268 2470 .
315 2415 514 2490 Bernhardyus
526 2416 710 2474 scribendum
738 2420 871 2492 putavit:
887 2416 967 2496 Παρδ
981 2421 1020 2498 τῷ
1037 2421 1097 2479 Λυ-

315 2501 418 2581 κούργῳ
431 2499 495 2579 [καλ
509 2500 583 2581 παρὰ
596 2505 634 2583 τῷ
652 2501 780 2582 Ὑπιρύδῃ
795 2501 806 2580 ]
820 2503 847 2560 ἐν
862 2505 900 2583 τῷ
919 2503 986 2563 Κατ’
1010 2504 1098 2564 Αὐτο-

316 2587 425 2662 κλάους,
440 2589 514 2648 adeo
537 2602 571 2648 ut
589 2594 714 2668 Lycurgi
728 2595 874 2649 mentione
892 2595 1099 2670 perstringatur

314 2681 525 2754 sententiaque
537 2681 567 2736 in
581 2691 652 2736 orat
662 2691 764 2737 contra
773 2682 942 2739 Leocretem
957 2680 1040 2756 §145
1059 2683 1098 2740 le·
1336 2691 1386 2752 lv,
1413 2691 1515 2750 ΚΑΤΑ
1537 2691 1731 2752 ΔΗΜΑΛΟΥ.

314 2767 402 2841 gitur,
416 2766 568 2843 Hyperidis
578 2779 673 2826 sutem
682 2769 769 2824 verba
779 2770 834 2824 sint
845 2764 914 2826 δλλδ
924 2767 992 2830 καλ..
1006 2770 1097 2843 άνῆκι,

315 2856 419 2930 quibus
430 2856 502 2914 alius
510 2857 593 2912 locus
601 2856 746 2930 subJectus
755 2857 792 2913 sit
803 2874 837 2912 ex
848 2857 988 2932 scriptore
999 2855 1098 2932 aliquo
1183 2861 1371 2933 «Lycurgum
1389 2857 1548 2912 orationem
1562 2851 1631 2912 κατδ
1651 2852 1780 2930 Δημάδου
1794 2853 1927 2911 habuisse

317 2943 468 3001 historico.
490 2943 675 3018 Hiesslingius
687 2943 776 3000 rerba
785 2940 886 3001 ἀλλὰ...
904 2942 986 3012 ἀνῆκε
1000 2962 1035 3001 ex
1047 2949 1099 3021 Ly·
1143 2964 1208 3000 cum
1222 2944 1332 3015 Suidae,
1349 2942 1503 3019 Biographi
1517 2941 1616 2999 decem
1628 2952 1790 3011 oratorum,
1800 2943 1927 2998 Athenai

241 3033 244 3040 ’
314 3049 419 3106 curges
436 3049 463 3090 c.
486 3030 587 3089 Leocr.
601 3032 733 3086 oratione
747 3031 923 3106 negligenter
945 3033 1045 3108 citeri,
1060 3051 1101 3090 se·
1142 3033 1308 3089 testimoniis
1322 3034 1388 3088 satis
1413 3042 1541 3100 constet,
1562 3031 1714 3103 injudicio
1728 3031 1848 3105 publico
1861 3047 1927 3084 earn

313 3129 450 3192 quentem
474 3137 543 3174 vero
564 3119 662 3175 locum
686 3135 722 3174 ex
745 3119 890 3193 Hyperide
911 3119 1028 3176 ductrim
1042 3140 1099 3179 esse
1143 3119 1247 3176 dictam
1261 3137 1319 3176 esse
1335 3138 1401 3176 cum
1414 3118 1571 3194 Biogrsphi
1583 3117 1654 3174 illud
1665 3116 1848 3194 γραψάμενος,
1865 3127 1927 3172 tum

316 3217 455 3264 autumat.
479 3207 601 3262 Meierus
626 3205 753 3281 denique
766 3208 786 3264 1.
804 3207 822 3262 l.
842 3226 873 3282 p.
893 3206 958 3262 uni
978 3209 1098 3282 glossam
1142 3209 1291 3282 utriusque
1313 3207 1368 3261 viri
1391 3223 1486 3262 mores
1506 3217 1536 3261 et
1557 3206 1685 3260 rationes
1697 3203 1850 3279 probabile
1864 3203 1929 3260 red-

315 3291 409 3349 Suidse
420 3295 459 3350 lta
468 3291 664 3368 relingendam
680 3294 838 3350 arbitratur
854 3311 862 3353 :
881 3293 976 3352 Αιῖται
997 3293 1025 3352 dl
1036 3294 1099 3354 τού·
1143 3294 1225 3352 dunt.
1236 3296 1385 3352 Actionem
1395 3312 1465 3350 vero
1477 3289 1638 3369 παρανόμων
1648 3291 1930 3366 luisseKiesslingius

315 3399 382 3456 νομα
399 3377 530 3460 καλπαρδι
552 3378 697 3462 Λυκούργῳ
721 3379 766 3458 [ἐν
779 3381 818 3458 τῷ
838 3377 907 3437 κατδι
919 3379 1099 3461 Αὐτολύκου]
1141 3402 1173 3458 p.
1190 3383 1226 3450 64
1244 3383 1300 3459 (cf.
1316 3385 1415 3441 Meier.
1429 3403 1458 3458 p.
1475 3381 1635 3456 CXXXlV)
1655 3381 1737 3436 facile
1754 3380 1927 3456 pessundet,

225 3529 229 3537 ,
316 3463 461 3526 sttui...
475 3468 567 3538 ιἰνῆκι.
582 3493 594 3520 ι
611 3464 678 3548 [Καὶ
692 3465 765 3547 noph
789 3469 827 3547 τῷ
839 3465 1004 3550 Ὑπερείδῃ]
1020 3470 1046 3528 is
1060 3473 1099 3551 τῷ
1143 3489 1207 3526 cum
1216 3469 1410 3527 Demadesvcl
1424 3471 1467 3524 bis
1477 3469 1523 3524 rel
1538 3479 1581 3524 ter
1592 3469 1636 3524 vel
1651 3470 1753 3542 septies
1765 3487 1800 3524 eo
1814 3465 1928 3538 judicio

314 3551 385 3610 κατὰ
394 3551 572 3620 Αὐτοκλέους·
588 3580 601 3608 ι
617 3553 813 3632 Βουλευομάνου
827 3556 887 3614 κτλ.
904 3588 944 3602 -
958 3560 1028 3630 Quis
1042 3559 1099 3616 ho·
1142 3561 1246 3631 petitus
1259 3577 1317 3616 esse
1329 3558 1441 3614 dicatur
1453 3557 1498 3632 (cs.
1512 3554 1627 3627 Lhardy
1639 3553 1675 3610 de
1683 3553 1820 3624 Demade,
1831 3572 1862 3628 p.
1876 3555 1930 3623 183

313 3659 380 3697 rum
397 3659 495 3697 verum
511 3643 648 3720 tetigerit,
661 3642 814 3716 dijudicari
832 3646 878 3700 vix
889 3655 994 3720 potest.
1016 3647 1100 3704 Adde
1143 3643 1260 3722 Plygers
1281 3645 1318 3701 de
1338 3643 1477 3716 Demade,
1491 3660 1520 3715 p.
1536 3638 1682 3710 68;P1ut.
1705 3639 1795 3697 Phoc.
1814 3658 1841 3696 c.
1864 3639 1928 3712 nd).

312 3729 396 3804 qood
409 3749 508 3786 revera
524 3731 661 3789 exstitisse
680 3733 764 3788 ctiam
780 3733 906 3808 Lycurgi
923 3744 1024 3790 contra
1042 3739 1101 3791 Au·
1143 3739 1237 3807 Atque
1255 3749 1348 3806 nuper
1361 3730 1439 3806 apud
1458 3731 1602 3784 rhetorem
1618 3747 1795 3803 anonymum
1817 3729 1856 3784 hl.
1875 3725 1928 3782 Se·

313 3818 419 3874 toclesn
434 3820 598 3876 orationem
610 3839 678 3877 cum
703 3820 870 3895 Kiesslingio
884 3840 918 3896 p.
940 3828 994 3888 ²4¹
1012 3825 1100 3898 suspi-
1142 3821 1235 3895 guerii
1249 3837 1279 3893 p.
1295 3817 1330 3874 51
1348 3818 1434 3874 verba
1450 3815 1581 3890 quaedam
1597 3817 1722 3890 Lycurgi
1734 3816 1848 3870 inventa
1861 3825 1931 3868 sunt

313 3907 376 3962 ceri
390 3907 468 3964 lieet.
480 3907 542 3980 Qua
557 3907 638 3964 dere
656 3909 695 3964 ita
706 3908 793 3964 habet
805 3905 968 3984 Sauppius:
982 3935 994 3960 ι
1007 3909 1099 3968 Μακί-
1143 3906 1181 3983 (v.
1199 3907 1252 3981 hg.
1268 3903 1331 3982 91),
1344 3923 1407 3979 quae
1420 3903 1527 3977 siquid
1542 3918 1668 3980 unquam
1680 3901 1845 3974 conjectura
1859 3917 1932 3956 ssse-

312 4011 378 4050 snus
391 3991 533 4052 Punudes
555 3999 625 4066 LV,
640 4015 675 4072 p.
702 4003 758 4067 4⁰7
779 3997 828 4054 W.
846 3995 883 4052 de
898 3997 1100 4071 enthymemasi
1123 3987 1223 4051 ’cutus
1242 4013 1303 4050 sum
1320 3993 1386 4066 jure
1400 3993 1470 4047 mihi
1488 3990 1592 4046 videor
1607 3989 1645 4046 ad
1667 3991 1740 4047 banc
1764 3989 1930 4044 orationem

314 4081 544 4140 demonstrativis
557 4094 585 4140 et
596 4083 771 4142 refutatoriis
780 4103 925 4160 exponens
939 4087 996 4142 hoec
1008 4086 1097 4143 dicit:
1142 4083 1262 4153 referre,
1276 4083 1315 4137 ita
1328 4092 1362 4136 ut
1376 4081 1412 4138 de
1424 4079 1576 4154 plebiscito
1591 4077 1763 4153 intelligam,
1782 4095 1841 4150 quo
1863 4078 1929 4132 ue-

315 4166 473 4246 Ἐλεγκτικδ
497 4167 525 4228 li
546 4171 600 4248 (sc.
627 4169 820 4248 ἐνθυμήματα)
836 4170 870 4230 τὰ
894 4171 954 4230 κατ’
980 4169 1095 4252 Ῑμραοιν
1143 4170 1239 4226 mades
1255 4168 1421 4242 Euthycrati
1440 4165 1577 4240 Olynthio
1591 4165 1715 4220 honores
1733 4163 1873 4237 quosdam
1890 4161 1931 4216 ab

317 4247 508 4334 μάχηςιοῖυν·
523 4283 537 4309 ι
552 4257 642 4336 οὐγὰρ
654 4255 690 4316 δν
707 4257 798 4318 Σόλων
808 4257 856 4335 μὲν
872 4258 935 4318 αὐτὸ
944 4259 1099 4339 παράλιπεν,
1143 4257 1359 4314 Atheniensibus
1385 4255 1473 4310 tribui
1500 4251 1593 4308 uoluit
1616 4253 1671 4326 (ci.
1695 4252 1749 4326 lrg.
1776 4247 1933 4326 Hyperidis

316 4343 452 4418 Αὐτοκλῆς
465 4339 492 4402 il
506 4341 594 4424 ιύριτο
611 4343 649 4424 (1.
666 4335 754 4425 εὗρε),
773 4347 802 4406 h.
824 4365 850 4406 e.
874 4366 1038 4422 repugnans
1059 4362 1100 4404 est
1145 4357 1218 4406 orat.
1244 4342 1313 4403 ιιιιτδ
1329 4341 1482 4418 Δημάδου).
1503 4340 1589 4414 Quod
1603 4342 1627 4396 si
1643 4351 1722 4396 recte
1743 4349 1857 4410 statuo,
1871 4337 1933 4409 Ly·

315 4431 444 4489 saonem
462 4435 494 4488 id
510 4439 647 4504 oinium,
665 4437 810 4491 Autoclem
835 4454 897 4500 ςιοιυ
916 4441 1038 4510 primum
1060 4443 1099 4492 ri-
1145 4453 1249 4510 curgus
1270 4445 1299 4489 et
1318 4429 1480 4507 Hyperides
1496 4441 1556 4485 tum
1575 4428 1730 4485 Demadem
1750 4427 1932 4500 conjunctim

313 4521 400 4599 disse.
417 4521 524 4577 Eodem
539 4521 644 4577 habere
654 4523 745 4578 alliun
759 4524 945 4598 Hermogenis
958 4525 1099 4599 interpre·
1144 4531 1355 4580 accusaverunt.
1372 4519 1542 4576 »stomun

1145 1398 1203 1478 ἔχει
1226 1401 1257 1460 sd
1277 1401 1351 1482 παρὰ
1366 1405 1403 1484 τῷ
1423 1403 1579 1484 Λυκούργῳ·
1596 1405 1624 1461 ού
1639 1401 1690 1482 γδρ
1704 1416 1760 1464 etc.
1780 1409 1929 1465 Deindesi

1144 1502 1239 1547 cetera
1250 1494 1381 1568 exempla
1394 1495 1507 1564 omnia,
1520 1511 1584 1568 quse
1598 1513 1613 1548 s
1631 1495 1758 1550 Planude
1769 1507 1798 1550 et
1811 1513 1928 1571 anony-

1143 1597 1191 1635 mo
1202 1581 1287 1636 allata
1296 1593 1362 1636 sunt
1372 1601 1510 1656 comparo
1520 1623 1528 1651 ,
1537 1599 1639 1656 parum
1651 1581 1765 1637 videtur
1773 1583 1928 1639 verisimile

1143 1684 1201 1724 csse
1217 1669 1273 1725 hoc
1286 1688 1344 1725 uno
1368 1671 1434 1726 loco
1448 1672 1619 1745 scriptorem
1633 1671 1814 1725 nominatum
1828 1669 1924 1728 fuisse

1145 1756 1241 1827 Quare
1253 1767 1303 1812 aut
1315 1761 1490 1831 anonymum
1505 1759 1602 1814 nescio
1617 1757 1688 1831 quid
1699 1757 1778 1813 aliud
1787 1759 1928 1832 scripsisse

1143 1843 1270 1898 existimo
1285 1856 1334 1900 aut
1354 1844 1452 1901 addita
1471 1855 1537 1901 ante
1550 1865 1578 1902 v.
1591 1831 1643 1902 οἷον
1658 1845 1796 1919 particula
1808 1841 1826 1912 ἢ
1839 1845 1928 1901 verbo

1143 1928 1187 1986 ἐπὶ
1198 1933 1243 1988 τοῦ
1253 1929 1404 2010 Λυκούργου
1421 1930 1475 2008 (vel
1488 1929 1520 1989 τ“ο
1529 1929 1572 1988 ἐπὶ
1585 1952 1611 1989 τ.
1629 1931 1678 2008 Λ.)
1695 1931 1731 1987 de
1744 1941 1815 1987 noto
1827 1933 1926 2006 aliquo

1143 2029 1171 2076 et
1184 2021 1322 2078 tralaticio
1337 2021 1577 2094 enthymematum
1587 2021 1928 2088 refutatoriorumexem·

1142 2107 1192 2182 plo
1219 2108 1402 2184 intelligenda
1418 2127 1487 2168 esse.
1513 2110 1640 2184 Lycurgi
1662 2109 1752 2186 igitur
1766 2111 1927 2164 orationem

1143 2207 1242 2252 conus
1256 2198 1407 2253 Autoclem
1420 2197 1504 2252 hrisse
1518 2215 1611 2272 nego,
1624 2195 1714 2254 rerba
1725 2214 1794 2252 vero
1808 2197 1858 2252 illa
1872 2197 1929 2252 lor·

1144 2293 1215 2340 tasse
1229 2285 1371 2359 Hyperidi
1387 2285 1538 2342 nibueuda
1551 2295 1649 2343 nant.»
1672 2286 1776 2342 Fateor
1792 2283 1864 2340 nihil
1884 2285 1929 2338 his

1143 2373 1251 2444 evinci,
1262 2392 1313 2430 nec
1329 2373 1487 2448 quidquam
1503 2373 1631 2444 obstare,
1646 2374 1717 2447 quin
1731 2373 1855 2449 Lycurgi
1869 2391 1929 2430 esse

1143 2461 1230 2517 rerba
1242 2461 1325 2520 allate
1334 2463 1487 2536 Anonymo
1502 2459 1622 2519 fidentes
1637 2471 1777 2537 putemus.

321 4626 1929 4652 --.—--.-.....-............-.--—-----—-

315 4687 412 4750 pistore,
426 4689 455 4736 ut
466 4686 529 4738 ldem
548 4689 630 4738 orator
649 4686 766 4740 declarat.
783 4687 896 4740 Nonnulli
917 4692 998 4738 sutem
1014 4689 1098 4740 dicunt
1146 4693 1230 4739 eontra
1241 4685 1387 4749 Autolycum
1399 4703 1405 4735 ι
1427 4701 1439 4726 ι
1455 4683 1580 4733 sedetiam
1599 4682 1704 4732 Atu'esro
1718 4679 1846 4744 pecoribus
1857 4681 1937 4742 cispa·

314 4759 455 4816 committer
465 4757 546 4808 omnia
556 4757 666 4822 sepulcre
682 4759 717 4807 stc
734 4757 830 4819 vorari,
843 4757 962 4820 imprimis
973 4763 1054 4810 nmen
1071 4773 1099 4809 οι
1143 4759 1256 4809 ιοοιιδιιιιι
1264 4757 1362 4820 reliquit
1372 4775 1394 4814 ι,
1409 4756 1466 4804 tum
1477 4753 1549 4815 ορυο
1559 4751 1586 4778 ”
1600 4751 1645 4801 nti
1660 4751 1731 4802 buc.-
1743 4769 1756 4794 ι
1773 4749 1938 4800 putenm

314 4838 370 4886 qum
385 4839 434 4876 ιιοο
449 4827 539 4878 habent
553 4827 578 4878 in
589 4827 665 4878 altum
674 4833 799 4890 surgentes
807 4828 968 4888 structiones,
985 4830 1027 4879 sed
1038 4841 1098 4890 qua·
1143 4835 1223 4880 eutem
1237 4829 1282 4893 (sc.
1299 4825 1551 4879 monumentorum
1561 4825 1586 4872 et
1595 4825 1724 4872 sociorum
1735 4820 1859 4882 οοιιειὶιο)
1868 4820 1937 4881 qnid

314 4893 345 4942 lis
357 4897 517 4958 suntquaudo
529 4896 645 4948 υοδειοτιι
657 4896 802 4958 humentem
812 4909 900 4947 nornen
913 4901 996 4948 sutem
1007 4897 1038 4948 ab
1047 4897 1097 4960 ipo,
1143 4899 1174 4950 ds
1185 4899 1244 4950 orbe
1257 4896 1414 4950 statuendum
1425 4897 1501 4956 osset,
1511 4893 1619 4945 Tliohsui
1631 4893 1772 4951 ιυιιοτυιιι,
1783 4895 1810 4940 ot
1822 4901 1875 4938 esus
1889 4903 1938 4950 pe

315 4965 399 5026 imas
413 4963 520 5016 fluxim·
1143 4968 1238 5019 cotibus
1249 4965 1424 5031 depascentem
1433 4963 1593 5026 relinqueret3
1604 4966 1687 5012 contra
1699 4961 1834 5012 Phocenses
1842 4959 1864 5008 ei
1877 4969 1939 5018 usr-

688 5032 726 5080 ¹⁷·
1145 5039 1249 5088 cendum
1261 5051 1312 5088 esse
1324 5035 1461 5086 censebant.
1477 5053 1488 5077 υ
1502 5035 1542 5098 (v.
1556 5033 1680 5083 Plutarch.
1694 5033 1751 5094 Lys.
1769 5038 1805 5082 15.
1817 5029 1937 5093 Knoph.

347 5104 481 5164 Μηλύὐαιος
489 5107 570 5171 χώρα,
583 5121 638 5169 ager
652 5107 683 5156 ah
693 5107 802 5158 hostibus
815 5110 925 5158 vastatus
938 5109 963 5158 et
973 5107 1100 5172 pecoribus
1145 5107 1208 5158 Heli.
1222 5115 1246 5170 ν,
1259 5115 1283 5168 ν,
1298 5115 1333 5170 ts,
1344 5110 1368 5170 ³,
1379 5113 1404 5167 5,
1417 5112 1445 5164 s;
1460 5105 1530 5156 Dein.
1546 5119 1582 5154 or.
1597 5111 1635 5165 ts,
1650 5103 1665 5166 §
1683 5109 1723 5164 ⁶⁵5
1737 5103 1835 5152 {socul-
1849 5113 1886 5150 ⁰¹·
1906 5109 1934 5159 ἓν.

313 5175 442 5237 pascendis
453 5177 561 5228 relictus.
581 5179 664 5227 Esstst
674 5189 721 5255 ros
734 5179 787 5228 tum
799 5177 864 5239 apud
880 5179 1016 5240 Lycurgum
1026 5181 1050 5230 in
1061 5189 1097 5228 οι.
1143 5177 1194 5242 §31
1206 5177 1334 5241 ;Audocid.
1348 5191 1384 5226 or.
1398 5183 1422 5238 ³,
1432 5173 1447 5238 ς
1457 5177 1506 5238 ti).
