4116 6068
610 393 779 454 nlcunol
801 393 860 453 011.
884 393 1039 454 CONTRA
1062 393 1301 454 Laocalrnll.
1470 458 1472 462 ,
1687 407 1721 455 21

128 524 267 606 spedonia<
276 522 409 603 κρίνοντας
422 521 504 588 ούτως
519 520 587 580 ὅσιον
599 513 665 580 εἶναι
676 528 752 580 τοῦτο
766 522 903 602 πράττειν,
948 531 1043 590 cantes,
1063 531 1129 591 pium
1144 543 1194 579 esse
1212 533 1236 580 et
1250 533 1362 579 sanctum
1378 530 1425 580 boo
1449 531 1540 592 iacere,
1560 533 1587 580 ut
1604 533 1726 594 quotquot

59 611 66 618 ’
129 613 199 678 ὁπως
207 611 298 669 ὁπόσοι
308 613 354 667 τοῦ
363 607 480 666 κινδύνου
493 612 627 688 μετεῖχον,
640 611 666 666 ἐν
680 611 821 689 ὀφθαλμοῖς
835 608 906 674 ὄντες
950 617 1050 680 periculi
1066 619 1190 665 consortes
1209 617 1310 679 merim,
1323 619 1379 667 onte
1399 621 1553 679 conspectum
1564 618 1687 668 constituti
1701 625 1726 668 et

129 701 175 758 καὶ
185 699 312 778 ὁρώμενοι
325 695 370 754 καί
380 695 619 771 ἀναμιμνήσκοντες
630 695 669 753 ὁτι
679 703 723 754 τοῦ
735 701 821 754 κοινοῦ
833 693 906 773 παρὰ
952 703 995 752 uisi
1005 703 1120 766 vobisque
1135 703 1315 753 admemoriam
1334 707 1474 754 revocantes
1482 703 1547 767 quod
1557 705 1652 766 publiea
1663 705 1726 768 apud

76 797 210 852 168πᾶσιν
226 784 299 843 ἐλέου
317 785 365 842 οὐκ
383 781 545 855 ἠξιώθησαν,
564 781 718 862 πικροτέρας
731 781 778 848 τὰς
797 782 905 860 γνώσεις
950 803 1033 839 onmes
1042 789 1204 840 misericordia
1218 791 1423 853 dignibabitinon
1433 793 1545 854 luissent,
1559 793 1727 842 acerbioresin

132 873 201 933 κατὰ
215 877 261 930 τοῶ
278 872 423 935 ἀδικοῦντος
432 871 674 947 παρασκευάζωσιν.
718 866 826 938 Ἐπειδὴ
843 870 864 926 δ’
877 869 906 924 ού
951 875 1129 938 delinquentem
1139 877 1247 938 judicum
1259 879 1388 928 sententias
1401 879 1535 928 redderent.
1569 879 1727 942 Quandoqui-

130 960 241 1037 νόμιμον
250 956 451 1032 οὗδέἰθισμένσν
460 955 608 1029 ἐστίν,ἀλλ’
620 957 759 1034 ἀναγκαῖον
769 959 835 1032 ὑμᾶς
843 952 907 1032 ύπέρ
951 963 1006 1010 den:
1021 967 1160 1012 autemnon
1178 967 1215 1014 ost
1229 965 1319 1026 iegibus
1330 966 1486 1014 constitutum
1500 979 1578 1028 noque
1587 971 1729 1016 consuetum

131 1047 236 1106 ἐκείνων
258 1045 382 1116 δικάζειν,
396 1043 608 1122 τιμωρησάμενοι
622 1035 666 1100 οὖν
686 1043 846 1120 Λεωκράτην
861 1041 906 1099 καὶ
952 1051 979 1098 ut
991 1051 1055 1099 istud
1069 1051 1123 1111 liat,
1140 1052 1182 1101 sed
1198 1053 1356 1102 necessarium
1372 1055 1408 1102 est
1426 1055 1453 1102 ut
1467 1065 1509 1102 ros
1519 1067 1563 1114 pro
1582 1054 1628 1102 illis
1637 1053 1729 1114 judicio

132 1131 329 1194 ἀποκτείναντες
344 1127 437 1199 αὐτόν,
458 1129 634 1206 ἀπαγγείλατε
649 1129 701 1196 τοῖς
714 1127 845 1206 ὑμετέροις
859 1129 907 1183 αίι-
952 1135 1096 1198 fungamini,
1108 1139 1224 1199 supplicio
1242 1139 1323 1200 itaque
1332 1139 1476 1201 simulatque
1487 1141 1614 1189 affeceritis
1625 1144 1728 1190 Leocra-

130 1222 184 1277 τῶν
206 1215 282 1274 παισί
301 1213 347 1272 καί
366 1212 479 1290 γυναιξίν
498 1213 538 1271 ότι
560 1215 705 1292 ὑποχείριον
726 1213 848 1279 λαθόντες
863 1212 906 1270 τὸν
952 1219 1001 1272 tem
1020 1227 1093 1284 atque
1111 1224 1245 1274 occideritis
1260 1225 1352 1287 ipsum,
1371 1226 1512 1276 denuntiate
1530 1228 1616 1276 restris
1627 1227 1729 1289 propriis

96 1328 111 1365 s
132 1302 264 1384 προδότην
276 1303 359 1359 αὐτῶν
372 1299 577 1380 ἐτιμωρήσασθε.
617 1300 679 1378 (ιιι)
695 1299 748 1360 Καί
759 1299 809 1378 γάρ
828 1299 907 1356 δεινὸν
952 1309 1032 1359 liberis
1048 1312 1121 1373 atque
1134 1311 1262 1372 uxoribus,
1276 1313 1342 1374 quod
1358 1313 1530 1376 deprehensum
1548 1317 1621 1376 atque
1631 1317 1729 1377 ooptum

132 1391 181 1448 καί
195 1389 328 1468 σχέτλιον,
348 1387 409 1444 ὅταν
428 1387 518 1464 νομίζῃ
534 1387 584 1444 δεῖν
603 1386 759 1466 Λεωκράτης
772 1386 827 1444 ἴσον
840 1385 909 1463 ἔχειν
953 1395 1099 1457 proditorem
1120 1397 1226 1459 ipsorum
1242 1399 1370 1448 affeceritis
1385 1399 1510 1462 supplicio.
1544 1401 1608 1462 (ll-2)
1624 1407 1658 1450 Αο
1673 1415 1730 1450 sano

133 1481 147 1533 ὁ
160 1474 248 1556 φυγὼν
261 1475 330 1551 ἐντίξΙ
344 1477 394 1530 τῶν
407 1470 546 1548 μεινάντων
558 1473 631 1530 πόλει
647 1473 691 1530 καὶ
706 1471 766 1548 ὁμὴ
779 1469 908 1530 κινδυνεύ·
954 1483 1101 1532 1ιοιτιαιι1υιιι
1110 1487 1146 1534 est
1159 1488 1183 1533 et
1193 1485 1320 1546 miserum,
1334 1486 1353 1535 si
1363 1487 1481 1535 existimet
1496 1487 1729 1537 Leocratoseundem

133 1585 183 1628 σας
194 1565 221 1619 ἐν
233 1565 265 1639 τῇ
277 1563 329 1617 τῶν
344 1557 568 1638 παραταξαμένων
583 1559 629 1616 καί
643 1557 703 1634 ὁμὴ
717 1557 873 1638 διαφυλάξας
882 1561 909 1614 ἐν
953 1569 1039 1619 debore
1046 1571 1134 1620 babere
1141 1575 1166 1621 et
1173 1573 1254 1621 locum
1262 1575 1286 1622 et
1294 1573 1407 1622 lronorern
1414 1575 1560 1636 transfugam
1574 1588 1629 1623 cum
1647 1575 1676 1624 iis
1688 1575 1729 1636 qni

132 1653 167 1726 τῇ
182 1650 235 1704 τῶν
251 1645 405 1704 σωσάντων·
421 1646 478 1701 ἀλλ’
490 1644 548 1715 ἥκει
560 1647 636 1723 ίερῶν
648 1649 741 1702 θυσιῶν
757 1648 851 1722 ἀγορᾶς
865 1643 909 1702 νά·
954 1658 978 1706 in
990 1657 1048 1708 urbe
1057 1659 1227 1720 remanserint,
1238 1663 1262 1708 et
1271 1673 1327 1708 eum
1337 1660 1379 1722 qui
1390 1674 1438 1708 non
1449 1661 1548 1710 subierit
1557 1662 1662 1723 periculo
1674 1675 1729 1710 oum

134 1757 192 1810 μων
202 1731 335 1796 πολιτείας
348 1729 459 1806 μεθέξων
469 1775 476 1801 ,
487 1729 552 1810 ὑπὲρ
565 1724 601 1789 ῶν
617 1736 661 1789 τοῦ
682 1730 719 1808 μὴ
733 1733 910 1801 καταλυθῆναι
955 1746 982 1794 iis
993 1745 1033 1806 qui
1043 1758 1094 1794 sese
1103 1745 1165 1794 trosti
1174 1749 1348 1808 opposuerunt,
1365 1750 1454 1796 eleum
1468 1747 1508 1810 qni
1522 1761 1569 1796 non
1584 1749 1731 1797 conservarit

133 1819 216 1898 χίλιοι
224 1821 276 1876 τῶν
286 1817 416 1895 ὑμετέροιν
424 1819 536 1875 πολιτῶν
545 1820 570 1874 ἐν
581 1817 728 1896 Χαιρωνείᾳ
740 1817 910 1888 ἐτελεύτησαν
955 1826 1038 1874 urbem
1047 1840 1102 1874 curu
1111 1827 1139 1875 iis
1148 1827 1189 1888 qui
1198 1828 1269 1876 tutati
1278 1829 1339 1888 sint;
1348 1827 1391 1876 sed
1400 1831 1667 1891 seditiosissimorum,
1676 1831 1730 1888 lori,

93 1933 121 1973 lo
136 1905 183 1962 καὶ
195 1902 310 1983 δημοσίφ
323 1901 413 1969 αὐτοὺς
427 1908 443 1973 ὴ
456 1901 530 1968 πόλις
540 1901 655 1982 ἔθαψαν·
668 1894 703 1960 ῶν
719 1896 791 1970 οὗτος
805 1903 863 1961 οὐδὲ
878 1903 911 1962 τά
956 1915 1048 1976 legum,
1064 1914 1201 1976 reipublicae
1212 1915 1389 1964 statnsiulurus
1401 1915 1493 1976 socius,
1502 1929 1544 1978 pro
1556 1917 1643 1978 quibus
1652 1919 1730 1966 omni·

135 1993 238 2066 ἐλεγεῖα
250 1989 284 2046 τδι
301 1990 514 2069 ἐπιγεγραμμένα
533 1999 585 2054 τοῖς
600 1990 734 2066 μνημείοις
750 1989 862 2048 ἐπανιὼν
876 1993 912 2056 είς
956 2002 1000 2050 bus
1020 2015 1049 2050 ne
1061 2002 1232 2062 dissiparentur
1242 2003 1307 2050 mille
1326 2004 1558 2051 vostrorumoivium
1568 2004 1591 2051 in
1601 2004 1732 2053 ciroeroneo

136 2077 186 2147 τὴν
198 2077 273 2134 πόλιν
286 2075 400 2153 ᾐδέσθη,
420 2079 478 2134 ἀλλ’
491 2075 570 2143 ούτως
582 2079 691 2143 ἀναιδῶς
706 2080 731 2134 ἐν
745 2085 797 2142 τοῖς
813 2078 910 2156 optat·
956 2085 1011 2132 sunt
1021 2083 1147 2131 desiderati
1163 2095 1191 2130 ao
1205 2083 1300 2144 publice
1315 2095 1356 2130 eos
1365 2083 1449 2132 civitas
1458 2082 1587 2143 sepulturae
1599 2083 1730 2134 mandavit.

136 2167 195 2236 pot<
209 2167 260 2220 τῶν
278 2161 459 2234 πενθησάντων
473 2163 519 2229 τὰς
532 2163 636 2222 ἐκείνων
660 2161 792 2242 συμφορὰς
808 2167 912 2239 ἡγεῖται
957 2170 1065 2222 Quorum
1083 2163 1127 2212 ldie
1137 2176 1168 2211 lle
1184 2163 1286 2224 elegiaca
1297 2162 1394 2223 quidem
1408 2163 1513 2210 carnrilttl
1524 2163 1637 2225 inscripti!
1647 2177 1732 2212 monu-

135 2253 191 2308 δεῖν
201 2249 414 2329 ἀναστρέφεσθαι.
427 2249 484 2328 (ιιι)
493 2250 546 2308 Καί
555 2249 647 2307 αὐτίκα
659 2250 721 2324 μάλ’
732 2253 800 2324 ὑμᾶς
810 2249 913 2317 ἀξιώσει
957 2247 1044 2294 ruentis
1053 2259 1137 2294 eorum
1156 2257 1265 2293 reuersus
1281 2245 1305 2292 in
1326 2244 1410 2292 urbem
1422 2245 1539 2293 reveritus
1552 2247 1600 2306 est,
1616 2245 1656 2294 sod
1672 2245 1732 2294 adeo

136 2335 242 2394 ἀκούῃ,
256 2340 335 2395 αὑτοῦ
350 2337 560 2412 ἀποχυφουμέ,ου
571 2337 639 2394 κατὰ
653 2336 711 2404 τοὺς
725 2337 831 2412 νόμους.
842 2340 914 2412 ὑμεῖς
958 2328 1109 2391 impudenter
1117 2327 1197 2376 adlruo
1208 2331 1263 2410 ante
1272 2340 1313 2375 ora
1322 2327 1431 2388 illorum,
1441 2327 1482 2388 qni
1492 2328 1578 2376 borum
1587 2329 1733 2377 calamitates

138 2422 827 2504 δοχμώ,αὐτὸηογουγμηςγγκαταχγπὼ,ὤχετο,
860 2423 914 2482 gap
958 2412 1050 2470 luxere,
1068 2413 1137 2471 putat
1152 2413 1263 2471 oportere
1278 2422 1329 2458 sese
1347 2411 1443 2458 versari.
1476 2413 1539 2472 (113)
1558 2417 1592 2462 Ae
1606 2412 1676 2461 valde
1689 2426 1733 2462 ros

97 2529 125 2566 ,ὅ
139 2514 217 2569 ἔξω
228 2510 306 2568 αὑτὸν
314 2513 392 2567 oluf„
404 2512 430 2568 g,
440 2511 492 2576 τοῖς
501 2511 600 2589 “istm
614 2515 660 2580 ,ἧς
670 2481 807 2588 πατρὴδος.
819 2511 913 2582 mm
959 2493 1050 2555 rogabit
1061 2495 1169 2540 actutum
1176 2527 1183 2552 ,
1196 2494 1222 2539 ut
1231 2491 1331 2541 audiatis
1341 2491 1417 2552 ipsum
1431 2491 1592 2541 detonsionem
1605 2494 1642 2542 sui
1652 2495 1730 2542 lactu·

131 399 271 474 iat-²³⁹)

140 2599 158 2656 ἃ
174 2597 248 2674 μόνος
256 2602 308 2656 τῶν
323 2597 434 2654 πολιτῶν
447 2600 475 2654 οὐ
488 2596 680 2677 συνδιεφύλαξε.
723 2596 778 2654 Καί
792 2595 913 2654 ἐπικαλέ·

140 2708 215 2742 σεται
227 2683 285 2747 τοίις
299 2681 369 2749 θεοὺς
380 2685 509 2750 σώσοντας
523 2684 599 2742 αὑτὸν
614 2688 642 2742 ἐκ
656 2687 706 2740 τῶν
721 2683 858 2740 κινδύνων·
875 2683 913 2740 τί·

139 2793 200 2840 νας;
215 2772 263 2847 οὐχ
277 2760 313 2826 ῶν
327 2767 385 2834 τοὺς
397 2767 458 2835 νεὼς
473 2770 517 2827 καὶ
529 2769 561 2826 τά
572 2769 617 2840 ἕδη
631 2769 676 2826 καί
689 2767 722 2825 τά
734 2767 828 2843 τεμένη
839 2767 914 2844 πρού·

140 2857 239 2928 δωιιεν;
257 2856 310 2913 Καί
332 2853 453 2926 δεήσεται
474 2857 519 2914 καί
540 2857 665 2914 ἱκετεύσει
690 2857 797 2925 ἐλεῆσαι
821 2855 914 2914 αίιτόν·

138 2945 230 3014 τίνων;
248 2943 298 3019 οὐχ
308 2933 344 3007 οἷς
354 2943 397 2999 τὸν
413 2942 490 3000 αὐτὸν
505 2941 594 3020 ἔρανον
610 2947 643 3008 είς
654 2943 701 3012 τὴν
715 2941 844 3022 σωτηρίαν
862 2945 915 3000 είσ-

140 3035 254 3104 ενεγκεῖν
267 3029 313 3084 οὐκ
333 3026 488 3102 ἐτολμησενς
499 3027 612 3094 Ῥοδίους
630 3029 783 3086 ἱκετευέτω·
796 3027 843 3098 τὴν
864 3028 916 3107 γὰρ

141 3114 287 3194 ἀσφάλειαν
302 3117 327 3172 ἐν
338 3119 371 3191 τῇ
384 3113 487 3172 ἐκείνων
499 3117 573 3172 πόλει
588 3117 687 3190 μᾶλλον
702 3116 720 3185 ὴ
733 3118 759 3172 ἐν
777 3119 808 3190 τῇ
824 3118 916 3172 ἑαυτοῦ

94 3227 126 3265 oo
139 3201 249 3280 πατρίδι
264 3199 379 3276 ἐνόμισεν
396 3193 471 3262 εἶναι.
514 3203 574 3278 (ιιι)
588 3201 655 3259 Ποία
670 3199 697 3258 δέ
711 3201 799 3271 ἡλικία
814 3202 918 3266 δικαίως

141 3287 174 3347 ἀν
197 3293 286 3344 τοῦτον
300 3287 429 3364 έλεήσειε;
439 3287 548 3366 πότερον
560 3291 635 3356 ἡτῶν
648 3285 830 3366 πρεσὸυτέρων
838 3312 846 3360 ;
860 3290 917 3345 ἀλλ’

141 3373 202 3432 otti
218 3379 443 3453 γηροτροφηθῆναι
454 3375 507 3432 οὐδ’
523 3377 549 3431 ἐν
564 3373 689 3452 ἐλευθέρῳ
703 3373 792 3454 ἐδάφει
805 3378 850 3444 τῆς
864 3397 916 3431 πα-

141 3461 227 3540 τρίδος
241 3462 327 3526 αὐτοῖς
340 3465 453 3540 ταφῆναι
465 3460 494 3518 τὸ
505 3461 563 3520 καθ’
575 3461 652 3519 αὑτὸν
666 3461 743 3541 μέρος
755 3459 916 3539 παρέδωκεν.

141 3544 214 3608 Ἀλλ’
224 3551 242 3618 ὴ
254 3551 305 3604 τῶν
316 3546 462 3625 νεωτέρωνς
472 3547 515 3605 καί
526 3547 564 3614 τίς
572 3546 604 3605 ἀν
616 3547 789 3623 ἀναμνησθείς
800 3551 851 3604 τῶν
861 3550 918 3616 ἡλι-

959 2573 1090 2635 rumjuxto
1100 2573 1170 2633 leges.
1188 2575 1237 2620 Vos
1252 2575 1332 2620 aulem
1345 2573 1484 2634 quaeritees
1500 2575 1560 2636 ipso,
1578 2575 1733 2636 qualssnasnt

960 2661 1025 2714 Quos
1037 2657 1102 2704 soliis
1112 2655 1221 2705 deserens
1232 2655 1297 2704 obiit.
1311 2655 1412 2718 Rogobit
1426 2657 1453 2704 ut
1463 2658 1544 2706 sinatis
1559 2657 1637 2718 ipsum
1648 2660 1733 2708 morari
1784 2663 1785 2668 ’

960 2740 983 2786 in
993 2739 1212 2800 rnoenibuspatriae;
1226 2737 1249 2786 in
1260 2739 1419 2799 quibusnam?
1432 2742 1459 2786 ln
1471 2739 1561 2800 iisquoe
1574 2753 1629 2788 eum
1642 2741 1735 2790 civibus

961 2835 1008 2870 non
1018 2821 1156 2870 asservarit.
1172 2823 1204 2868 nt
1213 2819 1333 2868 invorubit
1347 2819 1404 2868 deos
1415 2823 1549 2870 servaturos
1562 2821 1639 2883 ipsum
1652 2825 1735 2885 eperi-

961 2907 1035 2956 culis?
1047 2907 1178 2969 quosnam?
1195 2919 1274 2954 nonno
1286 2919 1390 2966 quorum
1408 2905 1506 2954 delubra
1521 2910 1546 2956 et
1559 2907 1625 2956 sedes
1634 2910 1658 2956 et
1668 2909 1736 2957 lucos

962 2977 1080 3048 prodidit?
1092 2991 1121 3036 Et
1127 2986 1262 3048 precabitur
1271 2987 1295 3034 et
1305 2984 1455 3046 supplicabit,
1465 2987 1492 3033 ut
1500 2987 1683 3035 misericordiam
1690 2987 1735 3036 sibi

963 3069 1111 3130 impertiant!
1127 3067 1220 3124 Quibus
1230 3079 1285 3114 vero
1298 3065 1457 3126 supplicabit?
1469 3078 1548 3114 nonne
1562 3065 1602 3125 iis,
1615 3079 1670 3114 cum
1680 3067 1734 3126 qui·

962 3153 1007 3200 bus
1019 3151 1154 3212 symbolam
1164 3148 1305 3197 adsalutem
1321 3148 1427 3196 conterre
1439 3145 1558 3195 noluerit?
1567 3146 1663 3196 lllrodiis
1676 3160 1735 3209 sup-

963 3237 1034 3298 plicet
1048 3231 1216 3283 :securitatem
1230 3231 1295 3279 enim
1309 3230 1333 3278 in
1342 3231 1446 3292 ipsorum
1459 3229 1518 3278 urbe
1531 3229 1695 3291 potiusquam
1711 3229 1736 3278 in

963 3331 1006 3365 sua
1017 3315 1091 3378 ipsius
1103 3313 1179 3375 patria
1198 3325 1251 3361 osse
1269 3311 1370 3360 sensuit.
1405 3313 1470 3372 (lli)
1491 3312 1573 3369 Qualis
1585 3314 1666 3360 autem
1677 3313 1736 3360 aetas

963 3399 1094 3460 liujusjure
1103 3397 1257 3445 misereatur?
1271 3399 1360 3444 natune
1369 3396 1538 3454 grandiorum?
1550 3397 1579 3444 At
1588 3409 1666 3457 neque
1678 3398 1736 3446 utin

963 3486 1028 3536 εοιιίο
1039 3497 1082 3533 suo
1091 3485 1211 3532 alerentur
1220 3495 1298 3542 neque
1308 3482 1333 3528 in
1342 3481 1417 3528 libero
1428 3481 1511 3542 potrioe
1523 3479 1573 3528 solo
1586 3481 1736 3530 tumularen-

964 3573 1004 3618 tur
1015 3573 1135 3630 qnsntum
1148 3568 1170 3615 in
1190 3567 1241 3628 ipso
1259 3566 1304 3614 luit
1315 3563 1439 3613 concessit.
1480 3566 1511 3612 rt
1530 3565 1588 3612 natu
1602 3564 1738 3614 minorum?

143 3637 247 3692 ννωνῖὗν
258 3637 309 3691 τῶν
321 3637 348 3691 έν
361 3633 510 3712 Χννρωνῑῖᾳ
525 3637 626 3699 ἑαυτοῖς
640 3633 919 3713 συμπαραταξαμένων
964 3657 1051 3718 Ecquis
1061 3653 1212 3704 revocatised
1222 3652 1361 3701 memoriam
1371 3649 1512 3710 aequalibus,
1520 3649 1561 3710 qui
1575 3649 1599 3697 in
1607 3649 1738 3698 clraeronea

143 3722 253 3779 καὶτῶν
267 3719 390 3777 κινδύνων
404 3724 455 3777 τῶν
468 3722 553 3777 αὐτῶν
574 3720 757 3798 μετασχόντων
773 3721 865 3776 σώσειε
877 3719 920 3776 τδν
964 3753 1045 3789 ,ecum
1059 3737 1167 3786 postibus
1183 3749 1209 3784 se
1221 3733 1383 3796 opposuerunt
1391 3733 1463 3791 atque
1472 3731 1555 3778 eadem
1567 3729 1671 3790 pericula
1686 3743 1738 3782 ms.

142 3806 191 3872 τ”ις
204 3805 308 3864 ἐκείνων
329 3805 408 3874 θήκας
427 3806 625 3885 προδεδωκότα,
641 3806 685 3862 καί
699 3809 731 3884 τῇ
753 3807 819 3880 αὐτῇ
842 3803 921 3883 ‘istit'
966 3825 1107 3885 tioiparnnt,
1119 3820 1249 3871 servaverit
1260 3819 1325 3867 buno
1336 3815 1378 3877 qui
1387 3815 1494 3876 sepulcro
1504 3826 1587 3862 eorum
1600 3813 1737 3875 prodiderit,

94 3917 128 3954 ss
142 3898 197 3952 τῶν
210 3892 258 3970 μὲν
271 3891 335 3971 ὑπὲρ
344 3897 387 3964 τῆς
398 3891 542 3971 ἐλευθερίας
555 3891 763 3963 τελευτησάντων
776 3892 921 3971 παρανοίας
966 3906 1224 3969 atqueeodemjudioio
1233 3917 1286 3962 eos,
1295 3903 1336 3965 qni
1345 3913 1389 3964 pro
1399 3900 1507 3948 libertate
1518 3897 1668 3959 oppetierunt
1678 3910 1738 3944 mor·

144 3979 305 4055 καταγνοίη,
321 3977 365 4036 τὸν
383 3979 405 4035 δ’
420 3978 627 4055 ἐγκαταλιπόντα
643 3977 689 4048 τὴν
712 3977 826 4058 πατρίδα
846 3981 879 4042 ὡς
893 3969 922 4033 εὖ
966 3995 1027 4052 torn,
1037 3991 1164 4042 dementiae
1174 3985 1383 4043 condemnaverit,
1395 3982 1542 4031 deserentem
1553 3991 1609 4027 roro
1622 3977 1737 4039 patriam,

144 4069 287 4146 φρονοῦντα
299 4067 380 4144 ἀθῷον
392 4065 486 4144 ἀφήσει
493 4089 501 4138 3
513 4066 571 4144 (llo)
583 4065 719 4133 Ἰίξουσίαν
729 4061 921 4144 ἀραδώσετετῷ
966 4096 1010 4131 ceu
1022 4077 1202 4128 lreneaiioolum
1214 4075 1325 4130 recteque
1338 4067 1488 4126 sentientem,
1498 4065 1649 4111 innocentem
1656 4061 1738 4110 dimit·

146 4151 298 4232 βουλομένῳ
309 4151 355 4210 καί
365 4152 434 4230 λόγῳ
448 4154 493 4210 καί
508 4151 575 4231 ἔργῳ
589 4151 633 4210 τὸν
645 4153 727 4226 δῆμον
739 4151 784 4208 καί
796 4153 863 4224 ὑμᾶς
875 4173 921 4207 ιια-
966 4167 1015 4213 let?
1027 4162 1091 4221 (llo)
1101 4157 1243 4206 potestatem
1255 4163 1310 4211 ergo
1321 4148 1408 4196 dabitis
1416 4145 1505 4194 volenti
1513 4147 1537 4192 et
1546 4143 1620 4192 verbo
1631 4147 1656 4193 et
1668 4157 1740 4205 opere

145 4244 201 4304 ιιῶς
211 4249 303 4300 ποιεῖν.
345 4243 386 4299 Οὐ
395 4240 446 4317 γὰρ
459 4240 589 4316 μόνοννῦν
602 4241 625 4297 οἱ
635 4238 769 4318 φεύγοντες
780 4238 921 4315 κατέρχον-
966 4255 1018 4300 tum
1029 4246 1116 4310 populo
1126 4245 1178 4292 tum
1191 4237 1258 4288 robis
1270 4229 1444 4285 malefaciendi.
1467 4233 1521 4280 Non
1536 4229 1599 4278 enirn
1611 4231 1739 4291 transfugae

144 4351 207 4398 ται,
222 4326 309 4384 ὁτανὸ
324 4326 505 4402 ἐγκαταλιπὼν
519 4325 567 4397 τὴν
589 4327 664 4383 πόλιν
679 4324 724 4383 καὶ
744 4324 828 4404 φυγὴν
847 4327 923 4389 αὐτὸς
966 4333 1045 4382 solum
1060 4339 1126 4376 nuno
1139 4323 1258 4381 redibunt,
1271 4315 1366 4382 quando
1382 4317 1402 4364 is
1419 4313 1461 4376 qni
1477 4312 1577 4375 putrium
1595 4311 1700 4360 deseruit
1711 4325 1740 4361 oo

145 4419 240 4474 έαυταῧ
252 4413 393 4487 καταγνοὺς
406 4414 450 4470 καί
462 4414 568 4484 οἰκήσας
579 4415 605 4470 ἓν
617 4411 745 4491 Μεγάροις
759 4412 801 4470 ἐπί
813 4410 923 4490 προστά-
966 4431 1043 4481 quum
1057 4405 1106 4478 ipso
1115 4426 1140 4462 se
1152 4424 1196 4460 suo
1206 4406 1318 4467 sulir³850
1334 4403 1406 4453 θνῑίῑθ
1418 4401 1570 4458 mmmm,
1590 4399 1691 4457 Mtglfti
1699 4397 1741 4444 ¹¹³·

95 4527 129 4564 ao
144 4525 193 4560 του
205 4501 286 4558 πλείω
297 4501 369 4558 πέντ’
384 4499 401 4570 ὴ
416 4499 442 4568 ἐξ
462 4500 507 4572 έτη
521 4503 546 4557 ἐν
561 4505 593 4570 τῆ
605 4499 680 4578 γόιρφ
700 4499 744 4557 καί
760 4501 785 4555 ἐν
801 4503 833 4576 τῇ
848 4498 923 4554 πόλει
966 4497 1050 4548 bitarit
1058 4495 1103 4544 sub
1111 4498 1211 4557 patrono
1220 4488 1362 4538 constitutus
1370 4485 1431 4532 ultra
1441 4479 1645 4574 quinqueoutssx
1654 4487 1738 4568 aornos,

145 4587 356 4666 ἀναστρέφηται,
378 4590 446 4646 ἀλλὰ
467 4589 512 4645 καὶ
532 4591 546 4645 ὁ
565 4565 709 4662 μηλόὸοτον
732 4585 779 4655 τὴν
805 4584 923 4654 Ἀττικὴν
967 4559 1739 4634 111ῑθῐνθΙΙθῦθΙννίνθνθῑννῑννὶννννννννίῑννννθννδνίίωὼννω

144 4667 216 4733 εἶναι
236 4679 385 4753 φανερᾷτῇ
408 4675 487 4753 ψήφῳ
514 4672 776 4755 καταψηφισάμενος,
800 4661 872 4734 οὗτος
897 4672 923 4727 ἐν

143 4761 231 4840 ταύτῃ
243 4766 276 4838 τῇ
286 4761 362 4841 χώρα
377 4761 493 4826 σύνοικος
504 4764 576 4836 ὑμῶν
591 4760 738 4836 γενήσεται.

189 4867 235 4908 llo.
259 4849 391 4924 Βούλομαι
405 4850 427 4904 δ’
439 4847 476 4905 ἔτι
486 4846 586 4926 βραχέα
601 4846 665 4925 πρὸς
676 4850 744 4921 ὑμᾶς
756 4842 834 4902 εἰπὼν
845 4865 925 4900 κατα-

144 4938 227 5008 ίῆναι
239 4935 285 4994 καί
298 4935 328 4992 τδ
342 4935 465 5016 ψήφισμα
477 4941 521 4993 τοῦ
534 4935 617 5011 δήμου
631 4932 831 5012 παρασχόμενος
843 4928 925 5008 δπερί

143 5021 281 5088 εύσεόείας
306 5022 460 5092 ἐποιήσατο·
487 5021 617 5100 χρήσιμον
640 5020 690 5098 γάρ
716 5019 776 5094 ὑμῖν
802 5021 855 5075 ἐστι
874 5024 926 5083 τοῖς

144 5112 274 5190 μέλλουσι
294 5111 341 5182 τὴν
363 5115 446 5192 Ινῆφον
461 5113 557 5190 φέρειν.
601 5107 655 5168 Καί
669 5129 713 5184 μοι
730 5106 788 5183 λέγε
802 5103 873 5162 αὐτό.

969 4671 1092 4734 pecoribus
1103 4664 1282 4727 relinquendam
1296 4659 1397 4710 Atticam
1410 4669 1462 4704 esse
1474 4655 1556 4716 aperto
1568 4664 1612 4699 suo
1625 4645 1740 4706 sultagio

969 4761 1059 4820 voluit,
1072 4757 1112 4806 bio
1120 4757 1143 4804 in
1155 4756 1200 4804 boo
1211 4751 1305 4812 regione
1315 4745 1407 4796 ricinus
1416 4745 1496 4793 noster
1507 4739 1575 4790 nobis
1584 4733 1737 4786 collabitabtl.

1000 4851 1053 4896 liu.
1071 4841 1161 4892 bellino
1174 4837 1297 4898 ubipauos
1313 4829 1424 4893 quaedam
1434 4824 1465 4874 ad
1477 4835 1519 4870 vos
1530 4819 1627 4875 dixero,
1639 4815 1739 4863 descen·

969 4933 1026 4982 dere
1034 4929 1104 4988 roto,
1114 4930 1187 4988 atquo
1198 4923 1240 4972 ubi
1249 4920 1372 4970 decretum
1382 4912 1462 4976 populi
1472 4908 1538 4973 quod
1549 4905 1579 4955 de
1588 4904 1675 4968 pietate
1687 4899 1743 4952 lecit

969 5019 1100 5071 exhibuero
1112 5035 1118 5064 ι
1129 5009 1282 5062 commodum
1298 5005 1362 5054 enim
1373 5001 1398 5050 id
1406 4999 1474 5049 vobis
1484 4997 1520 5047 ost
1528 4993 1671 5046 sententiam
1680 4989 1744 5038 latu·

970 5108 1008 5157 ris.
1022 5103 1102 5154 lleoila
1111 5113 1167 5163 ergo
1174 5097 1231 5147 mitri
1240 5095 1263 5145 id
1270 5093 1401 5144 decretum.
