4114 6088
742 419 779 478 11.
805 386 1061 482 οιννοιιιιοε
1078 423 1109 482 ιι.
1674 437 1733 490 ιιι

112 551 212 607 πάντων
226 549 259 612 είς
275 547 321 618 τὴν
334 551 381 622 γῆν
401 548 471 620 ἡμῶν
492 550 678 622 στρατεύουσιν·
692 551 707 603 ό
720 553 803 624 μέντοι
816 543 912 625 Δημο-”
981 570 1026 617 κα,
1045 557 1086 609 ιθ.
1110 553 1156 607 ίίαὶ
1175 553 1310 627 προήφηται
1325 555 1458 630 πράττων]
1481 552 1512 608 Ἥ
1529 557 1639 620 σύνταξις
1660 559 1736 622 ούτως

110 633 198 698 σθένης
213 629 255 684 καί
268 629 306 684 ἐπ’
321 629 425 683 ἔλαττον
437 629 538 683 καθεῖλε
554 629 610 693 τούς
623 631 783 697 Μακεδόνας,
797 631 827 685 σθ
844 633 900 694 τοῦς
947 633 988 686 καί
1000 635 1136 706 προῄρηται
1160 635 1333 705 πράττωνκαὶ
1356 635 1501 689 κινδυνεύων
1521 637 1607 690 παθεῖν
1629 637 1685 691 ότι
1703 639 1733 692 ἀν

110 711 260 781 συμμάχους
268 709 409 780 προσθήκην
417 707 507 774 αθτιῦν,
517 707 748 772 άλλίιέκείνουςτῶν
760 712 899 782 συμμάχων
947 715 1038 784 συμόῇ.
1055 713 1119 769 Εἶτα
1132 714 1174 766 δεῖ
1185 713 1309 776 στίξοντας
1330 713 1478 786 ἐπενεγκεῖν·
1500 718 1668 790 προῃρημένος
1680 718 1735 773 ἀντὶ

111 789 301 860 ἀποφηνάμενος
312 788 346 849 ιὀς
357 788 398 841 καί
409 787 498 854 πλήθει
511 789 552 841 καί
566 789 667 861 δυνάμει
680 791 767 864 πολλῷ
784 791 899 862 λειπομέ·
946 797 989 846 τοῦ
995 796 1043 866 ζῇν
1051 792 1165 864 ἀσφαλῶς
1177 793 1248 855 δόξαν
1257 791 1394 861 κτήσασθαι
1405 799 1449 848 τοῦ
1459 799 1535 850 ταῦτα
1545 797 1732 868 διαπράξασθαι,

112 889 169 931 νους
182 873 231 922 τῶν
244 868 393 938 συμμάχων.
431 867 513 934 θήλον
532 867 559 921 zi
572 869 613 921 καὶ
627 867 741 932 ἐξαθτῶν
754 876 803 924 τῶν
819 871 899 942 ῥητῶν
946 873 1059 944 άμηδελς
1070 872 1146 935 ἀλλος
1158 873 1318 929 Μακεδόνων.
1337 873 1460 928 ΒΕἸὈἿ.

112 969 127 996 ⁸
146 947 187 999 καί
201 947 259 1000 &tm
276 965 312 1008 1¹5
329 947 369 1010 ἂν,
382 944 469 1016 οἶμαι,
484 946 579 1019 προσθῇ
593 947 638 1000 κάν
653 949 741 1020 μικράν
754 948 867 1021 δύναμιν.
886 971 897 998 ε
981 969 1026 1005 22.
1042 971 1085 1022 19.
1097 950 1148 1018 Τὴν
1163 957 1202 1006 τοῦ
1216 951 1390 1023 διαπράξασθαι
1401 955 1494 1025 ταῦτα]
1513 951 1665 1027 ’λ’περόατδν
1679 957 1735 1010 καθ’

112 1029 167 1081 RS.
946 1028 1080 1099 ύπέρθεσιν.
1094 1032 1125 1083 Β.
1139 1029 1174 1083 Tb
1189 1035 1276 1103 σχῆμα
1288 1031 1434 1103 ύπερδατόν.
1449 1035 1518 1088 AJ’..

153 1103 217 1173 Πρδς
236 1103 284 1174 γάρ
303 1101 447 1164 Ὀλυνθίους
459 1102 596 1175 πολεμοῦσι
611 1106 664 1168 τοῖς
687 1104 820 1173 Ἀθηναίοις
832 1125 901 1160 συνε-
984 1107 1155 1180 ίίοπτομένης]
1166 1109 1353 1182 συντριόομένης
1363 1111 1406 1163 καί
1419 1110 1600 1182 ἀπολλυμένης,
1614 1115 1649 1167 Α.

113 1185 217 1256 μάχησε
230 1183 362 1254 Περδίκκας
375 1181 390 1234 ό
403 1180 507 1252 ἀδελφός
516 1183 642 1238 Φιλίππου
658 1185 720 1256 μετά
731 1193 780 1239 τῶν
790 1187 901 1240 Μακεδό-
984 1185 1137 1258 ίίοπτόμενοι
1147 1187 1169 1238 δ’
1182 1185 1234 1260 ἀεί]
1245 1187 1483 1260 ταλαιπωρούμενοι.
1491 1192 1521 1242 P.
1532 1189 1730 1260 Συντριόόμινοι.

114 1283 178 1316 νων.
215 1263 360 1329 λεληθότως
373 1256 417 1314 οῦν
435 1261 504 1332 λέγει
519 1264 557 1316 ότι
575 1262 591 1330 ί]
609 1263 723 1335 δύναμις,
745 1268 776 1333 ἣν
798 1265 901 1338 εἴχομεν
947 1266 990 1318 καὶ
999 1265 1176 1337 ἀπολλύμενοι.
1187 1269 1222 1324 H.
1237 1267 1285 1320 ίίαί
1297 1273 1371 1323 τοῦτο
1382 1268 1441 1340 πρδς
1449 1269 1526 1340 φόόον
1535 1267 1636 1322 ἐδύνατο
1652 1289 1735 1324 συντε·

113 1345 190 1407 τότε,
209 1342 290 1412 ὥσπερ
308 1341 334 1394 ἐν
347 1341 486 1412 προσθήκης
509 1344 591 1414 μέρει,
611 1343 670 1414 πρὸς
683 1346 838 1417 συμμαχίαν,
857 1349 900 1400 νῦν
947 1346 1430 1420 λεῖν,ότιἐκτοῦσυνεχιῗιςστφαεεύεσθαι
1438 1348 1541 1420 μελέτην
1550 1347 1684 1416 ἐκτήσαντο
1693 1351 1734 1403 καί

115 1418 181 1492 ἐημῖν
194 1421 307 1492 περὶτῶν
319 1421 445 1492 πρωτείων
459 1420 602 1491 φιλονεικεῖ.
619 1424 765 1478 Hnswv,
948 1423 1072 1497 ἐμπειρίαν
1078 1427 1283 1500 τῶνπολεμικῶν.
1294 1425 1437 1498 Ὅδέτδμίν
1444 1427 1579 1498 συμόαῖνον
1585 1426 1735 1500 ἐκτῆςστρα-

26 1519 45 1534 ··
154 1517 204 1566 σε,
215 1505 242 1564 έν.
258 1499 299 1554 ’ίέν
310 1497 449 1571 προσθήκης
464 1502 546 1572 μέρει]
558 1499 635 1573 ήγουν
648 1503 824 1575 προστιθεμένη
836 1502 902 1577 άλλη
947 1507 1011 1568 τείας
1018 1505 1105 1577 ἐφῆκε,
1115 1503 1160 1572 τήν
1167 1505 1194 1559 δέ
1200 1509 1303 1578 γνώμην
1312 1505 1426 1574 ἐξήτασεν
1439 1508 1477 1560 ότι
1483 1506 1617 1561 λυποῦνται
1624 1511 1676 1572 τοῖς
1682 1528 1736 1562 συν-

114 1581 168 1634 τινὶ
178 1581 289 1652 δυνάμει.
302 1579 400 1634 STCV.
949 1587 1015 1656 εχέσι
1026 1585 1151 1658 πολέμοις.
1168 1585 1216 1638 ίίαί
1233 1583 1277 1652 τὴν
1291 1585 1370 1640 αἰτίαν
1381 1585 1540 1658 προσέθηκεν,
1556 1587 1584 1639 ού
1595 1589 1736 1658 συγχωρού-

153 1658 190 1712 Ού
204 1659 311 1731 σμικρά]
328 1658 383 1712 ἀντί
400 1663 444 1714 τοῦ
456 1658 602 1731 σύμμετρος.
621 1662 649 1715 S.
669 1655 730 1715 Οίον
748 1661 903 1736 σύμμετρος,
952 1679 1020 1730 μενοι
1031 1661 1167 1731 γεωργεῖν·
1183 1659 1238 1712 ούτε
1252 1666 1304 1721 τοῖς
1322 1661 1389 1722 ἰδίοις
1401 1663 1538 1731 προσέχειν.
1578 1661 1633 1716 Εἶτ’
1650 1661 1732 1729 ἐπειδή

111 1737 174 1794 οῦτε
190 1739 286 1812 μεγάλη
303 1738 360 1793 οὔτε
374 1739 473 1812 σμικρά.
488 1739 566 1792 TCP.
952 1737 994 1791 καί
1007 1739 1066 1809 πρδς
1083 1741 1157 1791 τοῦτο
1169 1736 1327 1804 ἀντέπιπέεν,
1345 1737 1403 1790 ἀλλ’
1416 1739 1443 1793 ἐκ
1457 1743 1500 1792 τοῦ
1517 1740 1626 1812 πολέμου
1639 1741 1733 1813 κερδάί-

156 1835 206 1882 22,
221 1819 246 1872 5.
266 1815 324 1872 ’ίίπὶ
336 1818 472 1890 Τιμοθέου]
483 1814 561 1881 θῦτσς
572 1813 744 1890 στρατηγδςήν
760 1817 901 1888 Ἀθηναίων,
951 1837 1019 1872 νονσι
1040 1818 1135 1890 λάφυρα
1156 1818 1197 1871 καί
1210 1817 1241 1871 τά
1260 1821 1361 1872 τοιαῦτα
1379 1818 1562 1888 λαμόάνσντες,
1583 1820 1624 1872 καί
1640 1821 1733 1874 τούτων

116 1895 200 1968 πατὴρ
212 1897 325 1960 Κόνωνος
340 1903 384 1951 τοῦ
398 1901 552 1969 στρατηγοῦ,
566 1895 669 1968 εύτυχής
682 1897 708 1952 δέ
720 1900 812 1970 σφόδρα
826 1899 851 1962 ἐξ
860 1899 903 1970 άρ-
950 1901 1075 1970 ἄχρηστον
1089 1898 1195 1971 ἀπέφηνε
1208 1899 1238 1954 τδ
1249 1900 1346 1971 κέρδος,
1367 1897 1395 1952 ού
1417 1898 1558 1969 δυναμένων
1580 1897 1659 1950 αθτῶν
1679 1900 1733 1952 δια·
1799 1943 1808 1956 .

115 1980 168 2048 χῆς
182 1977 329 2047 γενόμενος,
345 1971 412 2046 εἴπερ
424 1995 460 2038 τις
470 1976 556 2038 ἀλλος.
594 1973 696 2048 Λέγεται
709 1977 757 2048 γὰρ
766 1979 821 2049 περὶ
830 1978 905 2032 αθτοῦ
954 1981 1096 2050 πιπράσκειν
1111 1980 1158 2032 ὅσα
1171 1981 1201 2032 ἂν
1217 1981 1366 2050 πορίσωσιν,
1383 1975 1449 2030 ἀλλὰ
1462 1975 1560 2049 μᾶλλον
1577 1975 1610 2038 είς
1626 1977 1735 2048 προσθή-

116 2056 191 2119 ύιςίν
211 2057 260 2128 οἵῳ
271 2053 362 2122 δήποτε
382 2057 485 2128 πολέμῳ
504 2055 639 2128 ἐπέμπετο,
658 2055 735 2111 ἐνίκα.
772 2055 849 2112 Ὅθεν
863 2058 906 2111 καὶ
950 2077 996 2124 κην
1012 2055 1183 2128 ἀναλωμάτων
1202 2055 1312 2128 ἐχόντων
1334 2059 1427 2122 ταῦτα,
1449 2055 1490 2108 διὰ
1508 2055 1539 2109 ’τδ
1554 2054 1734 2125 ἀναγκάζεσθαι

119 2137 178 2197 τοῦς
198 2137 359 2208 ζωγράφους,
381 2129 455 2202 ἡνίκα
475 2133 550 2189 αῦτδν
570 2134 688 2206 ἔγραφον,
712 2137 813 2208 γράφειν
831 2137 905 2191 αῦτίιν
949 2136 1042 2206 τρέφειν
1056 2133 1119 2188 αθτίι
1134 2133 1222 2206 καὶμὴ
1237 2135 1355 2188 δύνασθαι
1373 2133 1466 2188 πωλιῖν
1484 2133 1663 2204 κεκλεισμένων
1686 2141 1736 2188 τῶν

118 2215 285 2268 καθεύδοντα·
302 2216 411 2286 γυναῖκα
430 2213 458 2268 δέ
478 2231 533 2268 τινα
549 2215 709 2286 συγγράφειν,
731 2215 907 2287 ἐπιγράφοντας
951 2212 1074 2285 ἐμπορίων
1091 2213 1134 2267 καί
1153 2213 1257 2286 μηδενὸς
1276 2213 1470 2284 ἐμπορευομένου
1490 2211 1531 2264 διδ
1549 2211 1592 2265 τδν
1613 2212 1733 2284 πόλεμον.

117 2293 185 2364 αὐτῇ
197 2293 226 2346 τ“ο
239 2297 283 2359 τῆς
295 2295 373 2364 τύχης
385 2293 479 2365 ὄνομα,
496 2293 602 2361 πλησίον
618 2292 692 2347 αύτοῦ
708 2295 850 2368 ίσταμίνην,
865 2296 907 2349 καί
952 2293 999 2345 ίίαί
1011 2293 1176 2364 προσέθηκεν,
1189 2293 1266 2354 ούτως
1277 2294 1343 2354 όπως
1357 2293 1386 2344 ἄν
1399 2292 1536 2358 δύνωνται,
1555 2290 1737 2362 ἐνδεικνύμενος

118 2374 290 2443 βαστάζουσαν
303 2373 388 2426 δίκτυα
399 2374 441 2427 καί
452 2373 519 2425 ἀλλα
531 2373 660 2444 θηρευτικά
673 2375 783 2446 ὄργανα,
800 2375 907 2443 δηλοῦν·
952 2373 990 2424 ότι
1003 2371 1059 2425 ούδέ
1074 2371 1160 2434 δπλοις
1172 2375 1332 2443 κρατοῦντες,
1344 2370 1404 2424 ἀλλ’
1422 2371 1571 2443 άφπάζοντες
1588 2371 1630 2424 καί
1648 2371 1737 2438 ληἰζό·

117 2471 166 2514 τας
176 2451 216 2504 διά
230 2452 318 2505 τούτου
332 2454 370 2506 ότι
382 2451 398 2518 ή
410 2453 474 2522 τύχη
490 2451 549 2522 ῦπέφ
560 2451 635 2504 αέτοῦ
647 2453 727 2506 πάντα
738 2457 819 2520 ποιεῖ’,
832 2453 907 2508 αύτοῦ
952 2469 1037 2521 μενοι,
1051 2448 1212 2522 κερδαίνουσι.
1228 2450 1349 2504 RSTCV.

117 2535 251 2592 ποιοῦντος
267 2532 352 2603 μηδέν.
394 2528 437 2593 Ὦς
458 2531 484 2585 δί
504 2529 544 2585 ἐπὶ
565 2529 660 2593 τούτοις
682 2533 774 2603 βαρέως
797 2529 904 2604 ήνέγκε,Ι
987 2545 1031 2594 22,
1039 2545 1083 2600 27.
1093 2527 1469 2600 Δισθέσθαι]πωλήσαι·ήλέξις
1481 2525 1523 2580 καί
1534 2529 1591 2599 παρ’
1604 2525 1738 2599 Ἰσοκράτει

118 2611 244 2682 μηδέποτε
259 2613 409 2678 νενικηκέναι
428 2610 469 2664 διά
482 2615 526 2678 τῆς
536 2611 627 2681 τύχης,
645 2609 711 2664 ἀλλά
725 2611 757 2664 δι’
770 2611 857 2666 ἐαυτοῦ
870 2614 908 2668 λέ.
954 2607 979 2662 ἐν
1002 2615 1038 2682 τῷ
1064 2609 1204 2680 Βουσίριδι,
1231 2609 1291 2661 όταν
1310 2607 1373 2681 λέγη
1395 2605 1440 2674 τὴν
1464 2609 1581 2664 διάθεσιν.
1612 2609 1736 2664 RSTCV.

117 2707 186 2760 γων,
200 2689 312 2761 ῦστερον,
331 2691 412 2761 ὥσπερ
433 2695 477 2744 τοῦ
495 2691 623 2762 δαιμονίου
645 2689 711 2764 αδτῷ
730 2693 909 2763 νεμεσήσαντος
953 2686 1010 2741 Alia
1018 2688 1060 2740 his
1073 2687 1148 2741 addit
1161 2689 1182 2742 P
1195 2705 1210 2740 e
1221 2685 1303 2741 διεῖδε
1317 2703 1342 2739 ν,
1359 2687 1463 2749 διάθεσις
1482 2685 1628 2758 desumpta.

117 2772 167 2835 τῆς
178 2767 323 2832 ἀλαζονείας
334 2775 377 2823 τοῦ
386 2769 553 2842 ρήματος,οθκ
563 2767 600 2824 ἐτι
613 2770 905 2838 νενίκηκεν.Ηίέ8Τ(’Ν,
989 2783 1040 2830 22,
1053 2783 1098 2837 29.
1114 2767 1145 2820 Οί
1158 2766 1201 2840 μέν
1215 2761 1259 2820 οῦν
1274 2766 1380 2838 πολλοὶ]
1389 2765 1440 2819 Οθκ
1455 2765 1524 2821 εἶπεν
1539 2768 1657 2832 ἅπαντες,
1671 2765 1738 2820 ἀντι·

162 2873 206 2921 22,
218 2862 244 2910 6.
258 2857 461 2930 Συναμφότερον]
477 2859 491 2910 δ
505 2857 556 2911 ἐστι
565 2857 608 2910 σῦν
619 2857 691 2930 άλλιφ
704 2857 752 2912 τινί
761 2861 907 2931 γενόμενον,
952 2849 1043 2898 ”tw
1060 2845 1265 2918 θῦθῗῑέίίόίίῑίθέ·
1282 2844 1304 2900 ῑέ
1325 2844 1374 2917 Υᾶί)
1396 2845 1499 2906 hm*
1522 2845 1607 2915 ἕλωσί
1626 2840 1739 2908 ῧῧόῦῖως

120 2936 168 2990 καὶ
181 2934 210 2988 0ss
224 2937 278 2990 me,
290 2935 375 3002 γωδ,
388 2938 421 3000 ὡς
433 2935 502 2992 εγω
517 2935 542 2990 ρ,
560 2936 701 3008 mmm
713 2939 789 3008 {dim-
802 2941 852 2994 Rs,
952 2924 1011 2994 πρδς
1023 2923 1107 2989 αθτδν,
1116 2925 1157 2977 διά
1170 2927 1194 2978 τί
1204 2923 1237 2996 μή
1250 2927 1293 2991 τῆς
1307 2924 1432 2994 βασιλείας
1444 2923 1517 2978 αθτδν
1528 2923 1656 2986 έξωθοῦσιν
1667 2944 1674 2988 ;
1685 2924 1699 2976 ό
1711 2923 1738 2977 δέ

159 3030 212 3078 22,
223 3032 249 3084 7.
264 3014 398 3078 Θετταλοῖς
411 3015 524 3086 νοσοῦσι]
540 3013 648 3068 Νοσοῦσι
659 3013 727 3086 λέγει
738 3014 781 3078 τὰς
790 3019 907 3089 γνώμας,
952 3003 1008 3065 τούς
1016 3003 1125 3066 πολλοῦς
1138 3003 1213 3059 είπὼν
1228 3005 1332 3059 δέδωκεν
1343 3003 1409 3076 αύτῷ
1418 3001 1485 3066 τινές
1500 3003 1543 3057 καί
1556 2998 1637 3066 εύνους
1646 3003 1672 3056 οί
1685 3023 1739 3058 συν·

120 3097 165 3148 δτι
182 3094 206 3146 οί
221 3093 264 3166 μὲν
283 3093 363 3148 αἰετῶν
383 3093 515 3148 ἐόούλοντο
532 3093 760 3162 δημοκρατεῖσθαι,
775 3095 800 3148 οί
814 3095 840 3149 δέ
855 3096 910 3167 περὶ
953 3083 1051 3153 ἕλῡίίίίν
1064 3081 1136 3135 ῦῦῗθί
1154 3081 1245 3148 ἐπίῖῆέ
1259 3081 1347 3154 ἀρχῆς·
1360 3083 1410 3136 RS·

118 3173 181 3234 τοῦς
189 3173 318 3242 τυράννους
325 3171 381 3233 τοῦς
395 3171 523 3232 ’λλευάδας
535 3168 680 3240 καλοίφίλοι
694 3169 773 3224 αὐτῶν
784 3175 910 3243 τυραννεῖ·
989 3171 1034 3236 23,
1051 3185 1075 3222 1.
1090 3169 1121 3222 Οί
1135 3169 1162 3222 δέ
1176 3167 1206 3236 δὴ
1216 3169 1272 3241 περί
1283 3169 1356 3224 αύτδν
1372 3169 1439 3233 όντις
1449 3167 1526 3241 ξένοι]
1539 3167 1604 3240 ’θρα
1616 3174 1665 3232 πῶς
1677 3167 1739 3224 κατά

119 3255 191 3307 σθαι.
202 3250 352 3324 Τυραννικήν
366 3252 392 3306 δέ
406 3252 485 3306 οίκίαν
500 3252 530 3306 τό
541 3252 610 3323 γένος
619 3251 688 3323 λέγει
699 3257 748 3306 τῶν
763 3251 907 3310 Ἀλευαδῶν,
955 3249 1040 3321 μικρδν
1052 3249 1081 3302 τδ
1092 3247 1190 3312 ἀσθενές
1201 3249 1358 3304 ἀποδείκνυσι
1371 3254 1415 3303 τοῦ
1431 3249 1567 3304 Φιλίππου.
1583 3249 1684 3320 Πρῶτον
1704 3244 1738 3302 εί-

120 3339 233 3392 HTCV,
953 3331 1006 3383 καλιν
1021 3331 1060 3382 ότι
1075 3333 1186 3400 μισοῦσιν
1208 3329 1281 3384 αύτδν
1301 3329 1324 3383 σί
1338 3329 1483 3401 σύμμαχοι,
1502 3325 1557 3382 εἶτα
1571 3329 1613 3382 καί
1625 3325 1695 3383 αύτοέ
1714 3329 1743 3381 οί

162 3433 207 3480 22,
227 3435 254 3486 9.
272 3415 348 3470 Ὅποι
365 3433 404 3478 τις
421 3417 450 3469 ἀν
475 3417 536 3486 κάν]
555 3415 655 3484 Ἐπειδὴ
670 3417 711 3470 διὰ
725 3423 775 3473 τῶν
796 3419 910 3492 ἀνωτέρω
953 3409 1094 3470 Μακεδόνες
1108 3409 1132 3462 οί
1145 3409 1246 3464 πολῖται
1256 3409 1346 3475 αθτοῦ,
1361 3407 1432 3474 εἶτα,
1447 3409 1490 3462 ἵνα
1503 3409 1536 3480 μή
1546 3429 1581 3471 τις
1595 3407 1664 3481 εῖπῃ,
1681 3406 1740 3461 ἀλλ’

123 3495 210 3557 ἔδοξεν
221 3497 304 3568 ὥσπερ
314 3495 369 3548 τινὰ
380 3495 483 3568 ὑποψίαν
502 3497 627 3568 δυνάμεως
638 3499 752 3568 παρέχειν
764 3501 816 3561 τοῖς
828 3499 911 3553 Μαχς.
954 3487 976 3542 εί
986 3487 1028 3541 καί
1037 3483 1106 3541 οῦτοι
1117 3489 1193 3551 οθτως
1201 3487 1308 3560 ἐχουσιν,
1322 3487 1379 3540 ἀλλ’
1390 3483 1434 3541 ούν
1444 3487 1524 3550 ξενικά
1535 3507 1590 3540 τινα
1603 3487 1656 3559 ἔχει
1670 3507 1741 3560 στρα·

120 3577 196 3638 δόσι,
210 3573 324 3644 βούλεται
336 3575 421 3628 κοινδν
437 3575 497 3628 αύτδ
510 3575 587 3638 δεῖξαι
605 3575 647 3628 καί
662 3576 702 3627 διὰ
715 3580 759 3629 τὀῦ
778 3577 911 3631 καθολικοῦ
953 3567 1078 3640 &mv
1095 3569 1168 3638 φησίν
1185 3570 1202 3620 ὅ
1221 3587 1304 3640 φησίν·
1327 3569 1496 3622 BHRSTCV·
1524 3567 1643 3620 Βθῦλῑῑαῑ
1663 3567 1740 3629 δεῖξαι

122 3656 272 3710 ἐλαττῶσαι.
325 3651 354 3706 '0
376 3654 402 3708 δέ
425 3657 470 3708 κᾶν
489 3657 604 3728 σημαίνει
623 3655 727 3710 ἐνταῦθα
752 3657 847 3726 αίρεσιν
865 3661 911 3710 τοῦ
954 3655 993 3708 δτι
1007 3653 1050 3707 καί
1067 3649 1135 3706 οῦτοι
1153 3649 1225 3710 δόξαν
1245 3650 1288 3720 μέν
1302 3665 1357 3700 τινα
1373 3645 1459 3716 έχουσι
1475 3643 1516 3698 καί
1529 3645 1644 3698 ῦπόνοιαν
1665 3645 1740 3700 πολε·

122 3733 258 3795 ἐλάττονος
268 3732 294 3786 ἐν
306 3732 429 3805 ἀποτυχίη
442 3739 486 3788 τοῦ
499 3734 718 3806 μείζονοςούγάρ
730 3733 776 3789 εἰσι
784 3735 829 3788 δύο
838 3737 909 3808 μέρη,
956 3730 1044 3805 μικήν,
1066 3729 1095 3785 οῦ
1109 3731 1192 3802 μέντοι
1210 3725 1276 3780 ἐστίν
1289 3723 1384 3792 ἀληθῆ,
1397 3723 1421 3786 ἐξ
1435 3720 1470 3776 ὧν
1486 3723 1690 3794 ἐπιφέρει.Τέ.’ίί.
1718 3795 1720 3798 Ι

121 3811 187 3864 ἀλλ’
200 3812 237 3863 έν.
252 3811 394 3866 BESTGV.
990 3812 1022 3865 Οί
1041 3811 1068 3866 δέ
1080 3808 1128 3881 δή]
1152 3807 1199 3860 ίίαί
1215 3805 1360 3878 συμμάχους
1381 3803 1454 3856 αύτδν
1478 3803 1520 3856 καί
1542 3803 1598 3863 τοθς
1613 3801 1735 3870 θπηιιύους

162 3889 234 3962 mv]
250 3889 285 3942 ’ίδ
294 3889 339 3942 κάν
350 3887 455 3943 ἐνταῦθα
468 3891 549 3944 κεῖται
560 3889 590 3944 τδ
603 3891 802 3962 παραφερόμενον
815 3893 857 3945 καί
870 3893 912 3945 δο-
955 3889 1105 3964 άφελόμενος
1119 3887 1158 3943 ἐπί
1171 3887 1200 3940 τδ
1220 3885 1312 3948 ξενικδν
1334 3881 1458 3954 ἐχώρησε.
1481 3881 1528 3934 nal
1545 3882 1663 3952 κέχρηται
1681 3901 1738 3934 συν-

120 3977 187 4024 κοῦν
200 3967 233 4040 μή
247 3969 369 4039 λέγεσθαι·
385 3969 413 4022 ού
427 3967 477 4040 γάρ
487 3971 612 4041 δυνάμεθα
629 3969 688 4024 εθτδ
701 3969 815 4024 διαλῦσαι
833 3969 866 4034 είς
882 3972 911 4028 τδ
955 3973 1052 4043 δρομῇ,
1076 3969 1157 4040 λέγων
1178 3965 1251 4028 δόξαν
1271 3961 1314 4036 μέν
1339 3961 1454 4033 έχουσιν,
1467 3961 1512 4014 ίνα
1526 3957 1560 4031 μθ
1581 3959 1643 4032 δοκῇ
1667 3963 1742 4032 μόνον

121 4049 168 4104 καί
179 4049 231 4102 ἐάν.
246 4047 331 4102 ίίιῖται
346 4048 394 4120 γάρ
402 4047 479 4111 άλλος
490 4049 623 4120 σύνδεσμος
634 4049 649 4102 ό
662 4050 703 4105 άν.
718 4051 750 4103 Β.
955 4049 1124 4104 ἐναντιοῦσθαι
1137 4049 1168 4119 τῇ
1181 4045 1236 4118 περὶ
1247 4043 1320 4096 αθτδν
1331 4043 1411 4116 φήμη.
1422 4040 1577 4104 Βουλόμενος
1587 4039 1614 4093 δέ
1624 4039 1739 4094 καθελεῖν

161 4145 214 4194 22,
232 4130 274 4182 13.
289 4127 347 4182 Ἔτ’
360 4127 580 4200 ἐπισφαλεστέραν]
591 4129 636 4196 τὴν
653 4130 803 4183 Μακεδόνων
818 4129 909 4202 ἀρχήν.
956 4129 1035 4183 αθτῶν
1048 4127 1094 4194 τήν
1109 4126 1196 4192 δόξαν,
1216 4123 1257 4178 ἐπὶ
1272 4123 1377 4194 άτεχνον
1396 4121 1476 4175 πίστιν
1491 4119 1616 4190 ἐχώρησεν
1625 4159 1633 4184 ,
1642 4119 1686 4172 ἵνα
1705 4118 1739 4192 μὴ

123 4213 154 4264 S.
170 4209 283 4276 Ζητεῖτσιι
296 4214 346 4270 πῶς
360 4208 546 4280 ἀσθενεστέραν,
562 4209 621 4262 ἀλλ’
639 4209 697 4280 ούχὶ
717 4210 871 4282 καὶμᾶλλον
890 4209 911 4263 ί·
955 4209 1035 4263 πάντα
1056 4207 1128 4269 αῦτδς
1140 4204 1318 4276 ἐνθυμούμενος
1333 4201 1375 4256 καί
1389 4198 1530 4260 ἀποδεικνύς
1550 4197 1687 4269 φιλονεικίᾳ
1709 4201 1740 4270 τῇ

122 4287 278 4358 σχυροτίφαν
289 4289 358 4340 ποιεῖ
371 4287 412 4339 διὰ
424 4291 468 4341 τοῦ
486 4289 654 4359 γυμνάζεσθαι
667 4290 709 4341 καὶ
727 4293 836 4359 συνεχῶς
850 4309 912 4361 μαν-
955 4287 1015 4360 πρδς
1027 4286 1152 4341 Φίλιππον
1169 4281 1267 4356 μσῖλλον
1284 4279 1347 4352 δοκῇ
1362 4277 1473 4352 λέγειν’]
1489 4277 1522 4338 ὣς
1531 4273 1606 4342 αὖῖθί
1620 4273 1665 4342 rw
1678 4275 1739 4342 ἐλί-

123 4367 211 4420 θάνειν
222 4366 253 4420 τά
263 4365 395 4438 πολεμικά.
411 4367 458 4419 ίίαέ
472 4385 552 4438 φαμεν
568 4369 607 4422 ότι
619 4367 792 4439 ἀσθενεστέραν
806 4369 834 4421 ού
845 4367 913 4440 λέγει
956 4369 1023 4421 θειαν
1038 4365 1159 4439 ἐγνωκώς.
1181 4361 1325 4432 ’ίίνενεγκὼν
1337 4359 1362 4413 δέ
1377 4355 1421 4426 τήν
1435 4357 1567 4430 μαρτυρίαν
1586 4361 1628 4408 τοῦ
1647 4353 1739 4425 ἀνθρώ-

122 4449 181 4508 τοῖς
192 4449 317 4516 σώμασιν,
331 4444 441 4519 ἀλλίιτῇ
458 4448 566 4519 γνώμῃ,
585 4448 647 4499 διότι
665 4451 776 4519 μισοῦσιν
792 4447 865 4502 αύτδν
880 4451 912 4502 δι’
956 4467 1003 4502 που
1016 4445 1049 4509 είς
1059 4445 1088 4500 τδ
1101 4444 1156 4516 περὶ
1169 4449 1217 4496 τῶν
1240 4441 1313 4504 ξένων
1333 4439 1377 4492 οθκ
1397 4437 1489 4508 άφῆκεν
1511 4435 1675 4488 ἀκατάσκευον
1694 4431 1739 4499 τὴν

123 4525 190 4594 ὅπερ
204 4523 288 4586 αέτσῖς
302 4526 382 4590 ποιεῖ,
394 4525 428 4586 ὡς
447 4523 561 4597 ἐπιφέρει.
583 4525 621 4579 Ἣ
633 4527 714 4600 ότιτῇ
731 4530 834 4598 συνεχεῖ
842 4529 913 4600 τριῦῆ
958 4525 1106 4598 μαρτυρίαν,
1119 4519 1185 4574 άλλθ
1196 4517 1332 4592 λογισμούς
1347 4515 1412 4588 αύτῷ
1421 4515 1560 4586 περιέθηκεν
1573 4513 1612 4565 ότι
1627 4511 1682 4572 τοθς
1696 4509 1740 4582 μίν

123 4601 648 4676 κατακοπτόμενοιάσθενέστεροιγίνονται.
664 4608 807 4660 Bsssmv.
899 4585 904 4602 ⁵
957 4603 1080 4676 ἀνδρείους
1092 4601 1133 4654 διὰ
1149 4599 1290 4672 φιλοτιμίαν
1303 4595 1447 4658 ἀπωθεῖται,
1463 4591 1552 4654 τοῦςδέ
1564 4593 1689 4662 ωἰφρονας
1698 4589 1739 4642 διά

165 4699 210 4748 22,
233 4685 274 4738 15.
295 4683 337 4750 Μὴ
355 4683 404 4758 γάρ
424 4684 521 4756 οίεσθε]
535 4686 689 4742 Ἀντιπῖπτον
708 4687 771 4741 λύει.
793 4690 822 4742 Ρ.
848 4687 912 4740 θαυ-
957 4684 986 4738 τδ
1000 4681 1033 4754 μὴ
1045 4682 1162 4736 δύνασθαι
1171 4681 1250 4752 φέρειν
1264 4676 1339 4730 αύτοῦ
1348 4673 1393 4741 τήν
1404 4675 1495 4746 μέθην,
1506 4671 1548 4724 καὶ
1561 4669 1740 4741 πφσσυνέστησε

127 4761 212 4836 μεστή
222 4761 285 4830 τιςή
303 4763 343 4834 βία
362 4769 405 4817 τοῦ
421 4761 530 4836 ῥήτορος·
546 4771 595 4819 τῶν
611 4766 660 4838 γὰρ
674 4763 805 4833 Ἀθηναίων
826 4765 867 4820 διά
883 4767 913 4822 τά
956 4763 1000 4816 τόν
1013 4763 1142 4833 άνθρωπον
1156 4759 1198 4812 καί
1210 4757 1330 4829 φρόνιμον
1349 4753 1424 4808 είπιλιν
1445 4751 1487 4805 καί
1508 4749 1623 4822 ἔμπειρον
1643 4751 1692 4800 τῶν
1712 4745 1741 4844 ἐν

125 4843 308 4913 κατορθώματα
327 4845 383 4906 τους
406 4845 549 4908 Μακεδόνας
573 4844 776 4918 εὗλαόουμένων,
799 4841 869 4908 σύτος
890 4845 914 4909 ἐξ
957 4842 1115 4912 Μακεδονία,
1141 4837 1190 4910 οθχ
1209 4837 1254 4890 ίνα
1276 4835 1371 4890 ἐκεῖνον
1390 4831 1520 4902 ἐπαινέσῃ,
1547 4825 1605 4882 ἀλλ’
1623 4827 1666 4880 ίνα
1684 4845 1741 4888 τους

125 4919 209 4974 αῦτῦιν
223 4921 315 4974 τούτων
328 4923 419 4993 σαθρὰν
438 4923 517 4978 αύτῶν
535 4924 663 4996 ἀποφαίνει
678 4923 722 4992 τὴν
736 4925 854 4996 δύναμιν,
873 4926 914 4978 καί
957 4923 1044 4976 τούτου
1056 4919 1191 4992 λογισμούς
1201 4917 1235 4982 ὧς
1253 4915 1354 4984 ἀληθεῖς
1367 4911 1547 4985 παραὸἐέῐνθῒαῑ
1564 4907 1605 4962 ἐίέ
1620 4905 1666 4976 ’έθί
1680 4905 1742 4962 ἐδίί·

126 4999 211 5066 ἐπειδή
219 4999 312 5054 δειλίαν
326 5001 370 5056 οθκ
387 5001 445 5074 ἔσχε
458 5007 641 5076 κατηγορῆσαι,
656 5001 702 5069 τήν
720 5006 823 5076 γνιόμην
834 5001 914 5066 ἐξετά-
958 5021 1001 5056 νου
1011 5001 1093 5064 δόξαν.
1108 5001 1134 5055 S.

126 5083 166 5142 ζει
181 5083 225 5132 τοῦ
236 5080 362 5136 Φιλίππου
374 5082 415 5134 καὶ
426 5079 470 5149 τὴν
480 5087 564 5155 σχίσιν
575 5089 624 5138 τῶν
638 5084 805 5149 Μακεδόνων,
820 5083 861 5136 καί
872 5083 915 5147 τές
994 5081 1039 5146 23,
1055 5098 1081 5135 2.
1104 5075 1265 5148 ίίεζέταιροι]
1289 5075 1339 5128 Τοῦ
1354 5073 1492 5144 πεζέταιροι
1515 5067 1608 5126 πολλαί
1627 5069 1740 5141 φέρονται

125 5160 278 5230 προαιρέσεις
303 5160 381 5216 αθτῖιν
405 5159 516 5223 ἐναντίας
537 5161 662 5233 ἀποφήνας
683 5160 731 5232 οθχ
751 5161 915 5234 ὁμονοοῦντας
959 5157 1094 5230 ἐξηγήσεις.
1110 5157 1140 5211 Οί
1156 5157 1199 5229 μέν
1211 5157 1259 5229 γὰρ
1272 5153 1331 5209 αύτδ
1342 5155 1456 5226 λέγουσιν
1472 5151 1552 5224 όνομσ
1564 5150 1743 5222 στρατεύματος

128 5237 251 5304 ἀλλήλοις
270 5239 400 5295 δείκνυσιν.
420 5241 562 5296 ΒίλόὝίέλί.
962 5239 1027 5292 ούτω
1041 5237 1209 5309 καλουμένου,
1226 5235 1249 5290 σί
1261 5235 1287 5291 δέ
1304 5237 1342 5290 δτι
1355 5233 1416 5296 τινές
1427 5227 1490 5300 ήσαν
1506 5231 1561 5302 παρ’
1576 5229 1658 5290 αύτοῖς
1668 5245 1741 5298 στρα·
