4114 6088
574 681 1007 810 ΑΙΣΧΙΝΟΥ
1036 683 1270 836 ΒΙΟΣ.
1366 691 1369 697 ’

808 964 1086 998 “eb——

175 1211 196 1267 ί.
215 1207 421 1264 ΑΠΟΔΔΩΝΙΟΥ
438 1207 491 1262 ΕΙΣ
512 1206 669 1266 ΑΙΣΧΙΝἨΝ
688 1209 873 1269 mmlx..
954 1211 1000 1266 λέα
1019 1210 1091 1275 ἀξίως
1102 1216 1146 1280 τῆς
1156 1213 1265 1280 πόλιως,
1281 1213 1321 1270 ἐπί
1333 1214 1360 1270 δέ
1376 1217 1420 1284 τῆς
1438 1215 1579 1284 διοικήσεως
1598 1218 1734 1290 γενόμενον

955 1289 1036 1353 καλῶς
1053 1297 1102 1346 τῶν
1116 1293 1243 1365 δημοσίων
1258 1296 1386 1365 προσόδων
1405 1294 1592 1366 ἐπιμεληθῆναι.
1630 1297 1691 1367 Περί
1712 1297 1735 1348 δ’

161 1365 298 1438 Λῖσχίνηςό
307 1365 388 1438 βήτωρ
400 1365 428 1421 τδ
441 1366 484 1440 μέν
492 1369 563 1438 γένος
575 1364 607 1437 ήν
619 1367 757 1437 Ἀθηναῖος,
766 1374 815 1423 τῶν
824 1370 911 1440 δήμων
955 1367 1042 1423 ἐαυτοῦ
1052 1390 1125 1443 φησιν
1139 1373 1172 1435 ῶς
1183 1371 1210 1426 ἐκ
1221 1373 1315 1426 παίδων
1324 1373 1478 1444 ἀπαλλαγείς
1488 1375 1619 1445 περίπολος
1629 1379 1672 1441 τῆς
1684 1375 1735 1429 Ἀτ·

125 1445 281 1512 Κοθωκίδης,
291 1444 342 1507 υίδς
350 1445 372 1496 δ’
386 1443 551 1518 Ἀτρομήτου,
561 1449 589 1501 δν
599 1467 657 1520 φασι
666 1449 783 1520 πρότερον
791 1450 911 1520 Τρόμητα
955 1455 1024 1519 τικῆς
1035 1454 1119 1522 χώρας
1131 1454 1229 1524 ἐγένετο
1241 1453 1286 1506 δόο
1300 1452 1357 1520 ἐτη,
1373 1451 1462 1524 ἐφηθος
1473 1453 1508 1506 ὧν
1524 1447 1608 1522 (οὗτοι
1620 1453 1668 1524 γάρ
1681 1453 1735 1524 μεθ’

127 1523 281 1594 καλοόμενον
301 1523 403 1595 θστερον
423 1523 548 1593 συλλαβῆς
565 1527 693 1597 προσθέσει
713 1525 768 1581 ἀντί
784 1527 912 1598 Τρόμητος
957 1531 1041 1586 όπλων
1055 1529 1101 1598 τήν
1117 1534 1203 1603 χῶραν
1217 1533 1380 1604 περιήρχοντο
1393 1533 1456 1586 κατά
1469 1534 1616 1605 πρόσταγμα
1628 1536 1735 1607 νόμου),

129 1603 278 1675 Ἀτρόμητον
294 1604 531 1676 προσαγορευθῆναι,
542 1608 669 1676 γεγονέναι
684 1605 711 1660 δέ
724 1605 753 1661 τδ
764 1607 819 1660 κατ’
835 1605 913 1676 ἀρχὰν
957 1609 1133 1683 ἐστρατεόσατο
1147 1611 1173 1666 δέ
1185 1614 1283 1683 πρώτην
1297 1612 1424 1682 στρατείαν
1438 1609 1483 1677 τήν
1497 1611 1522 1665 ἐν
1534 1616 1587 1676 τοῖς
1599 1615 1680 1685 μέρεσι
1693 1634 1736 1667 κα-

126 1685 217 1738 δοῖνλον
236 1684 278 1738 καί
302 1684 374 1744 πέδας
396 1681 489 1754 έχοντα
508 1684 630 1738 διδάσκειν
648 1685 784 1756 γράμματα
801 1684 860 1755 πρδς
877 1690 913 1756 τῷ
956 1689 1096 1764 λουμένην,
1113 1691 1155 1744 καὶ
1173 1691 1390 1763 συμπαραπέμπων
1405 1690 1458 1762 μετ’
1471 1689 1623 1746 Ἀλκιβιάδου
1635 1692 1676 1746 καί
1688 1699 1737 1746 τῶν

126 1763 225 1836 θησείῳ
243 1763 285 1816 καὶ
302 1767 338 1834 τῷ
355 1765 400 1816 τοῖν
422 1761 505 1833 ίατροῖι
526 1763 732 1836 (Aristomachi)
746 1763 837 1836 ήριβῳ,
856 1763 913 1818 εἶτα
956 1767 1029 1830 ξένων
1041 1767 1087 1836 τήν
1101 1767 1134 1831 είς
1150 1769 1278 1822 Φλιοῦντα
1291 1765 1406 1840 πομπήν,
1421 1768 1465 1821 καί
1476 1769 1588 1822 κινδύνου
1604 1773 1738 1840 γενομένου

125 1841 227 1911 ὕστερον
246 1839 279 1903 είς
304 1839 495 1906 τὴνπολιτείαν
518 1840 670 1913 ἐγγραφῆναι
692 1842 733 1895 διδ
756 1843 911 1915 κακουργίας.
956 1846 1069 1920 περθτὴν
1082 1847 1237 1920 καλουμένην
1253 1847 1370 1919 Νεμεάδα
1381 1847 1507 1918 χαράδραν
1522 1847 1662 1910 ἀξιεπαίνοις
1678 1849 1738 1921 ἐμα-

126 1920 227 1992 Μοτρδτ
238 1915 636 1990 δ’όνδόίσχίνητθλονιοθίοτῆ
650 1921 683 1984 ὣς
697 1919 911 1988 ἶνιοιΓλοναίδοτ,
956 1927 1064 1997 χέσαιτο,
1084 1926 1126 1981 καί
1144 1925 1187 1990 τὰς
1201 1925 1279 1989 mu
1297 1925 1341 1988 τας
1362 1923 1389 1978 έν
1409 1927 1527 1996 διαδοχῆς
1543 1925 1638 1988 ιξοοοιτ
1659 1929 1738 1990 πάσας

125 1999 158 2066 ήν
174 2017 232 2070 φασι
248 1996 293 2064 τήν
311 1999 410 2069 πρώτην
424 1996 522 2064 ήλικίαν
536 1997 693 2070 ἡταιρηκέναι
706 1999 871 2071 καθεζομένην
887 1999 913 2056 ἐν
957 2003 1060 2072 ἐξῆλθε,
1075 2005 1118 2058 καί
1140 2003 1166 2058 ἐν
1179 2005 1316 2074 Μαντινείᾳ
1329 2003 1448 2076 γενναίως
1466 2003 1619 2075 ἐμαχέσατο,
1631 2004 1675 2058 καλ
1688 2002 1738 2071 τήν

128 2075 247 2148 οἰκήματι
261 2076 320 2148 πρδς
335 2081 371 2148 τιίζι
383 2079 428 2130 τοῖν
443 2075 588 2148 Καλαμίτου
607 2075 697 2149 ήριβιρ,
715 2075 798 2132 ἔπειτα
813 2078 913 2150 δστιρον
957 2080 984 2138 ἐν
1001 2083 1124 2155 Ταράναις
1140 2083 1225 2155 μάχην
1245 2083 1271 2139 έν
1285 2083 1339 2144 τοῖς
1361 2080 1506 2145 ἐπιλέκτοις,
1522 2079 1569 2135 εἶτ’
1583 2081 1737 2152 ἐστεφανώθη

126 2155 268 2209 ἀναστᾶσαν
280 2153 328 2210 ἀπδ
340 2157 383 2222 τής
396 2153 509 2226 ἐργασίας
521 2155 609 2222 ταάτης
622 2153 796 2210 ἐπίτδτελιῖν
814 2157 856 2210 καί
868 2176 913 2211 κα-
959 2165 1110 2236 μαχόμενος.
1158 2162 1320 2230 Ἐτελεύτησε
1346 2161 1369 2214 δ’
1395 2159 1512 2231 λίσχίνης
1537 2159 1669 2232 ἀναιρεθείς
1697 2159 1738 2215 ὕπ’

127 2237 221 2306 θαίνειν
237 2235 293 2298 τοθέ
305 2235 622 2306 βονδομένονέθποοδῗνοῑ·
659 2233 772 2306 Γοῖονθος
785 2236 807 2288 δ’
821 2235 914 2292 ἐντον-
961 2243 1117 2314 Ἀντιπάτρου
1130 2241 1307 2309 καταλυθείσης
1316 2243 1360 2307 τῆς
1376 2239 1516 2304 πολιτείας,
1531 2240 1573 2292 ότε
1592 2239 1634 2293 καί
1647 2237 1671 2291 οί
1684 2239 1739 2310 περί

127 2336 180 2370 των
194 2315 208 2368 ό
220 2314 339 2386 Αἰσχίνης
349 2314 391 2368 καί
400 2314 513 2386 ἀδελφῶν
523 2313 589 2386 αὐτῷ
599 2313 642 2368 δάο
652 2315 804 2387 γενομένων,
817 2313 915 2388 Ἀφυθή-
957 2320 1117 2391 Δημοσθένην
1136 2317 1300 2387 ἐξεδόθησαν,
1322 2317 1446 2390 βεδιωαδις
1466 2316 1509 2384 έτη
1531 2315 1577 2370 οε’.
1613 2317 1694 2386 Τριῶν
1716 2317 1740 2370 δ’

125 2417 173 2451 του
188 2396 230 2450 καί
242 2395 405 2466 Φιλοχάρους
417 2399 462 2448 τοῦ
475 2393 518 2458 τδς
535 2393 739 2462 άλαδαστοθήκας
755 2395 797 2450 καλ
809 2396 841 2452 τά
856 2397 915 2469 τάμε
958 2399 1037 2452 όντων
1055 2397 1140 2469 λόγων
1159 2403 1208 2452 τῶν
1225 2397 1265 2451 ἐντ’
1286 2395 1361 2450 αδτοθ
1386 2397 1565 2468 γεγραμμένων
1584 2395 1626 2448 καί
1645 2395 1739 2450 τοότων

124 2495 195 2532 πανα
213 2475 365 2547 γράφοντος,
384 2476 442 2537 τοῖς
462 2473 506 2544 μέν
523 2475 558 2527 ὢν
573 2473 695 2548 τῷπατρλ
709 2473 914 2550 δπηρέτειγράμ-
957 2476 1084 2546 δημοσίων
1098 2475 1131 2544 (δ
1151 2473 1200 2548 γάρ
1219 2473 1341 2542 Δηλιακδς
1361 2474 1432 2534 νόθος
1450 2471 1533 2543 ἐστί),
1552 2471 1596 2527 τδν
1615 2471 1659 2544 μὲν
1676 2472 1740 2526 κατὰ
1783 2533 1791 2552 ⁶

125 2573 197 2629 ματα
214 2551 444 2624 διδάσκοντι,άνὴρ
455 2553 482 2607 δέ
492 2554 633 2626 Ιγενόμενος
649 2553 678 2608 τδ
693 2554 736 2627 μέν
746 2561 842 2626 πρῶτον
859 2557 915 2612 θπι-
961 2554 1133 2625 Κτησιφῶντος
1154 2552 1296 2624 εδρίοκοραν
1316 2552 1460 2606 τελευταῖον
1483 2551 1654 2622 γεγραμμένον
1678 2551 1741 2621 (ἐπί

124 2623 303 2707 γραμμάτευσι
312 2634 366 2694 ταῖς
375 2631 463 2703 ἀρχαῖς
473 2633 566 2703 χρόνον
576 2632 631 2686 τινὰ
642 2633 728 2705 σδντῷ
738 2631 835 2707 ἀδελφῷ
850 2633 916 2707 Ἀφο·
960 2631 1010 2704 γάρ
1021 2637 1070 2685 τῶν
1088 2629 1242 2701 Ἀλεξάνδρου
1253 2630 1351 2701 χρόνων
1361 2631 1531 2701 γέγραπται),
1544 2635 1594 2682 τῶν
1607 2629 1633 2682 δέ
1645 2629 1739 2684 λοιπῶν

125 2714 200 2786 δήτιρ
213 2708 263 2786 (ήν
272 2713 295 2765 δ’
306 2711 471 2767 ἐπονείδιστον
482 2715 556 2766 τοῦτο
565 2713 594 2766 τδ
606 2711 680 2784 ἔργον
686 2715 708 2784 ),
719 2713 802 2768 ἔπειτα
809 2712 915 2779 ἀποατδς
958 2713 1013 2784 περί
1028 2711 1085 2775 τοδς
1098 2710 1184 2773 αδτοδς
1195 2711 1275 2764 όντων
1293 2710 1398 2781 χρόνους
1407 2709 1523 2781 πρότερός
1536 2707 1588 2763 ἐστι
1603 2712 1635 2781 τῇ
1647 2709 1712 2772 τάξει
1726 2710 1740 2762 ό

123 2795 217 2849 τούτου
225 2791 416 2865 τριταγωνιστής
425 2791 522 2864 ἐγένετο
537 2793 690 2865 τραγῳδιῶν,
701 2793 743 2846 καλ
757 2793 782 2847 έν
796 2793 916 2866 Κολλυτῷ
958 2789 1021 2844 κατδ
1034 2790 1179 2861 Τιμάρχου·
1196 2787 1222 2843 ἐν
1233 2787 1281 2858 γάρ
1290 2793 1327 2860 τῷ
1339 2788 1392 2858 μετ’
1401 2785 1475 2840 αθτδν
1483 2826 1492 2853 ,
1499 2792 1537 2858 τῷ
1548 2787 1603 2858 περὶ
1612 2791 1656 2856 τῆς
1663 2807 1739 2860 παρα·

124 2892 192 2926 ποτε
203 2871 328 2944 Οἰνόμαον
338 2870 527 2941 άποκρινόμενος
540 2871 681 2928 κατέπεσεν.
718 2871 789 2926 Μετὰ
800 2876 876 2926 ταῦτα
889 2873 916 2928 δέ
958 2868 1100 2941 πρασθείας,
1113 2866 1259 2940 μέμνηταιθ
1270 2864 1482 2937 Ἀίσχίνηςτυέτου
1492 2865 1633 2937 τοῦλόγου.

125 2951 274 3022 προκόπτων
290 2952 323 3021 τῇ
340 2947 425 3018 ἡλικίᾳ
445 2947 484 3001 ἐπί
503 2947 532 3002 τδ
548 2949 720 3002 πολιτεόεσθαι
738 2950 779 3003 καί
795 2951 827 3005 τὰ
844 2952 915 3005 κοινὰ
1457 2991 1460 2998 -

125 3031 243 3102 πράττειν
260 3026 399 3082 ἀπέκλινεν.
436 3027 490 3079 Καί
505 3027 578 3078 δοκεῖ
590 3025 635 3093 τὴν
650 3026 709 3098 δπέρ
726 3027 854 3083 Φιλίππου
873 3029 915 3083 καί
1313 3036 1389 3050 ““““

130 3108 292 3178 Ἀλεξάνδρου
307 3105 433 3160 πολιτείαν
457 3105 627 3172 ἐπανελέσθαι,
643 3109 823 3179 κοινωσάμενος
840 3109 915 3162 Φιλο-
1111 3137 1134 3191 γγ
1164 3133 1314 3191 χγχχγργογ·
1334 3133 1485 3192 μγργῸρΟχ
1503 3130 1585 3188 3102·

130 3187 220 3259 κράτει
235 3185 266 3240 τά
282 3185 425 3255 πράγματα,
438 3182 480 3235 καί
494 3181 553 3254 πρδς
562 3181 608 3250 τὴν
623 3182 721 3237 έκείνων
733 3185 806 3255 χάριν
818 3185 859 3239 καί
875 3206 916 3240 κο·
1137 3180 1143 3192 '

126 3267 232 3320 λακείαν
252 3263 358 3335 ἀρασθαι
373 3261 499 3316 πολιτείαν
519 3262 579 3334 πρδς
600 3263 656 3326 τοδς
672 3263 728 3335 περὶ
746 3265 915 3336 Δημοσθένην,
994 3275 1116 3347 Αῑο-χίοτμ
1130 3275 1181 3338 ut&
1204 3273 1248 3346 1¹³⁹
1272 3269 1302 3342 ἦο
1322 3272 1470 3346 Ἀτρομήτου
1489 3275 1533 3327 τοο
1554 3277 1742 3345 γραμματιστοῦ

128 3346 190 3407 τοδς
207 3343 323 3398 τάναντία
335 3344 389 3405 τοῖς
406 3341 532 3396 Φιλίππου
553 3343 680 3414 πράγμασι
700 3343 742 3397 καλ
762 3341 916 3416 Ἀλεξάνδρου
961 3353 1170 3415 mmmm
1181 3355 1224 3419 τῆς
1241 3351 1543 3418 τοοςθτάοοοςττλοέοης,
1580 3350 1682 3403 τίκτοντ’
1699 3349 1742 3402 οὗ.

127 3422 358 3494 πθἈῑῖέθσαψ-ιέθῦυς.
397 3418 455 3474 Ὅτι
470 3420 496 3474 δέ
512 3419 572 3492 πρδς
588 3422 662 3492 χάριν
674 3421 847 3476 έπΟἈίῖΕθσαῖῦ
863 3425 916 3486 τθῖς
961 3433 1004 3488 τὸν
1017 3433 1097 3486 παῖδα
1111 3431 1155 3503 μὴ
1165 3431 1226 3484 ὄντα
1236 3430 1262 3484 ἐγ
1277 3435 1313 3501 τῷ
1326 3429 1489 3502 διδασκαλείῳ
1499 3429 1641 3500 τοῦπατρὸς
1655 3428 1742 3500 ὓπουρ.

128 3502 274 3575 βασιλεῦσιν
286 3501 353 3554 ἀλλα
365 3519 392 3554 τι
408 3499 492 3554 πολλά
511 3500 628 3572 μαρτόριά
647 3500 699 3555 ἐστι
714 3503 756 3554 καί
769 3501 799 3569 δή
819 3504 917 3558 πάντων
961 3515 1017 3587 γτῖν
1029 3511 1071 3564 ταί
1088 3515 1119 3583 τῇ
1132 3510 1208 3583 μητρὶ
1219 3508 1264 3571 τὰς
1283 3509 1383 3579 βίδλους
1401 3507 1595 3578 ἀναγινώσκειν,
1610 3509 1700 3576 ταύτην
1716 3509 1743 3563 δέ

130 3583 216 3638 ἐκεῖνο
226 3579 416 3652 ἐναργέστατον·
431 3578 549 3651 ἑλομένου
563 3581 610 3651 γάρ
622 3598 681 3634 ποτε
695 3579 769 3634 αι’ντδν
785 3585 829 3635 τοῦ
838 3581 918 3654 δήμου
961 3595 1093 3647 οτοττττῶν
1108 3590 1135 3645 έττ
1153 3591 1235 3643 τόπων
1255 3589 1402 3660 ὁρμωμένην
1422 3587 1464 3641 καί
1484 3587 1633 3658 ἔκφοθοῦοαν
1654 3589 1743 3651 παῖδας
1802 3599 1805 3606 ·

128 3660 245 3714 &Vm
259 3657 371 3730 &21me
384 3649 494 3730 έίθθλφ
506 3655 573 3728 Ῑῑέθθ
585 3657 643 3728 πρὸς
655 3654 918 3732 ΐδίῖῑίθίέίίθθίφθς
961 3671 1004 3725 καί
1025 3670 1143 3742 γυναῖκας
1163 3667 1309 3737 Ἔμπουσαν
1327 3663 1511 3735 ὀνομασθῆναι,
1531 3663 1583 3718 ἐπεί
1605 3665 1743 3736 νυκτερινδν

128 3739 237 3807 Δηλίους
250 3737 382 3805 Ἀθηναίων
397 3737 550 3790 διαδικασίαν
568 3735 612 3790 οθκ
624 3735 778 3808 ἐπέτρεπενή
793 3737 818 3792 ἐν
836 3737 919 3813 Ἀρείῳ
961 3751 1091 3820 φάντασμα
1101 3743 1118 3812 ἢ
1127 3745 1275 3817 Ἔμπουσα·
1289 3743 1424 3815 γινόμενον
1438 3743 1464 3797 δέ
1479 3741 1603 3814 μειράκιον
1613 3743 1743 3815 όποκριθῆ.

128 3821 206 3890 πάγῳ
222 3815 299 3888 βουλή
311 3857 319 3881 ,
332 3815 390 3869 ἀλλ’
404 3816 549 3870 ἀπελάσασα
566 3813 640 3869 οθτθν
653 3817 686 3878 ὥς
697 3815 742 3870 οὖν
757 3817 820 3871 ὄντα
834 3817 917 3873 εὔνουν
962 3845 1002 3880 ναι
1015 3824 1154 3898 τραγῳδίαν
1170 3825 1234 3878 ὥστε
1246 3823 1459 3894 τριταγωνιστεῖν,
1476 3821 1535 3874 όντα
1548 3821 1575 3875 δέ
1592 3819 1743 3894 λαμπρόρω·

129 3903 170 3969 τῷ
192 3896 265 3968 δήραρ
285 3899 321 3968 τῷ
345 3893 478 3962 Ἀθηναίων
502 3893 630 3968 Ὑπερείδῃ
656 3895 739 3968 λέγειν
763 3896 917 3968 προσέταξαν.
963 3922 1006 3958 νον
1028 3903 1216 3974 γραμματεῖσαι
1239 3897 1407 3971 Ἀριστοφῶντι
1426 3897 1468 3950 καὶ
1497 3897 1559 3970 μετὰ
1580 3902 1668 3952 τοῦτον
1694 3898 1742 3952 Εό-
1778 3891 1782 3902 ’

129 3975 201 4028 Φασὶ
213 3977 297 4047 μέντοι
309 3972 370 4036 τινές
387 3973 461 4028 αὖτδν
477 3973 600 4040 ἀκουστήν
615 3975 729 4046 γενέσθαι
744 3975 877 4038 Πλάτωνός
891 3995 919 4030 τι
962 3983 1060 4054 ὅσθλῳ,
1078 3981 1121 4034 καὶ
1132 3979 1333 4051 ἀναγινώσκοντα
1347 3977 1507 4050 ψηφισμάτων
1521 3977 1585 4049 όμοΰ
1603 3979 1645 4030 καί
1658 3978 1742 4050 νόμων

130 4052 176 4107 καί
194 4053 351 4124 Σιοορότονςν
369 4050 522 4124 ἐνθέμενον·
559 4051 613 4105 Ἦν
636 4049 663 4105 δέ
679 4051 721 4104 καί
742 4053 823 4124 ἕτερον
838 4051 919 4126 ῥήτωρ
964 4061 1080 4134 ἔμπειρον
1098 4059 1234 4131 γενόμενον
1255 4055 1378 4111 ἐπιθέσθαι
1391 4060 1428 4126 τῷ
1444 4055 1553 4126 βήματι,
1566 4055 1608 4110 καί
1621 4061 1670 4108 τῶν
1688 4041 1742 4110 κέατ’

130 4131 251 4202 Alexim<
272 4129 436 4196 Ἔδονοίνῑοςι
455 4131 481 4193 ὒν
502 4129 544 4184 καί
561 4130 649 4200 τέχναν
666 4129 768 4200 δίτονον
791 4129 919 4200 bum&
963 4137 1037 4192 αθτδν
1050 4136 1185 4207 διενεγκεῖν
1195 4134 1256 4187 όντα
1267 4131 1351 4204 εθφνιῖ.
1388 4131 1460 4186 Μετὰ
1471 4131 1498 4186 δέ
1509 4131 1554 4199 τήν
1564 4131 1691 4188 Φιλίππου
1702 4151 1743 4187 τι·

131 4211 291 4282 γεγραφέναι.
311 4249 313 4252 -
329 4211 432 4278 Λέγεται
445 4209 468 4262 δ’
480 4209 495 4262 ό
510 4207 632 4280 Αἰσχίνης
650 4206 763 4280 ἐρωτικός
779 4211 916 4281 γεγονέναι.
962 4215 1052 4284 λτοτὴν
1066 4215 1169 4278 δόξαντα
1190 4214 1311 4286 πολεμεῖν
1325 4212 1447 4286 τῷδήμῳ
1458 4212 1501 4266 καὶ
1517 4213 1694 4284 διαπέμπεσθαι
1707 4217 1743 4286 τῷ

132 4289 211 4351 Αοτὶκ
221 4289 270 4342 δ’ὁ
287 4287 409 4359 Αἰσχίνης
425 4287 480 4358 περὶ
498 4290 543 4341 τοῦ
558 4287 643 4359 γίνοντ
657 4285 733 4339 αὑτοῦ
748 4285 774 4340 ίν
787 4291 823 4359 τῷ
837 4305 916 4358 παρα·
965 4295 1114 4368 Ἀντιπάτρῳ
1131 4293 1193 4348 m&
1206 4297 1249 4362 ιητ
1267 4291 1363 4355 πόλεως
1382 4291 1423 4344 οιε
1445 4293 1519 4346 τοῦτο
1532 4311 1559 4347 ιι
1579 4291 1703 4364 εἰληφέναι
1715 4292 1742 4347 ιν

132 4369 262 4441 πρεσθείαε
279 4367 309 4442 (ς
326 4367 387 4441 147)
400 4367 474 4439 φησίν
491 4367 525 4429 ὡς
544 4366 559 4420 ὅ
576 4363 657 4436 W?
677 4364 751 4419 “4³⁰⁶
775 4364 920 4438 Mum
962 4377 1055 4444 Θήδαις
1076 4375 1205 4446 κτήματα,
1228 4372 1360 4426 εδθόνοντα
1381 4371 1557 4443 Κτησιφῶντα,
1586 4373 1627 4426 δτι
1653 4371 1743 4445 έγραψε

132 4449 250 4522 φροῐρίος
262 4448 305 4520 μέν
316 4445 346 4515 θν
360 4448 402 4501 καί
410 4449 548 4520 γένονςῖοῦ
560 4445 767 4511 Ἐτῑοὸοντοθῶνν
781 4447 838 4500 θίν’
849 4445 865 4514 θ
877 4451 920 4514 tie
962 4455 1120 4528 Δημοσθένην
1136 4453 1161 4508 έν
1174 4457 1209 4525 τῷ
1222 4452 1316 4524 θεάτρῳ
1325 4449 1487 4522 ἀναγορεῦσαι
1499 4451 1696 4522 περαιωθέντα,
1707 4449 1742 4522 μή

136 4537 241 4604 Ἀθηνᾶς
252 4540 297 4604 τῆς
310 4535 432 4598 Πολιάδος
448 4535 514 4589 ἐστίν
525 4535 613 4606 ίέριια,
631 4535 684 4598 νέος
697 4535 719 4587 δ’
730 4537 765 4588 ὢν
779 4531 867 4601 ήθλει,
878 4537 919 4590 καί
964 4534 1112 4605 μεταλαόεῖν
1125 4533 1154 4587 τδ
1167 4535 1284 4604 πέμπτονΙ
1291 4531 1362 4602 μέρος
1375 4535 1424 4583 τῶν
1442 4529 1542 4602 ψήφων,
1553 4531 1706 4602 ἀτιμωθέντα
1719 4532 1743 4583 δ’

132 4618 220 4690 χρόνῳ
229 4615 329 4688 θοτερον
339 4613 384 4682 τὴν
394 4615 479 4669 οδαίαν
490 4613 610 4677 ἀπολέσας
617 4611 684 4687 ἐντῷ
693 4615 795 4688 πολέμῳ
810 4614 918 4678 ἐξέπεσεν
963 4614 1054 4685 ἀπᾶραι
1070 4612 1104 4676 τίς
1123 4609 1168 4678 τήν
1190 4608 1271 4664 Ἀσίαν
1293 4609 1336 4663 καί
1356 4608 1437 4663 ἐλθεῖν
1457 4609 1491 4672 τίς
1506 4609 1612 4681 Ἔρεσον
1630 4609 1743 4677 οίηθέντα

131 4697 242 4753 δπδτῶν
250 4696 286 4761 λ’,
298 4695 342 4752 καί
353 4697 543 4767 στρατευόμενος
553 4694 578 4749 ἐν
593 4692 659 4766 Ἀσία
671 4693 799 4766 ἀριστείων
815 4691 917 4762 ἠξιώθη,
962 4691 1072 4755 κατάξειν
1092 4689 1165 4744 αδτδν
1190 4689 1224 4752 τίς
1246 4688 1346 4755 Ἀθήνας
1364 4686 1534 4760 Ἀλέξανδρον·
1554 4689 1691 4759 πυθόμενον
1715 4688 1742 4742 δέ

132 4776 177 4832 καί
186 4775 213 4830 ἐν
230 4775 341 4848 Κορίνθῳ
350 4775 411 4847 ρετδι
422 4775 466 4842 τήν
476 4774 597 4830 ἔκπτωσιν
607 4775 731 4846 διατρίψας
745 4775 918 4847 συγκατήγαγε
962 4771 1157 4838 τετελευτηκέναι
1171 4767 1214 4822 τόν
1228 4765 1329 4838 βασιλέα
1344 4766 1386 4819 καλ
1396 4765 1507 4838 ταραχήν
1520 4765 1586 4821 είναι
1598 4773 1647 4820 τῶν
1662 4769 1742 4821 διαδε-

132 4858 178 4911 τον
192 4857 285 4927 οῆμον·
303 4855 389 4925 βιῶσαι
405 4856 428 4907 δ’
443 4855 634 4926 ἀναμαρτήτως,
647 4853 713 4908 εῖναι
733 4853 756 4907 δ’
770 4853 844 4909 αθιον
857 4854 917 4908 ἐτῶν
963 4851 1078 4922 χορένων
1098 4847 1247 4918 καταφυγεῖν
1262 4844 1296 4907 εἰς
1314 4842 1412 4901 Ῥόδον.
1450 4845 1530 4899 Ἔνθα
1545 4846 1668 4916 δεομένων
1686 4843 1741 4899 Ῥο-

88 4948 95 4967 ‘
133 4935 282 5002 ἐνενήκοντα
290 4936 425 5006 τεσσάρων.
446 4935 515 5001 Φησὶ
524 4933 551 4987 δὲ
563 4933 604 4986 καί
613 4934 669 4996 τοδς
680 4933 738 5004 πρδς
750 4931 840 5003 μητρδς
851 4931 919 5004 αότῷ
962 4929 1021 4981 δίων
1041 4925 1086 4992 τήν
1106 4929 1197 4998 τέχνην
1212 4924 1298 4986 οθτοῖνς
1317 4921 1410 5000 δῑῧβῑαῑ
1434 4921 1479 4990 ’ῖθν
1493 4922 1623 4996 θθῖῦθῑῑθθ
1637 4923 1742 4995 ἀρνίον·

133 5013 305 5086 προσήκοντας
325 5013 463 5084 ἐλευθέρους
481 5010 555 5066 εἶναι.
591 5012 647 5064 Τῶν
665 5011 689 5063 δ’
713 5009 824 5080 άδελρῶν
844 5009 918 5063 αδτοῦ
962 5007 1032 5068 σθαι,
1045 5005 1144 5059 εἰπόντα
1153 5005 1210 5075 μηδ’
1218 5003 1291 5057 αὖτὀν
1305 5001 1402 5057 εἰδέναι.
1440 5001 1511 5065 Δίκας
1519 5007 1580 5074 γοῦν
1592 5003 1742 5058 κελευόντων

132 5093 268 5163 Φιλοχάρη
285 5092 328 5162 μὲν
346 5091 371 5145 ἐν
382 5092 525 5163 γυμνασίοις
541 5091 671 5162 διατρίόειν
688 5089 729 5140 καί
745 5089 799 5160 μετ’
817 5087 919 5159 ’ίρικρά-
963 5081 1039 5136 εἰπεῖν
1054 5083 1109 5138 οόδὲ
1129 5088 1201 5137 τοῦτο
1216 5081 1345 5149 ἐθελῆῦαῑν
1361 5081 1520 5153 ονμὸαλόντα
1541 5083 1579 5136 ότι
1595 5083 1621 5138 ἐν
1641 5089 1672 5158 τῇ
1694 5104 1742 5140 πα·

132 5193 189 5235 τους
207 5173 378 5242 ἐστρατεῦσθαι
392 5173 433 5225 καί
450 5177 557 5242 συνεχῶς
571 5171 728 5242 στρατηγεῖν,
744 5169 876 5240 Ἀφόόητον
892 5168 918 5221 δέ
963 5165 1025 5234 τρίδι
1036 5163 1148 5231 ἡττηθείς
1159 5166 1249 5234 κομιδῇ
1265 5165 1290 5232 γ’
1305 5163 1333 5214 ἀν
1349 5162 1388 5215 έπί
1401 5166 1446 5232 γῆς
1462 5161 1594 5233 ἀλλοτρίας
1612 5165 1743 5234 διαφθαρῇ·

130 5254 177 5309 τόν
188 5254 311 5306 νεώτατον
324 5249 402 5302 αθτῶν
416 5247 521 5318 ἀδελφδν
535 5248 733 5317 πεπρεσβευκέναι
744 5245 787 5318 μέν
802 5247 834 5309 ὡς
850 5247 917 5316 βασι·
964 5263 1003 5296 ναι
1015 5244 1194 5315 (διαρθαρείηθ
1204 5246 1225 5312 ).
1264 5242 1338 5318 Τέλος
1349 5237 1392 5294 οδν
1401 5241 1440 5296 ἐπί
1452 5241 1496 5308 τήν
1507 5247 1549 5296 τοῦ
1561 5245 1649 5315 πατρὸς
1662 5243 1742 5296 ἐλθεῖν

929 5347 968 5390 έθθ
