4154 6064
324 409 376 458 titt
746 397 962 458 nEtNthot
983 401 1007 454 0
1030 399 1128 458 ΚΑΤΑ
1152 399 1488 462 ΑΡΙΣΤΟΓΕΙΤΟΝΟΣ.

319 509 587 593 καταμαρτυρηθέντα
628 513 855 592 Ἀριστογείτονος,
895 513 932 573 ὅτ’
964 515 1090 594 ἐμπορίου
1135 527 1173 576 tor
1187 534 1251 578 sorte
1268 528 1405 590 dmiqnstus
1423 531 1500 589 οσεοὶ,
1517 541 1531 576 a
1550 511 1671 590 judicib'us
1691 529 1844 590 reprobatum
1860 543 1913 584 utne

278 626 305 664 no
319 599 477 678 tremetossie
490 597 580 676 λαχὼν
592 600 789 677 ἀπεδοκιμάσθη
805 603 855 661 ύπὶι
871 607 922 660 τῶν
942 603 1001 660 τότε
1016 604 1089 661 δικα-
1136 633 1218 692 utpote
1234 631 1312 680 ,prum
1331 631 1373 693 qui
1391 631 1436 680 hoc
1456 631 1593 693 mmm
1614 630 1751 692 fumetur
1771 630 1913 694 mgnum?

318 689 412 758 ζόντων
431 688 519 768 ἄρχειν
536 687 633 756 eadm
651 685 699 758 τὶ
714 688 813 766 ἅρχήη
843 693 888 764 (“)
900 685 1004 750 '⁸³²⁸'
1020 691 1092 769 “d''
1136 731 1185 796 (ιι)
1198 735 1256 782 nm
1285 745 1343 781 ιιιι
1358 732 1390 782 m
1402 732 1449 781 sint
1474 731 1662 782 οιιιιιιιιιιιιιι
1676 731 1771 781 numini
1782 731 1807 780 ιι
1819 736 1914 783 vosne

318 776 420 835 νεύεσθε
442 775 504 854 πρὸς
519 777 586 850 ὑμᾶς
609 774 716 850 αύτούς,
736 776 855 853 καὶπερὶ
880 776 1092 856 Ἀριστογείτονος
1137 835 1143 847 ,
1268 745 1284 796 q
1399 835 1404 846 Ι
1454 768 1461 792 ’
1571 833 1577 846 γ
1668 834 1674 846 .
1730 834 1735 843 Ι
1875 833 1881 844 ¹

319 863 453 939 μέλλοντες
471 859 555 938 φέρειν
578 859 625 930 τήν
647 863 733 940 ψῆφον
759 863 868 934 emta,
890 860 916 927 γ,
940 861 984 919 τὸ,
1006 867 1088 920 ,γωῦ
1137 849 1216 898 ipsos,
1229 834 1294 885 etde
1305 835 1463 895 monnone
1480 835 1593 896 ιιιῐῐτεςςιε
1605 833 1691 895 lutum,
1704 832 1848 884 miseremini
1859 846 1913 894 εςυε

317 949 418 1026 πατέρα
439 949 525 1011 κακῶς
539 947 713 1022 διατιθέμενον
733 947 784 1005 barb
804 949 881 1022 λιμοῦ
898 949 945 1006 οὐκ
965 947 1091 1020 ilum„
1136 943 1177 1005 qui
1188 942 1309 1004 patrissui
1325 941 1386 990 tune
1397 940 1525 991 laborantis
1535 953 1583 990 nou
1595 941 1913 991 misertoseetiittenobis

318 1035 407 1094 ἔπειτα
421 1035 484 1111 παρ’
499 1035 574 1106 ἡμῶν
595 1029 634 1090 ίτι
652 1033 742 1109 λόγως
763 1031 865 1090 ἀκούειν
888 1033 1009 1112 βούλεσθε
1032 1033 1091 1112 περὶ
1135 1047 1254 1096 orationes
1265 1045 1347 1094 nodire
1369 1045 1440 1094 ruitis
1458 1045 1488 1094 de
1507 1045 1672 1106 Aristogitonis
1688 1057 1773 1106 pmna,
1787 1057 1859 1107 quem
1873 1057 1917 1107 op

318 1127 364 1192 τῆς
378 1119 590 1199 Ἀριστογείτονος
609 1118 758 1196 τιμήσεως,
779 1118 807 1177 ὃν
833 1119 887 1177 ίστε
909 1119 1024 1197 άκριθῶς
1052 1121 1092 1178 ότι
1137 1149 1279 1200 ,mmm
1293 1151 1346 1199 tum
1361 1147 1393 1198 ογ,
1413 1150 1545 1199 mmm
1568 1149 1643 1198 ,ihm
1659 1153 1710 1200 ,um
1728 1148 1761 1199 ογ,
1774 1161 1912 1211 mmm,

318 1208 423 1273 δικαίως
441 1206 473 1264 ἂν
493 1205 537 1264 καὶ
559 1207 588 1264 έκ
612 1213 657 1264 τοῦ
681 1207 760 1264 ἄλλου
782 1207 839 1286 βίου
861 1207 906 1264 καὶ
931 1209 960 1264 έκ
976 1211 1028 1265 τῶν
1048 1213 1091 1264 νῦν

319 1297 388 1376 αὐτῷ
405 1293 595 1372 πεπραγμένων
612 1297 659 1364 τῆς
671 1293 784 1402 έσγάτης
798 1294 873 1372 τύχοι
888 1293 1030 1373 τιμωρίαςς
1047 1297 1091 1371 (τι)

276 1407 302 1443 ss
317 1385 375 1442 Ούκ
389 1381 581 1459 Ἀριστογείτων
594 1381 661 1438 ἐστίν
671 1425 680 1456 ,
692 1403 715 1437 ω
729 1379 869 1458 Ἀθηναῖοι,
884 1385 897 1438 θ
912 1381 980 1438 κατδι
990 1385 1037 1452 τῆς
1050 1384 1090 1438 ὶε-

1810 401 1912 480 θνα-λ

1137 1255 1198 1303 ῑτεὶε
1210 1254 1320 1303 uitiosum
1341 1253 1456 1302 ιιιοτυίεεε
1472 1251 1634 1314 supplicium?
1656 1251 1705 1314 (in)
1722 1254 1806 1302 Nonne
1825 1252 1865 1301 bic
1875 1256 1913 1302 est

1137 1357 1295 1418 Aristogiton,
1314 1357 1486 1417 dibcuicsnscs,
1504 1357 1546 1418 qui
1568 1359 1652 1405 contra
1670 1356 1753 1406 Diem
1775 1355 1913 1406 iinuronim

319 1469 388 1546 ρείας
398 1472 444 1538 τῆς
459 1467 606 1544 Ἀρτέμιδος
617 1471 663 1538 τῆς
676 1469 842 1546 Βραυρωνίας
861 1467 906 1525 καὶ
917 1471 968 1526 τῶν
989 1467 1091 1526 οἰκείων
1136 1459 1282 1510 ⁸⁸⁰⁰?de
1293 1460 1391 1522 ⁰J¹ffli¹¹0
1402 1459 1529 1508 mili&
1541 1459 1661 1520 ‘tumidi
1678 1461 1797 1509 ῑῦῑὶθΜ
1812 1459 1912 1509 wilfi·

318 1560 399 1625 αὐτῆς
417 1557 523 1613 τοιαῦτα
545 1553 646 1633 γράψας
660 1553 704 1611 καὶ
723 1554 898 1632 ψευσάμενος,
919 1555 982 1613 ὥσθ’
1000 1559 1084 1632 θμᾶς,
1136 1561 1317 1620 citerinstitnit,
1330 1563 1425 1622 utros,
1436 1562 1535 1610 veritate
1546 1561 1577 1610 ab
1589 1561 1766 1611 accusatoribus
1780 1567 1911 1624 comperta,

319 1641 406 1714 ίπῑῑδὶ
422 1641 469 1711 τὴν
485 1641 607 1712 ίὶθθῑῑαν
622 1639 744 1698 έπθθῑσθῑ
762 1639 836 1718 παρὰ
852 1646 903 1698 τῶν
924 1640 1091 1718 'imfimo
1136 1667 1241 1728 quinque
1256 1664 1400 1714 talentorum
1415 1664 1529 1712 mulctam
1549 1664 1607 1713 huic
1627 1665 1803 1726 irrogaveritis,
1821 1667 1913 1730 qnonta

966 1751 979 1784 ”
998 1727 1088 1806 ‘³²²5
1137 1769 1332 1820 timuerimus
1347 1767 1437 1830 regum
1457 1769 1615 1818 ιιιιιιιιιιιιι
1631 1769 1721 1830 scripta
1739 1773 1805 1819 ιιιιι
1826 1772 1913 1820 nonne

318 1728 393 1787 πέντε
415 1727 550 1786 ταλάντων
573 1729 685 1802 τιμῆσαι
698 1725 801 1806 τούτῳ,
818 1725 927 1805 ὅσονπερ
948 1719 965 1798 ἦ

318 1820 368 1874 τῶν
380 1813 539 1895 παρανόμων
554 1817 640 1892 γραφῇ
655 1813 759 1889 τίμημα
778 1813 1017 1892 ἐπιγεγραμμένος,
1041 1816 1092 1892 οὐχ

318 1896 390 1969 οθτος
410 1902 470 1981 πρὶν
491 1905 590 1960 ὶκτῖσαι
612 1908 701 1972 τοῦτο,
723 1907 890 1980 συκοφαντῶν
906 1901 948 1960 τὶν
966 1901 1091 1980 stroppo-

278 2007 303 2044 ιιι
318 2013 394 2048 νοντα
408 1991 480 2066 ὑμῶν
498 1987 543 2046 καὶ
557 1987 639 2064 λέγων
654 1987 698 2045 καὶ
710 1987 815 2065 γράφων
827 1989 853 2044 ἰν
863 1991 901 2066 τῷ
915 1987 991 2067 δήμῳ
1002 1989 1092 2044 διατε-

317 2078 421 2148 τέλεκε,
446 2075 491 2134 καὶ
514 2078 683 2152 καταφρονῶν
706 2074 816 2132 ἁπασῶν
840 2079 892 2133 τῶν
917 2077 1048 2152 τιμωριῶν
1065 2072 1093 2130 αθ

318 2163 385 2222 κατὶε
395 2166 446 2221 τῶν
460 2159 614 2220 ἀδικούντων
628 2163 653 2218 έν
665 2170 718 2226 τοῖς
731 2161 819 2237 νόμοις
833 2162 882 2220 εὶσὶ
894 2162 1091 2239 γεγραμμέναις

319 2251 362 2328 (ιο)
377 2253 417 2311 Οὐ
431 2249 619 2308 τὸτελευταῖον
631 2239 703 2314 ούτος
718 2249 855 2326 ἐνδειχθεὶς
866 2247 918 2307 ὑπὸ
932 2248 1092 2327 Λυκούργου,

318 2337 362 2395 καὶ
377 2335 532 2414 ἐξελεγχθεὶς
546 2335 656 2413 ὀφείλων
671 2338 708 2411 τῷ
724 2335 842 2414 δημοσίῳ
866 2333 959 2411 λέγειν,
971 2339 1019 2392 οὐκ
1038 2333 1093 2402 έξδν

319 2425 402 2502 αύτῷ,
417 2423 461 2480 καὶ
478 2421 633 2502 παραδοθεὶς
646 2427 702 2487 τοῖς
716 2420 807 2479 imm
824 2422 893 2481 nord
908 2422 965 2488 τοὺς
979 2421 1091 2499 νόμους,

318 2512 468 2590 περιπατῶν
488 2508 633 2586 ἔμπροσθεν
653 2509 704 2566 τῶν
726 2508 899 2588 δικαστηρίων
922 2509 967 2568 καὶ
991 2511 1027 2575 εὶς
1044 2509 1092 2580 τήν

318 2597 456 2678 προεδρίαν
470 2599 520 2654 τῶν
531 2595 680 2673 πρυτάνεσιν
696 2595 827 2671 έκάθιζεν;

363 2704 396 2744 tt.
416 2673 485 2758 θεῖτ’,
498 2673 520 2740 ὦ
535 2681 623 2760 ἄνδρες
637 2680 779 2755 Ἀθηναῖοι,
792 2681 819 2740 ὃν
834 2683 857 2738 οὶ
868 2683 944 2757 νόμοι
960 2683 1008 2758 μέν
1023 2685 1093 2742 πολ-

281 2793 305 2832 is
321 2773 394 2836 λάκις
415 2773 475 2844 ύμῖν
498 2767 701 2846 παραδεδώκασι
726 2767 925 2846 τιμωρήσασθαι
948 2773 1093 2850 κατεψηφι-

320 2859 416 2934 σμένον
431 2859 481 2916 barb
495 2861 546 2914 τῶν
560 2858 673 2914 πολιτῶν
685 2857 862 2934 ἐνδειχθέντα,
877 2855 988 2934 φυλάξαι
1001 2857 1021 2914 δ’
1040 2857 1093 2916 οθθ’

319 2951 343 3006 oi
370 2946 460 3005 ένδεκα
490 2943 639 3015 δεδύνηνται
663 2941 720 3000 οὔτε
740 2944 769 3000 τὸ
797 2944 988 3022 δεσμωτήριον,
1010 2945 1094 3025 τούτῳ

320 3033 474 3112 βουλήσεσθε
488 3031 627 3111 συμύούλῳ
638 3033 766 3108 χρῆσθαις
783 3030 837 3089 Καὶ
848 3034 862 3087 θ
874 3030 920 3104 μὶν
933 3031 1008 3107 νόμος
1019 3031 1093 3098 εὐξά·

319 3145 395 3196 μενον
409 3119 507 3178 κελεύει
522 3120 563 3178 τὶιν
584 3121 686 3196 κήρυκα
706 3119 763 3192 μετ’
777 3115 905 3196 εὐφημίας
921 3119 1031 3190 πολλῆς,
1045 3117 1095 3176 ού-

318 3231 368 3274 τως
380 3213 441 3284 ὑμῖν
457 3207 485 3263 τδ
501 3204 667 3282 βουλεύεσθαι
686 3203 746 3281 περὶ
761 3207 811 3261 τῶν
828 3204 990 3284 πραγμάτων
1005 3228 1092 3283 παρα-

319 3296 428 3355 διδόναι·
444 3297 516 3370 ὑμεῖς
532 3293 559 3352 δὶ
573 3292 616 3349 τδν
632 3290 733 3348 ἀνόσιον
744 3289 788 3348 καὶ
800 3291 859 3368 περὶ
872 3292 971 3358 πάντας
982 3292 1093 3371 πονηρὸν

322 3383 367 3440 καὶ
393 3379 507 3458 μάλιστα
532 3377 592 3456 περὶ
613 3377 655 3434 τὸν
671 3379 763 3434 ἑαυτοῦ
782 3375 884 3455 πατέρα
907 3377 1093 3454 γεγενημένον,

283 3491 309 3526 ιυ
323 3474 412 3528 τοῦτον
426 3465 483 3537 μεθ’
497 3469 570 3543 ὑμῶν
585 3465 628 3522 καὶ
645 3462 712 3540 μετὶι
726 3466 778 3522 τῶν
792 3463 922 3542 ὑμετέρων
936 3465 1037 3522 οὶκείων
1050 3465 1094 3523 καὶ

320 3557 450 3633 συγγενῶν
475 3554 564 3613 ἐάσετε
587 3549 784 3626 πολιτεύεσθαι;
826 3551 875 3628 (aa)
902 3549 956 3610 Καὶ
979 3551 1092 3629 Δημάδῃ

321 3640 367 3715 μὲν
381 3639 425 3698 καὶ
447 3637 607 3714 Δημοσθένει
619 3639 741 3714 οὐδεμίαν
763 3635 843 3716 ᾤεσθε
865 3639 917 3695 δεῖν
939 3638 1093 3716 συγγνώμην

320 3730 403 3806 ἔχειν,
415 3725 454 3783 ότι
469 3727 539 3803 δῶρα
551 3727 609 3781 καθ’
621 3727 693 3801 ὑμῶν
703 3723 895 3803 ίξηλέγχθησαν
908 3725 1093 3800 λαμθάνοντες,

223 3825 231 3838 ’
320 3813 378 3869 ἀλλ’
404 3811 613 3888 έτιμωρήσασθε,
637 3811 681 3869 καὶ
709 3811 832 3882 δικαίως,
847 3803 884 3876 οἷς
902 3813 924 3868 εὶ
948 3810 985 3887 μὴ
1008 3813 1093 3870 πάντα

321 3899 389 3956 άλλδ
403 3899 488 3957 πολλά
510 3919 540 3974 γε
555 3897 657 3956 σύνιστε
678 3897 798 3976 χρήσιμα
813 3895 1035 3976 πολιτευομένοις·
1050 3900 1093 3957 τὶν

320 3985 347 4044 δέ
366 3985 513 4064 κατάρατον
526 3987 633 4061 τοῦτον,
649 3983 676 4050 θς
691 3983 786 4062 άγαθδν
802 3983 849 4058 μὶν
866 3990 932 4060 ὑμᾶς
952 3986 1094 4058 πεποίηκεν

271 4070 378 4136 107αὶδὶ
400 4072 505 4130 πώποτε
519 4069 545 4138 ἐξ
560 4061 590 4128 σθ
611 4069 674 4149 πρὸς
693 4071 740 4141 τήν
755 4070 887 4129 πολιτείαν
901 4074 1092 4150 προσελήλυθε,

320 4159 400 4218 κακθν
414 4159 436 4218 δ’
448 4161 488 4216 dre
510 4156 616 4222 δυνατός
636 4160 723 4227 tortu,
738 4157 867 4236 ἀφήσετες
884 4159 938 4218 Καὶ
952 4159 989 4224 τίς
1003 4163 1049 4218 οὐκ
1064 4163 1094 4218 ἂν

321 4246 482 4322 ἐγκαλέσειεν
496 4248 557 4320 ύμῖν
582 4254 634 4311 τοῖς
658 4249 746 4302 τοῦτον
762 4245 908 4322 δεχομένοις
931 4247 1093 4324 σύμύουλονγ

319 4333 406 4394 Ὅταν
416 4332 467 4414 γδρ
478 4331 609 4409 ἅνθρωπος
618 4331 745 4412 γνώριμος
753 4330 798 4390 καὶ
805 4332 912 4410 φανερός
921 4333 966 4391 καὶ
972 4334 1095 4413 rapidiq-

320 4443 363 4479 τον
374 4417 419 4490 τήν
434 4417 561 4496 πονηρίαν
573 4417 645 4496 παρδ
655 4425 720 4476 πᾶσι
730 4425 782 4484 τοῖς
793 4419 913 4485 πολίταις
927 4419 994 4499 ἔχων
1008 4423 1094 4496 δημη·

321 4509 401 4586 γορῇ,
416 4505 473 4564 τότε
487 4502 545 4570 τοὶις
554 4503 694 4572 ἀκούοντας
709 4508 776 4580 ὑμᾶς
791 4506 814 4561 οὶ
826 4507 1023 4584 περιεστηκότες
1033 4513 1094 4566 θαυ·

290 4610 301 4646 ι
320 4594 429 4668 μάζουσι
439 4637 447 4663 ,
459 4589 568 4672 πότερον
578 4591 695 4668 βελτίους
709 4593 756 4650 ούκ
767 4591 840 4670 ἔχετε
852 4592 1012 4669 συμόυύλους
1023 4593 1040 4664 ἢ
1050 4595 1094 4652 καὶ

320 4681 424 4758 χαίρετε
434 4682 485 4737 τῶν
495 4679 616 4738 τοιούτων
625 4677 769 4745 οὶκούοντες.
813 4680 861 4756 (ie)
871 4680 933 4758 Χρὴ
944 4682 984 4752 δέ,
992 4670 1014 4739 ab
1022 4681 1096 4751 Ἀθη-

321 4775 404 4844 ναῖοι,
420 4765 509 4844 ῶσπερ
530 4767 553 4824 οἱ
579 4769 676 4846 πρῶτοι
701 4765 837 4840 νομοθέται
855 4765 914 4844 περὶ
932 4769 984 4824 τῶν
1007 4769 1033 4825 έν
1058 4771 1095 4826 τῶ

322 4851 397 4930 δήμῳ
419 4852 546 4927 λεγόντοιν
564 4862 617 4919 τοῖς
638 4851 772 4932 προγόνοις
794 4855 870 4928 ἡμῶν
885 4851 1092 4926 ἐνομοθέτησαν,

321 4935 389 4994 οθτω
398 4935 442 4994 καὶ
453 4940 520 5012 ὑμᾶς
531 4941 618 5008 ζητεῖν
631 4937 742 5010 ἀκούειν,
754 4936 796 4996 θνα
810 4937 925 5016 βελτίους
936 4937 995 5006 τοὶς
1007 4961 1095 5017 προσ-

322 5023 409 5088 ιόντας
428 5025 487 5098 ύμῖν
506 5023 643 5096 ποιήσητε.
688 5027 749 5092 Πῶς
766 5015 809 5083 οὖν
820 5028 911 5084 ἐκεῖνοι
925 5024 986 5104 περὶ
997 5025 1094 5083 τούτων

323 5109 475 5216 ίγίνωσιγονς
494 5113 596 5190 πρῶτον
622 5111 668 5188 μὶν
685 5111 741 5170 καθ’
765 5111 876 5182 έκάστην
897 5111 1011 5190 δημοσία
1031 5111 1095 5189 άράς

1136 1879 1175 1928 bic
1190 1879 1317 1940 antequem
1335 1876 1449 1926 mulctam
1460 1876 1521 1926 banc
1532 1877 1691 1939 persolveret,
1702 1890 1717 1926 ο
1728 1875 1798 1926 robis
1812 1877 1912 1926 obvium

1136 1994 1255 2045 quemque
1266 1971 1365 2030 dicendo
1378 1980 1550 2043 scribendoque
1560 1981 1749 2030 cuiumniabatur
1760 2016 1769 2043 ,
1781 1993 1913 2043 omnesque

1136 2091 1282 2153 qtsmcontru
1297 2087 1396 2149 iniurios
1414 2089 1438 2137 in
1456 2089 1548 2150 iegibus
1568 2087 1663 2150 scripte
1675 2093 1733 2136 sunt
1747 2101 1830 2151 poenas
1842 2087 1912 2138 doces

1137 2192 1271 2254 pendebat?
1280 2193 1329 2255 (13)
1343 2195 1428 2242 Nonne
1440 2194 1559 2254 postrerm
1574 2192 1613 2242 bie
1626 2205 1641 2241 a
1656 2194 1764 2254 Lycurgo
1780 2191 1872 2242 deintus
1889 2196 1913 2242 et

1136 2297 1262 2346 convictus
1286 2309 1326 2356 se,
1350 2297 1408 2346 dum
1435 2297 1520 2346 erario
1539 2297 1619 2346 adime
1638 2297 1751 2358 deberet,
1774 2298 1912 2348 mnoiooari

1138 2397 1218 2459 (quud
1229 2409 1277 2446 non
1292 2396 1402 2458 licebat),
1416 2400 1441 2445 et
1453 2395 1620 2445 undecimviris
1630 2407 1662 2444 eu
1673 2395 1724 2457 tege
1737 2389 1840 2444 unditus
1856 2399 1914 2444 ante

1136 2501 1225 2562 iudicia
1244 2501 1383 2552 ssnbutabat
1402 2505 1427 2552 et
1449 2503 1473 2550 in
1499 2502 1579 2550 iocum
1604 2501 1743 2563 prytmibus
1765 2505 1912 2552 reservatooa

1137 2601 1290 2650 considebat?

1169 2699 1206 2744 ii.
1225 2695 1329 2755 Deinde,
1349 2695 1515 2756 Athenienses,
1531 2707 1603 2756 quem
1625 2694 1717 2744 actione
1736 2695 1856 2745 aciribus
1873 2697 1909 2745 in·

1137 2789 1204 2836 iente
1213 2787 1397 2836 condemnatum
1407 2786 1493 2848 saepius
1506 2786 1567 2847 teges
1578 2785 1644 2836 robis
1654 2786 1798 2848 puniendum
1806 2787 1911 2838 tradide-

1137 2882 1207 2939 runt,
1221 2891 1341 2940 quemque
1357 2891 1433 2939 neque
1445 2877 1601 2926 undecimviri
1614 2891 1690 2939 oeque
1702 2891 1782 2927 carcer
1793 2879 1912 2929 custodire

1138 2973 1280 3033 potuerunt,
1301 2970 1348 3018 hoc
1367 2983 1410 3019 νοε
1431 2969 1531 3020 utemini
1549 2969 1702 3020 concilierioi
1714 2973 1743 3019 Et
1759 2970 1795 3020 ies
1815 2971 1911 3034 quidem

1136 3062 1203 3124 jubet
1217 3075 1351 3124 preconem
1373 3062 1466 3112 nonnisi
1484 3064 1536 3124 post
1549 3075 1631 3123 preces
1643 3075 1737 3112 summe
1749 3077 1805 3112 cum
1822 3065 1912 3114 uncu-

1137 3156 1217 3204 monin
1231 3155 1305 3204 iacias
1315 3155 1383 3204 robis
1393 3155 1539 3204 deliberandi
1548 3154 1578 3204 de
1592 3155 1663 3206 rebus
1672 3155 1912 3218 negotiumtrsdere:

1139 3261 1180 3298 ros
1192 3249 1271 3296 autem
1283 3247 1383 3310 impium
1396 3248 1479 3306 istum,
1487 3247 1527 3310 qui
1537 3260 1612 3310 quum
1625 3247 1648 3296 in
1661 3252 1753 3297 ceteros
1764 3261 1849 3296 omnes
1859 3251 1911 3296 tum

1138 3353 1194 3389 vero
1211 3341 1235 3388 in
1252 3341 1342 3401 patrem
1357 3339 1533 3400 improbitatem
1545 3351 1614 3388 ευοω
1634 3340 1780 3401 cupeoausit,
1801 3352 1858 3388 cum
1870 3351 1912 3386 το

1138 3433 1174 3481 bis
1191 3437 1215 3481 et
1238 3429 1393 3480 familiaribus
1414 3432 1500 3496 restris
1520 3431 1673 3494 cognatisque
1688 3444 1725 3480 res
1738 3431 1847 3494 publicus
1862 3435 1910 3478 tre·

1138 3527 1203 3574 cture
1222 3524 1362 3585 patiemini?
1376 3523 1425 3584 (ia)
1444 3526 1473 3574 Et
1485 3519 1583 3572 D'emadi
1598 3523 1696 3585 quidem
1714 3535 1743 3571 sc
1755 3523 1912 3572 Demostheni

1138 3615 1227 3664 υυΙΙεω
1241 3615 1364 3664 censuistis
1374 3613 1478 3662 dandum
1496 3627 1546 3663 esse
1560 3614 1669 3674 reniam,
1682 3618 1765 3676 utpote
1775 3614 1839 3662 dona
1854 3625 1912 3664 cco·

1137 3709 1174 3756 trs
1191 3719 1233 3754 ros
1257 3707 1376 3767 occepisse
1398 3706 1527 3764 convictis,
1551 3705 1593 3754 sed
1609 3705 1749 3766 punivistis,
1771 3706 1842 3768 idque
1856 3705 1911 3765 ime

1139 3799 1237 3858 merito,
1261 3799 1324 3846 siros
1336 3798 1393 3846 istos
1405 3811 1481 3859 quos,
1491 3799 1511 3846 si
1533 3809 1580 3846 non
1600 3799 1693 3855 omnia,
1705 3799 1780 3846 muita
1797 3801 1875 3846 tamen
1889 3811 1913 3847 ιιι

1138 3891 1263 3940 utilitatem
1279 3893 1380 3938 vestram
1402 3889 1582 3937 administrasse
1606 3888 1708 3936 novistis
1729 3901 1736 3936 ε
1764 3887 1829 3936 isone
1852 3899 1909 3936 recu

1138 3984 1320 4042 exsecrabilem,
1331 3983 1371 4045 qui
1390 3981 1446 4032 boni
1462 3981 1559 4043 quidem
1572 3981 1629 4029 nituit
1642 3975 1762 4042 unquam,
1778 3993 1806 4028 ιιι
1822 3991 1871 4040 quo
1882 3980 1911 4026 ad

1138 4075 1307 4136 rempublicam
1317 4073 1432 4131 umescit,
1445 4073 1468 4120 in
1479 4085 1522 4120 ros
1538 4070 1656 4129 contulit,
1667 4069 1757 4117 maium
1767 4071 1846 4118 autem
1857 4069 1913 4118 iecit

1137 4169 1253 4230 quantum
1267 4166 1360 4228 potuit,
1373 4165 1515 4213 obediistis?
1528 4165 1558 4212 nt
1571 4163 1624 4225 quis
1643 4173 1685 4211 τοι
1699 4173 1747 4211 nou
1756 4160 1911 4218 accusaverit,

1137 4259 1156 4308 si
1169 4259 1233 4308 Ιιυιιο
1246 4257 1378 4307 admittatis
1397 4255 1575 4307 consiliarium?
1587 4255 1689 4313 Quando
1703 4255 1766 4304 enirn
1785 4253 1821 4301 sir
1835 4253 1912 4301 mani-

1138 4353 1205 4402 iestae
1216 4353 1241 4400 et
1249 4351 1314 4400 notre
1321 4361 1348 4398 ac
1359 4348 1503 4412 pervulgate
1515 4347 1577 4410 opud
1587 4359 1671 4396 omnes
1681 4346 1745 4395 cives
1755 4343 1914 4406 improbitatis

1137 4444 1299 4503 concionatur,
1307 4453 1351 4490 vos
1359 4441 1402 4503 qui
1414 4453 1483 4490 ειιιοε
1495 4440 1551 4488 huic
1561 4437 1687 4502 prebeatis
1697 4437 1797 4485 miratur
1807 4435 1913 4484 σὶτσυιιι-

1137 4541 1203 4587 stsns
1211 4547 1299 4585 corona
1310 4539 1334 4584 et
1347 4531 1490 4583 mirabunda
1501 4531 1587 4594 qoaerit
1600 4531 1680 4578 utrum
1688 4527 1798 4577 meliores
1808 4539 1855 4576 uon
1869 4527 1912 4574 ira·

1138 4629 1213 4680 bestie
1239 4627 1387 4678 consiiiarius
1410 4637 1440 4674 an
1464 4624 1524 4674 teies
1548 4621 1665 4672 nudieudo
1690 4619 1728 4669 vei
1750 4618 1911 4670 delectemini.

1139 4729 1188 4792 (ιο)
1209 4730 1309 4790 oportet
1331 4739 1402 4787 vero,
1424 4723 1597 4782 Athenienses,
1616 4717 1820 4783 quemadmodum
1842 4717 1914 4778 primi

1081 4829 1086 4844 ·
1139 4823 1359 4888 ΙεςὶεΙεὶοιοεόοίὶε
1369 4822 1410 4885 qui
1420 4833 1500 4870 coram
1516 4819 1603 4882 popuio
1613 4817 1719 4866 dicerem
1730 4815 1912 4875 maioribusuo·

1138 4919 1194 4969 stris
1214 4918 1424 4980 proscripserunt,
1448 4915 1483 4964 sic
1503 4926 1547 4962 ros
1566 4923 1663 4974 qouque
1683 4914 1711 4958 ut
1732 4907 1834 4957 audistis
1857 4905 1915 4954 dare

1137 5028 1247 5078 operam,
1260 5027 1310 5076 quo
1323 5025 1365 5063 eos
1379 5011 1422 5073 qui
1442 5008 1472 5060 ad
1488 5021 1530 5058 uus
1548 5007 1663 5057 secedant
1681 5004 1773 5066 faciatis
1792 5001 1912 5052 unctiores.

1139 5119 1192 5175 Quo
1204 5117 1274 5179 igitur
1282 5115 1353 5166 modo
1367 5113 1400 5163 titt
1410 5113 1440 5163 de
1450 5113 1487 5162 iiis
1498 5109 1649 5161 senbcbant?
1662 5105 1768 5156 Primum
1780 5101 1914 5164 induentis
