3934 6350
686 483 752 544 XX.
777 485 880 545 ΠΡΟΣ
900 487 1108 548 ΛΕΙῙΤίΝίίΝ.
1643 507 1699 559 645

91 611 181 683 πόλιν]
195 611 236 664 δτε
250 611 331 664 τοίνυν
353 610 381 664 τδ
396 611 438 682 μὲν
453 611 576 684 χρήσιμον
598 613 700 680 ἀπεστι,
727 615 830 686 πληροῖς
849 615 876 669 δέ
922 617 1040 689 χείρημα.
1078 617 1133 674 Ἵνα
1149 619 1175 673 δέ
1188 621 1230 674 καί
1252 624 1313 696 δοκῇ
1327 622 1506 696 ἀπολογεῖσθαι
1531 625 1589 696 ίιπέρ
1608 629 1651 680 τσῦ
1665 625 1707 680 dv.

91 697 139 743 τῶν
161 690 294 760 αἰσχίστων
308 688 352 755 τήν
369 690 457 754 πόλιν,
478 691 542 762 άρες·
563 691 662 758 λυθήτω
675 695 762 747 θᾶττον
774 694 788 747 δ
802 695 876 766 νόμος
921 695 991 766 δρδς,
1013 696 1147 767 μέλλοντος
1161 697 1304 772 ἀποστερεῖν
1316 709 1365 756 τιῖιν
1379 710 1477 776 πυρῶν,
1497 705 1609 776 τῇπόλει
1621 706 1705 760 δίδωσι

90 773 122 842 τῇ
134 767 349 839 τῶνκαθημένων
369 769 450 841 ψήφῳ.
498 770 545 821 ίίαί
558 771 598 824 σοί
612 770 655 842 μέν
677 773 773 842 μέτεστι
786 775 829 840 τ’ής
841 772 877 826 αἰ·
922 772 966 840 τήν
979 773 1059 828 αἰτίαν
1072 777 1114 830 καί
1127 776 1172 843 τήν
1195 779 1306 850 ἀνάγκην
1327 786 1370 836 τοῖι
1384 783 1570 854 συμόησομένου
1590 785 1706 854 περὶτῆς

90 851 156 913 τίας,
170 849 184 901 6
198 849 275 919 δῆμος
286 848 312 902 δέ
324 851 367 914 τ’θτ
379 848 532 920 βλασφημίας
542 849 674 920 ἐλεύθερος.
712 851 763 904 Οὖκ
775 851 875 926 ἀφίστα-
921 856 1024 919 πόλεως·
1042 857 1098 912 εἶτα
1112 859 1211 932 [ποιεῖ]
1224 862 1417 934 πρεσύευόμενον
1433 863 1476 916 καί
1489 865 1652 936 μεμφόμενον.
1664 867 1707 918 καὶ

90 946 130 980 ται
143 926 170 979 δέ
184 929 226 994 τῆς
240 925 346 990 ἐννοίας,
362 931 394 994 πῆ
411 927 453 999 μὲν
468 929 497 982 τδ
512 928 610 991 ένδοξον
624 933 826 998 κατασκευάζων,
842 936 875 1000 πή
921 934 1079 998 όνειδίζοντα·
1095 935 1151 991 εἶτα
1175 939 1215 994 ἐπὶ
1227 941 1320 1004 τούτοις
1340 942 1411 1014 μόλις
1428 941 1621 1015 ἀφαιρούμενον,
1642 945 1706 998 ὥστε

90 1007 117 1060 δὲ
131 1005 281 1059 τούναντίον·
297 1003 410 1078 ἐνῷκαί
424 1007 520 1060 πλείοσι
535 1009 652 1080 κέχρηται
665 1009 699 1072 ῶς
712 1008 737 1062 ἐν
752 1015 877 1084 καταφορᾷ
922 1013 965 1080 τὴν
989 1018 1139 1087 κατηγορίαν
1162 1021 1249 1090 μηκέτι
1262 1017 1328 1074 εἰναι
1341 1025 1384 1074 τοῦ
1407 1023 1548 1088 Λεύκωνος,
1573 1021 1640 1076 ἀλλά
1662 1029 1706 1078 τοῦ

91 1088 142 1146 τοῖς
157 1085 291 1156 ὀνόμασιν,
304 1083 424 1156 αἰσχύνην
436 1086 479 1138 καί
490 1085 603 1140 ἀπιστίαν
617 1086 697 1157 λέγων
712 1088 753 1140 καί
766 1087 875 1150 ἀδοξίαν.
921 1093 1011 1163 δήμου.
1025 1095 1105 1152 ch.

90 1167 171 1220 ch.
865 1187 866 1190 ’
956 1177 1018 1238 466,
1033 1190 1075 1227 11.
1093 1172 1137 1226 Ἐν
1159 1173 1186 1226 δέ
1207 1178 1243 1246 τῷ
1253 1179 1301 1228 τῶν
1316 1175 1406 1247 ξένων]
1429 1175 1483 1246 περὶ
1500 1177 1638 1243 Λεύκωνος,
1658 1177 1705 1250 ἀρ-

127 1239 188 1306 466,
207 1258 232 1298 1.
244 1239 338 1295 Οὔκοῦν
356 1241 397 1295 δτε
410 1239 512 1310 πολλῶ]
531 1241 673 1314 Ὁμολογεῖ
688 1243 731 1315 μέν
746 1245 787 1297 καί
805 1245 876 1308 αύτδς
920 1269 1011 1322 χοντος
1024 1252 1160 1322 Βοσπόρου.
1175 1254 1205 1305 Β.

90 1321 210 1392 ὠφέλειάν
223 1339 279 1374 τινα
297 1321 438 1390 συμύαίνειν
460 1321 515 1392 περί
535 1327 579 1375 τοῦ
600 1325 690 1394 νόμου,
716 1323 782 1376 ἀλλά
800 1327 876 1396 μείζω
957 1333 1019 1394 466,
1038 1346 1079 1383 ια.
1095 1329 1292 1402 ’Λφαιρεῖταικαί
1306 1331 1421 1386 Λεύκωνα
1436 1332 1478 1386 τδν
1491 1333 1618 1404 άρχοντα]
1635 1333 1709 1406 Ὁρᾷς

91 1405 135 1468 τῆς
148 1399 266 1470 ὠφελείας
279 1395 344 1451 εἶναι
356 1399 446 1466 ταύτην
458 1397 502 1465 τὴν
519 1399 623 1470 βλάύην.
636 1403 689 1458 ΤΡ.
921 1409 982 1475 όσην
993 1407 1035 1460 καί
1054 1407 1099 1474 τήν
1117 1409 1220 1480 ἔμφασιν
1240 1409 1440 1480 συνεισήνεγκενς
1464 1409 1520 1464 εἰτα
1538 1412 1648 1482 προσθείς
1667 1415 1709 1466 καί

128 1483 191 1544 466,
208 1483 235 1541 4.
251 1477 307 1530 Ἔτι
321 1477 363 1541 δέ,
385 1475 504 1549 ὧάνδρες
515 1479 643 1547 δικασταὶ]
657 1481 733 1534 Δοκεῖ
750 1486 793 1536 τοῦ
808 1483 875 1554 νομί·
920 1485 949 1538 τδ
966 1486 1103 1557 Βοσπόρου,
1119 1486 1225 1557 μονονοίν
1242 1486 1339 1556 βλέπειν
1359 1486 1444 1549 αύτούς
1464 1486 1562 1556 ἐποίησε
1580 1493 1625 1543 τοῖ
1638 1491 1707 1543 σίτου

94 1579 141 1630 μου
157 1557 290 1629 κεφαλαίου
303 1555 384 1622 εἰναι,
400 1557 444 1611 οθκ
454 1557 506 1612 ἔστι
518 1557 559 1624 δέ,
575 1557 641 1611 ἀλλά
652 1563 696 1614 τοῦ
716 1563 877 1634 συμφέροντος
921 1564 964 1628 τὰς
976 1564 1082 1632 ὁλκάδας
1105 1565 1200 1637 μεστός·
1226 1567 1290 1618 ῶστε
1312 1565 1387 1635 λιμοθ
1407 1567 1531 1637 παραίτιος
1555 1567 1707 1636 ύΛεπτίνης

92 1638 199 1710 μᾶλλον.
239 1636 312 1689 Ἔστι
323 1637 349 1690 δέ
361 1637 389 1689 τί)
400 1636 546 1708 ἐπιχείρημα
557 1636 604 1690 άπδ
615 1643 659 1693 τοῦ
671 1639 843 1706 ἐλλείποντος,
859 1642 875 1710 η
921 1643 1065 1716 γενήσεται,
1083 1645 1114 1698 δι’
1133 1641 1168 1698 ῶν
1182 1642 1318 1716 ἀφαιρεῖται
1332 1648 1375 1714 τῆς
1388 1643 1499 1708 ἀτελείας
1508 1646 1551 1700 τδν
1565 1647 1706 1718 άνθρωπον.

91 1718 140 1772 ἀπδ
153 1722 197 1772 τοῦ
214 1717 362 1788 ἀδιορίσιου.
381 1718 495 1774 BFSYP.
520 1717 600 1771 Τοῦτό
617 1738 680 1781 τινες
698 1719 793 1774 οίονται
813 1717 877 1774 εἰναι
926 1721 1008 1776 ch.
1654 1750 1655 1753 τ

90 1803 133 1852 τοῦ
152 1799 258 1870 νομίμου
277 1797 419 1869 κεφαλαίου·
436 1796 532 1868 μᾶλλον
552 1797 579 1851 δέ
600 1797 741 1870 ἀποφαίνειν
762 1799 776 1852 ό
796 1799 877 1872 ῥήτωρ
957 1801 1020 1864 466,
1047 1803 1089 1854 16.
1118 1799 1177 1852 Κατ’
1192 1797 1318 1870 ούδέτερον
1342 1801 1364 1852 δ’
1383 1798 1466 1873 αθτῶ]
1488 1800 1543 1855 ούτε
1567 1802 1601 1864 ὣς
1615 1803 1706 1876 πολίτῃ

91 1881 202 1948 πειράσαι
215 1873 311 1942 πολλὴν
326 1867 445 1947 ἐσόμένην
461 1877 582 1930 σιτόδειαν
603 1877 644 1930 καί
660 1877 771 1948 βλάόην,
792 1876 818 1931 ἐκ
831 1882 875 1944 τῆς
922 1875 978 1930 οὔτε
994 1877 1027 1938 ῶς
1046 1875 1119 1948 ξένῳ·
1136 1878 1303 1948 στερίσκονται
1317 1877 1364 1950 γάρ
1382 1877 1523 1950 ἀμφότεροι.
1537 1880 1619 1934 TCV.

92 1955 206 2026 ἀσαφείας
219 1955 248 2008 τδ
263 1953 399 2009 άπούαῖνον
412 1954 633 2026 πολυπραγμονῶν.
685 1953 731 2008 ’Λεί
746 1955 793 2026 γάρ
806 1955 820 2008 ό
833 1955 877 2027 ρή-
958 1958 1020 2020 466,
1035 1971 1078 2010 21.
1098 1954 1164 2008 Ἴστε
1175 1954 1224 2027 γάρ
1241 1955 1334 2027 δήπου]
1350 1955 1419 2018 Λύξει
1434 1955 1479 2023 τὴν
1500 1956 1639 2028 εὐεργεσίαν
1661 1963 1706 2013 τοῦ

91 2053 141 2104 τωρ
154 2035 185 2087 τδ
195 2035 283 2087 δοκοῦν
297 2033 385 2104 ἀσαφὲς
405 2032 444 2086 ἐπί
464 2034 493 2086 εδ
512 2035 632 2104 συμφέρον
656 2031 758 2105 ἀνάγει,
773 2032 817 2100 τήν
836 2033 877 2088 ἀπ’
923 2029 1062 2096 Λεύκωνος,
1078 2029 1105 2084 ἐκ
1120 2037 1170 2084 τῶν
1188 2030 1305 2086 ἐναντίων
1325 2029 1370 2100 τήν
1389 2035 1475 2086 σπάνιν
1489 2037 1620 2106 προφέρων.
1662 2035 1707 2088 Ἐν

90 2113 165 2168 αὐτοῦ
180 2113 274 2184 βλάῦην
289 2112 476 2180 δηλῶν.,Τ(;ίί.
923 2107 971 2180 γάρ
984 2112 1038 2172 ταῖς
1055 2108 1157 2172 ἐνδείαις
1171 2111 1213 2164 καί
1225 2110 1256 2165 τίι
1267 2110 1340 2183 μικρά
1358 2116 1407 2166 τῶν
1424 2113 1514 2183 κερδῶν
1531 2113 1629 2186 μεγάλα
1641 2111 1707 2168 εἰναι

125 2197 188 2256 466,
202 2197 228 2246 6.
239 2191 311 2258 Μήτε
318 2197 366 2244 τῶν
377 2190 505 2258 ἰσοτελῶν,
517 2192 578 2262 μήτε
592 2197 640 2245 τῶν
654 2191 737 2262 ξένων]
748 2191 879 2256 ’ίσοτελεῖς
924 2187 1003 2244 δοκεῖ.
1039 2187 1118 2242 Ὅταν
1139 2189 1166 2243 δέ
1185 2189 1227 2244 καί
1247 2194 1321 2244 τοῦτο
1344 2193 1458 2262 μέγιστον
1477 2187 1509 2264 fi,
1530 2192 1603 2246 ποίαν
1619 2192 1707 2246 λοιπδν

91 2271 135 2343 μὲν
147 2271 215 2342 λέγει
221 2271 277 2334 τοὶις
286 2271 365 2333 ξένους
379 2271 435 2333 τοίις
446 2271 611 2341 τετυχηκότας
625 2275 668 2338 τῆς
678 2269 731 2340 ίσης
742 2276 814 2343 τιμῆς
825 2276 878 2337 τοῖς
923 2266 1048 2322 ἰιπολείπεε
1065 2275 1117 2330 τοῖς
1139 2267 1268 2322 ἀκούουσιν
1288 2269 1441 2341 ύπερύολήνς
1457 2268 1512 2324 εἰτα
1528 2271 1570 2324 καί
1586 2272 1708 2343 συγκρίνει

90 2351 210 2412 πολίταις.
246 2350 322 2412 Τέλος
332 2349 380 2421 γάρ
394 2350 435 2403 καί
448 2348 493 2416 τὴν
504 2355 554 2404 τῶν
564 2349 692 2420 ἀρχόντων
703 2351 776 2422 τιμὴν
786 2352 877 2425 όνομό·
924 2346 966 2400 τὀν
981 2345 1029 2400 ἀπό
1043 2351 1087 2401 τοῦ
1103 2348 1199 2402 Πόντου
1215 2350 1284 2402 σῖτον
1298 2349 1357 2420 πρδς
1370 2350 1465 2404 ἅπαντα
1478 2351 1521 2406 τδν
1534 2350 1707 2422 ἁπανταχόθεν

89 2433 188 2495 ζουσιν,
200 2431 281 2500 ῶσπερ
293 2429 335 2482 καί
350 2428 498 2497 θουκυδίδης
508 2429 577 2500 λέγει
591 2431 789 2501 Λακεδαιμονίων
805 2451 878 2486 κατα·
924 2425 1008 2488 “We
1019 2427 1195 2498 θῦμῑζέμῑθθθ·
1207 2429 1290 2482 TCV·

90 2509 171 2580 λέγων
183 2507 213 2562 τά
223 2507 298 2574 τέλη,
312 2508 368 2570 τοίνς
381 2507 501 2579 ἄρχοντας
510 2506 640 2578 ὀνομάζων
654 2507 743 2562 αύτῶν.
791 2509 879 2574 Ξένους
959 2509 1022 2570 466,
1036 2507 1080 2560 αίι.
1104 2505 1140 2559 Ού
1162 2505 1210 2578 γάρ
1228 2508 1304 2578 μόνον
1330 2507 1371 2560 διέι
1394 2505 1423 2562 τδ
1438 2506 1483 2562 τδν
1501 2510 1577 2562 τόπον
1597 2511 1706 2581 τοῦτον]

91 2587 118 2641 δέ
133 2587 200 2659 λέγει
211 2587 267 2649 τοθς
280 2586 323 2640 οθκ
339 2585 483 2658 ἐγχωρίους.
520 2586 565 2638 Λιά
580 2585 623 2657 μέν
635 2581 678 2640 ούν
695 2593 744 2640 τῶν
763 2607 877 2660 προειρη-
926 2581 1026 2651 Ἐπειδὴ
1039 2585 1177 2657 καθαίρεσιν
1189 2583 1241 2640 είδε
1253 2587 1475 2658 παραπεμπομένην
1488 2587 1709 2660 τῷθεωρήματι-

92 2669 171 2740 μένων
184 2665 379 2737 ἐπιχειρημάτων
389 2665 563 2719 κατεσκεύασεν
580 2667 618 2720 ότι
632 2663 700 2720 οθδίν
713 2667 799 2738 ὄφελος
811 2688 878 2740 περι·
923 2662 996 2716 δοκεῖ
1005 2663 1054 2734 γάρ
1065 2663 1136 2727 αὖτὀς
1148 2665 1245 2737 μᾶλλον
1260 2665 1410 2737 ὠφελεῖσθαι
1423 2664 1437 2719 δ
1455 2667 1557 2736 ττέμττων
1575 2666 1619 2720 τδν
1637 2669 1707 2721 σῖτον

91 2747 186 2820 γίνεται
201 2749 232 2818 τῇ
246 2744 333 2809 πόλει,
345 2745 457 2814 κειμένου
469 2747 514 2798 τοῦ
528 2747 614 2816 νόμου·
626 2744 667 2797 διὰ
681 2744 708 2799 δέ
724 2749 768 2799 τού
787 2749 878 2816 παρόν-
923 2741 939 2808 η
956 2739 1002 2808 τὴν
1013 2741 1085 2796 πόλιν
1097 2742 1250 2814 ῶρελεῖν-,
1261 2742 1368 2816 άνήρηκε
1380 2743 1507 2798 καὶτοῦτο
1523 2745 1553 2798 εδ
1563 2742 1708 2800 ἀντιπῖπτον

92 2845 133 2888 τος
148 2822 335 2896 ἐπιχειρήματος
344 2824 382 2877 δτι
395 2823 436 2876 καί
448 2821 608 2894 βλάπτεταιὴ
622 2823 701 2886 πόλις.
750 2824 780 2876 Τί
790 2823 839 2895 γάρ
849 2827 878 2877 ἂν
923 2819 965 2872 καὶ
977 2818 1118 2892 ύπετίμετο.
1161 2819 1204 2884 Ὧς
1214 2821 1262 2894 γάρ
1273 2829 1322 2877 τῶν
1333 2821 1472 2878 ἀκουόντων
1482 2821 1608 2894 λεγόντων
1618 2824 1656 2880 ότι
1665 2823 1707 2883 ,διά

94 2905 139 2960 καὶ
152 2906 248 2976 γένοιτο
269 2904 356 2974 μεῖζον
374 2903 464 2974 βλάύσς
486 2903 619 2968 σιτοδείαςς
641 2903 696 2974 περί
715 2896 744 2968 ής
763 2902 778 2956 ό
794 2905 878 2976 παρὼν
923 2897 953 2950 τδ
964 2895 1083 2952 πλεῖστον
1104 2900 1215 2970 γίνεσθαι
1234 2902 1304 2954 σῖτον
1321 2899 1346 2956 ἐν
1368 2903 1421 2964 τοῖς
1437 2904 1519 2964 τόποις
1535 2906 1608 2956 τοῦτο
1626 2905 1707 2969 ποιεῖ,

94 2981 161 3054 αύτῷ
171 2981 295 3049 κεκίνηται
309 2981 394 3054 λόγος.
408 2983 489 3036 TCV.
926 2975 1010 3048 [κατὰ]
1028 2977 1165 3051 συνδρομήν
1187 2979 1294 3053 ἀνῄρηκε
1305 2985 1341 3054 τῷ
1352 2979 1444 3045 είπεῖν,
1456 2979 1491 3034 Ού
1508 2979 1558 3052 γάρ
1573 2982 1649 3052 μόνον
1666 2981 1707 3046 διὰ

131 3065 193 3126 466,
209 3079 235 3131 7.
252 3060 293 3128 Μὴ
315 3062 448 3133 διειρῆσθαι
461 3059 487 3113 δέ
509 3061 567 3114 θτου
583 3059 726 3134 &amm
742 3061 880 3116 ἐλλείποντι
923 3057 953 3110 τδ
966 3057 1009 3110 τόν
1026 3057 1102 3112 τόπον
1115 3062 1202 3114 τούτον
1219 3061 1288 3114 σῖτον
1298 3059 1415 3114 πλεῖστον
1426 3057 1493 3130 ἔχειν
1505 3064 1577 3113 τοῦτο
1595 3061 1706 3132 γίνεται,

95 3141 228 3210 κέχρηται,
241 3138 275 3211 μὴ
290 3141 424 3211 διειρῆσθαι
432 3139 530 3210 λέγων,
547 3139 577 3192 τὸ
588 3138 727 3211 ἀδιάκριτον
739 3145 782 3209 τῆς
794 3139 881 3205 λέξεως
924 3135 991 3189 ἀλλά
1004 3136 1045 3189 διά
1061 3137 1090 3192 τδ
1111 3137 1223 3192 ἀτέλειαν
1238 3137 1298 3211 ύμῖν
1320 3139 1393 3194 αέτδν
1410 3140 1559 3206 δεδωκέναι,
1578 3140 1618 3194 διά
1634 3146 1708 3196 τοῦτο
1796 3130 1799 3139 ’

94 3217 323 3290 έπισημαινόμενος.
369 3217 458 3271 Πολλά
478 3217 500 3269 δ’
520 3216 705 3288 ἐπισημαίνεται
724 3219 757 3282 ῶς
774 3222 881 3292 παραλε-
924 3217 1190 3288 προτιμᾷτίιθνάλλων
1205 3217 1318 3290 ἐμπόριον
1327 3219 1383 3281 τούς
1397 3217 1542 3286 ’ΛθηναίσυςΙ
1553 3221 1634 3277 TCV.

93 3297 212 3368 λειμμένα
227 3297 269 3350 καί
287 3295 405 3368 ἀορίστως
423 3295 539 3368 εἰρημένα
551 3303 587 3368 τῷ
597 3298 731 3371 νομοθέτῃ.
779 3299 879 3370 Πρῶτον
960 3298 1022 3362 466,
1036 3311 1081 3364 29.
1097 3295 1185 3368 Ἔχων
1200 3295 1249 3368 γάρ
1269 3297 1361 3360 ἐκεῖνος
1374 3296 1468 3370 ἑαυτήν]
1485 3297 1662 3370 Συλλογίζεται
1678 3297 1708 3352 τδ

93 3375 120 3429 δέ
136 3375 232 3442 ἐκεῖνο,
244 3377 283 3429 ότι
295 3381 344 3428 τῶν
358 3375 431 3438 ξένων
450 3373 525 3430 είπίυν
538 3375 566 3428 ού
577 3375 702 3444 δεδήλωκε
716 3379 818 3449 πότερον
831 3385 880 3432 τῶν
924 3375 1006 3445 κέρδος
1019 3379 1051 3448 τῇ
1063 3377 1181 3444 ποσότητι
1194 3375 1239 3442 τὴν
1251 3376 1393 3449 φιλοτιμίαν
1412 3376 1530 3448 ἐγείρων,
1544 3376 1592 3431 ἀπδ
1608 3381 1653 3432 τού
1665 3397 1707 3432 συ·

93 3453 226 3508 οἰκούντων
243 3453 384 3522 Ἀθήνησιν,
397 3455 413 3522 ἢ
425 3455 480 3525 περί
491 3460 538 3508 τῶν
555 3453 692 3526 ἀλλαχόθι·
707 3455 817 3527 δεύτερον
836 3456 862 3511 δέ
870 3495 878 3524 ,
926 3455 1014 3520 νήθους
1025 3453 1067 3508 καί
1083 3458 1233 3527 τεταγμένου
1244 3456 1328 3518 τέλους
1340 3457 1369 3510 εδ
1383 3457 1466 3526 κέρδος
1477 3455 1570 3522 δηλῶν.
1588 3457 1670 3510 ch.

93 3534 153 3586 ότου
167 3532 254 3600 ἀτελῆ.
291 3533 326 3587 Ού
340 3533 389 3606 γάρ
405 3531 460 3588 εἰπε
474 3533 503 3588 τό
520 3531 585 3596 εἶδος
596 3537 640 3600 τῆς
657 3533 781 3600 ἀτελείας,
801 3555 879 3608 χορη·
962 3537 1025 3602 467,
1043 3550 1067 3589 1.
1081 3533 1160 3588 Τοῦτο
1177 3534 1203 3588 δέ
1220 3533 1307 3601 ἡλίκον
1326 3533 1707 3606 ἐστί]Τήπηλικότητικέχρη-

93 3613 149 3684 γίας
160 3613 177 3681 ἢ
189 3613 255 3675 τινδς
265 3613 347 3666 ἀλλου
356 3612 441 3675 τέλους
453 3613 573 3679 τοιούτου,
587 3613 657 3676 τέλος
668 3613 748 3685 λέγων
758 3612 880 3667 κάνταῦθα
925 3629 980 3676 ται,
993 3611 1037 3664 ἵνα
1050 3609 1083 3683 με]
1097 3613 1173 3682 μόνον
1186 3615 1239 3674 τοῖς
1247 3611 1294 3684 πρὸ
1305 3613 1503 3683 τοῦπράγματος
1515 3611 1623 3684 αύξήση,
1642 3611 1708 3664 ἀλλά

93 3691 138 3754 τάς
155 3691 295 3754 καταδολάς
319 3693 361 3745 καί
380 3691 511 3755 τελωνείας
536 3691 579 3755 τάς
597 3691 663 3763 παρά
683 3698 732 3746 τῶν
751 3690 879 3763 ἐμπόριον,
926 3689 968 3742 καί
983 3689 1015 3740 δι’
1030 3689 1105 3757 αθτῆς
1118 3693 1161 3756 τῆς
1176 3691 1321 3756 ποσότητος.
1357 3687 1496 3760 Μίροςγάρ
1515 3689 1557 3742 καί
1574 3692 1648 3743 τοῦτο
1665 3693 1709 3757 τῆς

94 3769 137 3821 καί
148 3769 176 3822 τδ
191 3767 224 3832 είς
238 3769 296 3839 ὅπερ
308 3769 381 3824 αύτδν
392 3770 435 3824 δεῖ
445 3769 570 3824 συντελεῖν
582 3773 740 3841 χορηγοῦντα
753 3774 785 3842 τῇ
798 3770 879 3836 πόλει,
925 3767 1099 3836 πηλικότητος.
1113 3768 1196 3824 mV.

94 3848 183 3910 ὡςκαί
202 3849 257 3920 περὶ
280 3849 310 3903 τδ
324 3849 394 3912 τέλος
408 3847 473 3904 εἰναι
488 3847 533 3915 τήν
552 3847 680 3920 ἀσάφειαν.
717 3849 756 3917 Πῆ
772 3849 816 3921 μέν
832 3849 881 3922 γάρ
962 3851 1024 3916 467,
1044 3865 1071 3916 9.
1090 3845 1225 3918 Ἐμπόριον
1245 3845 1399 3918 Θευδοσίαν]
1419 3844 1538 3899 θευδοσία
1551 3845 1645 3917 χωρίον
1662 3846 1709 3899 Ro·

94 3929 164 3991 τέλος
177 3928 277 4000 λέγεται
289 3927 305 3996 η
326 3928 459 3995 τελωνεία,
473 3932 507 3996 πῆ
523 3928 549 3983 δέ
566 3928 608 3981 καί
628 3928 658 3982 τδ
677 3927 829 4000 λειτουργεῖν
849 3931 881 4000 τῇ
927 3927 1027 3997 σπόρου.
1041 3929 1072 3980 Ρ.
1086 3925 1121 3978 Τδ
1133 3925 1177 3996 μέν
1191 3925 1272 3996 όνορα
1284 3929 1321 3998 τῷ
1334 3923 1443 3997 ἐμπορύρ
1456 3923 1475 3994 ἰ]
1487 3923 1535 3978 ἀεεδ
1548 3927 1591 3991 τῆς
1603 3923 1708 3995 ἀδελφῆς

93 4006 176 4061 πόλει.
219 4006 290 4062 Ἐπεὶ
301 4001 345 4060 οδν
357 4007 482 4062 συνίόαινε
490 4007 533 4062 τδν
545 4007 659 4061 Λεύκωνα
671 4005 736 4060 εἶναι
747 4007 833 4074 ἀτελῆ,
847 4011 881 4075 πῆ
925 4004 1009 4072 ἢόπδ
1029 4009 1073 4073 τῆς
1086 4009 1209 4077 γαμετῆς·
1226 4006 1384 4078 διαφωνεῖται
1396 4006 1459 4076 γάρ.
1492 4004 1602 4058 Λείκνυσι
1622 4003 1652 4058 δέ
1667 4007 1709 4058 καί

95 4085 139 4156 μέν
154 4084 195 4137 6ιά
207 4085 251 4140 τὀν
263 4087 389 4156 τιθέμενον
401 4086 477 4158 πνρδν
490 4085 516 4140 ἐν
532 4091 567 4158 τῷ
580 4085 704 4156 Πειραιεῖ,
718 4087 752 4151 πῆ
767 4083 832 4138 δέτδ
847 4083 880 4156 μὴ
925 4084 990 4138 σύτω
1010 4083 1055 4151 τήν
1080 4084 1193 4150 εύνοιαν,
1213 4085 1253 4137 ότι
1271 4079 1406 4156 ἁμιλλᾶται
1425 4083 1488 4154 πρδς
1501 4082 1587 4141 ύαυτδν
1611 4081 1637 4136 έν
1654 4085 1710 4146 ταῖς

93 4166 215 4235 χορηγεῖν
226 4165 294 4227 ξένον
303 4165 378 4230 ὄντα,
391 4163 496 4218 αἰτιᾶται
507 4164 540 4226 ῶς
553 4164 662 4225 διδόντος
676 4165 721 4216 τοῖν
734 4165 811 4234 νόμον
819 4161 882 4216 κατά
927 4162 1043 4226 εύποιίαις
1058 4163 1144 4236 θμῶν·
1160 4163 1201 4218 διά
1213 4167 1287 4218 τοῦτο
1299 4163 1348 4234 γάρ
1360 4161 1426 4225 αύξει
1438 4162 1484 4217 καλ
1499 4161 1559 4216 αἰττδ
1581 4161 1610 4215 τδ
1630 4161 1708 4234 ἐμπό·

93 4241 140 4308 τήν
166 4241 282 4313 ἀσάφειαν
301 4243 392 4309 ταύτην
413 4241 498 4314 καιρδν
521 4247 557 4314 τῷ
574 4240 717 4312 βουλομένῳ
737 4238 824 4293 καλεῖν
849 4237 882 4301 είς
926 4263 995 4315 φιον,
1012 4244 1056 4298 ίνα
1070 4242 1103 4316 μή
1117 4243 1197 4314 φαύλη
1211 4263 1247 4306 τις
1260 4241 1276 4310 ί]
1290 4243 1416 4314 προσθήκη
1429 4245 1503 4313 φανῇ.
1518 4242 1600 4299 mv.

93 4318 882 4466 ίὲίθῖἰίόίἷιῗίἰίζῗέεῖίείέλὲἶίἰιίόῖίῖεἱίἧῖἰιῗ
912 4326 1025 4466 ’.ιθῗέί
1040 4325 1082 4454 ιθ
1103 4318 1710 4473 ἐζίεῗὲᾣλῖἰίέῖίόίἰέίβίζίῖξέ

93 4495 144 4548 γει·
160 4479 265 4548 πότερον
275 4475 338 4532 κατά
349 4477 378 4530 τδ
392 4477 484 4547 μηδένα
492 4475 572 4544 ’ἀτελῆ
586 4481 634 4530 τῶν
647 4481 775 4548 χορηγιῶν
786 4476 882 4547 τυγχά·
926 4479 1063 4552 εύεργεσθις
1076 4477 1264 4548 τήναίσθησιν.
1298 4477 1364 4534 ’ίιτιε
1375 4478 1424 4556 γάρ
1434 4479 1513 4545 δήπου
1524 4477 1712 4548 τοῖτο,φησίν,

95 4573 164 4620 νειν,
176 4555 193 4621 ἢ
207 4553 270 4608 κατά
289 4554 319 4608 τδ
332 4552 365 4626 μή
380 4556 433 4610 δεῖν
448 4555 520 4610 αθτδν
538 4556 714 4622 τελωνεῖσθαι,
729 4555 882 4609 κατακλείων
926 4560 981 4624 ότι,
992 4562 1035 4626 τῆς
1046 4557 1189 4628 οἰκουμένης
1198 4557 1292 4626 ἀπάσης
1305 4563 1342 4630 τῷ
1351 4557 1419 4630 λιμῷ
1428 4558 1580 4624 πιεσθείσης,
1595 4557 1699 4627 μετέστη

94 4633 130 4696 είς
144 4633 173 4687 τδ
190 4631 279 4696 ἐξεῖναι
292 4639 329 4706 τῷ
344 4633 488 4707 βουλομένῳ
501 4636 597 4708 τελώνῃ
608 4636 730 4706 χορηγεῖν
743 4635 786 4688 καί
796 4634 882 4688 καλεῖν
926 4657 970 4692 σεε
978 4637 1037 4710 ύμῖν
1050 4634 1246 4708 ηήεύπορίᾳτὴν
1260 4637 1394 4708 συμφοράν.
1431 4637 1493 4694 Τότε
1504 4641 1600 4707 πρῶτον
1612 4632 1696 4706 είδομε

94 4713 131 4776 εἰς
143 4713 265 4785 χορηγίαν
280 4713 324 4766 τόν
338 4713 463 4768 Λεύκωνα.
512 4713 655 4786 Ἐχρήσατο
668 4713 695 4768 δέ
708 4713 750 4767 καλ
762 4715 815 4777 τοῖς
832 4732 884 4786 τρι·
926 4719 1047 4774 σιτόδειαν
1073 4717 1190 4772 ποιοῦσαν
1217 4715 1259 4772 καί
1284 4715 1392 4770 πλοῦτον
1419 4715 1461 4776 καί
1485 4716 1569 4785 κόρον.
1612 4711 1709 4772 ‘HQ

94 4791 135 4844 σίν
149 4791 271 4864 όνόμασι,
293 4795 330 4864 τήν
349 4791 416 4862 [τῶν
430 4793 538 4848 πολιτῶν
558 4792 615 4863 καί]
637 4797 685 4846 τῶν
707 4789 823 4846 ἰσοτελῶν
842 4792 883 4846 καί
928 4795 1094 4862 Καλλισθένης
1107 4794 1196 4864 μάρτυς
1211 4791 1304 4861 ἀληθής
1316 4791 1506 4865 τήςφιλοτιμίας
1517 4794 1560 4859 τῆς
1573 4791 1708 4856 Λύκωνος,

93 4877 145 4926 τῶν
156 4871 246 4938 ξένων,
261 4877 297 4944 τῶ
308 4873 351 4926 τδν
364 4873 479 4928 Λεύκωνα
492 4879 540 4927 τῶν
548 4877 621 4943 τριῶν
632 4871 742 4942 μετέχειν
754 4870 879 4924 δύνασθαι·
927 4874 1021 4946 λεγέτω
1034 4878 1089 4930 τῶν,
1095 4871 1223 4929 ταλάντων
1237 4871 1281 4928 τθν
1293 4871 1397 4945 ἀριθμὸν
1410 4873 1468 4928 ύσον
1479 4870 1620 4943 τήζπατρίδε
1632 4888 1711 4940 περιε-

94 4951 199 5020 πολίτης
213 4952 257 5024 μίν
271 4953 320 5024 γάρ
339 4951 390 5008 ἐστι
412 4958 444 5027 τῇ
463 4953 574 5020 ποιήσει,
596 4949 707 5018 ἰσοτελής
727 4951 754 5006 δέ
767 4955 798 5024 τῇ
810 4955 880 5023 τιμῇ,
926 4954 1022 5020 ποίησε.
1037 4953 1117 5006 TCV.

94 5033 162 5094 ξένος
176 5030 202 5086 δέ
216 5036 252 5102 τῷ
266 5031 328 5102 μήτε
336 5031 402 5103 γάνει
416 5033 479 5104 μήτε
492 5033 561 5104 φύσει
571 5031 674 5100 πολίτης
685 5029 759 5086 εἰναι.
806 5031 884 5088 Λνπεί
962 5036 1025 5101 467,
1038 5047 1082 5084 αι.
1099 5026 1711 5106 Καίμηδῗάνμεταδόξῃμίζθδιόρθωταποιεῖτοῖς

93 5109 124 5162 δέ
144 5110 224 5182 τούτῳ
237 5116 273 5183 τῷ
292 5111 358 5181 μέρει
368 5113 469 5183 σφόδρα.
507 5112 537 5165 Τί
556 5110 605 5184 γάρ
630 5113 660 5164 ἀν
678 5111 774 5182 γένοιτο
795 5112 889 5182 μείζονι
931 5107 1333 5180 Ἆθηναίοιςτάπλημμελήματα.
1372 5107 1498 5179 Ἥμαρτεν
1512 5107 1615 5177 όδῆμος
1631 5109 1711 5164 κακῶς

94 5193 207 5259 ταραχῆς
215 5187 295 5243 αίτιον
307 5192 338 5261 τῇ
347 5189 418 5243 πόλει
428 5194 472 5258 τῆς
485 5191 593 5254 σπάνεως
605 5191 680 5262 [καί]
691 5193 733 5256 τῆς
747 5190 881 5253 σιτοδείαςς
929 5189 1122 5261 βουλευσάμενος
1133 5208 1141 5254 ς
1161 5188 1231 5259 άφες·
1253 5190 1284 5260 τῇ
1301 5188 1418 5260 μετανοίᾳ
1435 5187 1505 5242 λύσει
1517 5187 1547 5241 τίι
1559 5186 1708 5255 πταίσματα.

95 5267 155 5320 δθεν
169 5265 257 5330 καθείς
280 5267 309 5322 τδ
323 5271 366 5337 τῆς
388 5269 481 5340 βλάόης
496 5270 567 5341 μέρος
581 5275 654 5325 τοῦτο
670 5269 773 5332 ἐξετάζει
791 5269 819 5323 εδ
833 5266 884 5325 ἐπι·
932 5267 1006 5324 ’ἀλλὰ
1019 5272 1092 5324 τοῦτο
1109 5267 1153 5324 ούκ
1172 5267 1209 5324 ἔτι
1223 5267 1330 5334 ἐξέσται,
1346 5267 1387 5322 ἐθιν
1405 5268 1419 5321 ό
1436 5269 1510 5341 νόμος
1537 5265 1653 5356 Λεπτίνου
1669 5281 1710 5316 κυ-
