4032 6094
692 431 775 492 -κιι,
797 430 901 490 nvos.
922 413 1131 492 ινιιτιιιιιν.
1667 445 1726 497 κιο

139 569 210 631 446,
224 569 268 626 αθ.
285 563 371 617 Ἔστιν
387 562 555 635 όντινύμεῖς]
570 561 641 636 Ἀρχὴ
656 566 699 616 τοῦ
711 561 773 616 κατὰ
786 559 831 628 τὴν
843 562 891 614 δω-
972 565 1034 630 449,
1048 578 1091 616 αα.
1108 551 1165 616 Ἐπί
1176 565 1218 629 τῆς
1228 565 1333 634 σκηνῆς]
1348 565 1566 632 σκηνῆς-κοινοῖς
1578 563 1633 618 καθ’
1644 563 1728 637 όμοιό-

96 645 221 716 ροδοκίσν
239 643 366 715 ἐπιλέγω.
380 644 474 697 BFSY.
936 659 999 708 τητα
1010 641 1104 704 λέξεως
1119 641 1265 716 δριμύτητος
1280 640 1346 704 εδδός
1355 641 1430 695 ἐστιν.
1446 643 1476 696 Β.
1641 677 1643 682 -

140 725 230 777 Ἔστιν
247 723 323 776 ὅντιν’
337 724 366 774 δν
384 722 454 793 ύμεῗς
464 723 474 794 ]
486 721 523 774 Τά
536 722 595 794 μέρη
613 724 657 774 τοῦ
669 722 786 792 προτέρου
803 738 894 792 στοχα·
972 721 1035 786 450,
1054 737 1081 776 α.
1095 713 1174 784 θύτος
1185 721 1207 772 δ’
1228 720 1321 787 ἐκείνου
1337 721 1379 792 μέν
1399 721 1616 794 πρυύκυλινδεΐτο]
1636 723 1669 786 ὡς
1684 723 1727 776 άν·

100 807 170 876 σμοΰ
178 803 343 875 ἐργασάμενος
356 800 578 874 μνημονεύεισύδέν
592 795 716 867 ὴττονκαί
727 805 769 856 τοῦ
781 803 892 873 δευτέρου
936 801 1058 871 δράπυδον
1075 802 1249 872 δραπετεύσαν.
1287 800 1332 853 m&
1347 799 1373 853 δέ
1386 805 1434 854 τῶν
1458 799 1575 858 ἐναντίων
1590 805 1662 872 μῖσος
1680 823 1725 855 κα·

101 889 150 936 τού
166 883 221 955 περί
237 887 280 950 τῆς
293 883 456 952 δωροδοκίας.
494 882 541 935 Ka}
559 881 761 952 άρχεταιλοιπδν
782 881 891 935 ἐντεῦθεν
937 881 1079 940 τασκευάζει
1092 879 1206 952 Αἰσχίνη.
1233 879 1332 946 Ἐπειδὴ
1347 879 1373 934 δέ
1385 877 1484 952 ῥήτορες
1496 880 1586 952 άμφω,
1603 880 1725 952 ἐόουλήθη

101 967 150 1016 ’τοῦ
163 962 226 1016 κατὰ
237 961 281 1028 τὴν
295 963 445 1032 δωροδοκίαν
464 961 598 1032 ἐπιλόγου,
614 962 713 1031 φάσκων
727 963 765 1014 δτι
777 960 821 1013 ούκ
832 961 862 1012 δν
878 960 892 1014 ό
936 959 964 1012 τὸ
980 959 1088 1022 ἰξεσάζον
1102 961 1206 1032 διαφορᾷ
1218 960 1307 1026 λῦσαι,
1320 961 1417 1022 δεικνύς
1426 962 1466 1014 ότι
1478 959 1507 1014 ού
1525 965 1568 1028 τῆς
1586 957 1639 1028 ίσης
1653 966 1726 1033 τιμῆς

103 1043 231 1103 Φίλιππος
244 1041 350 1094 ἔδωκεν·
365 1040 421 1094 ούδέ
434 1040 483 1112 γάρ
499 1043 529 1092 άν
551 1041 621 1112 ύμεῖς
643 1039 726 1094 εἰκόνα
740 1041 823 1107 δοίητε
836 1039 892 1092 ούδέ
936 1037 991 1091 οὐδὲ
1004 1043 1047 1105 τῆς
1062 1039 1127 1100 άξίας
1139 1037 1285 1110 ἀμφότεροι,
1301 1035 1392 1110 είπερό
1406 1039 1450 1110 μέν
1465 1040 1523 1112 ύπέρ
1535 1045 1578 1108 τῆς
1590 1042 1721 1112 πατρίδος,

102 1123 201 1189 σίτησιν
217 1121 273 1174 οθδέ
288 1126 337 1174 τῶν
357 1121 472 1176 ἁπάντων
489 1120 570 1187 ούδίν,
583 1119 605 1172 εἰ
618 1119 651 1192 μὴ
667 1119 725 1192 ύπὲρ
738 1121 806 1192 ύμῖιν
819 1119 891 1174 πολι·
935 1115 985 1170 όδὲ
994 1115 1052 1188 ίιπέρ
1063 1117 1188 1171 Φιλίππου
1197 1115 1378 1174 πεπολίτευται.
1394 1119 1476 1172 TCV.

105 1201 228 1254 τεύσσιτο.
242 1201 324 1254 TCV.
941 1217 944 1224 ⁴
971 1196 1033 1262 450,
1051 1202 1092 1261 14.
1116 1195 1262 1268 Ἐπιεικῶς]
1277 1195 1332 1250 ἀντὶ
1346 1201 1390 1250 τού
1406 1199 1517 1269 μετρίως.
1533 1199 1590 1250 ΑΜ.
1644 1229 1646 1235 .

144 1283 205 1346 447,
224 1292 265 1333 ιι.
284 1277 358 1331 Ἀλλδ
378 1277 542 1345 Ξενοκλείδην
564 1276 676 1346 τουτονὶ]
693 1270 772 1338 Ούτος
789 1274 904 1346 ποιητὴς,
971 1277 1033 1341 450,
1051 1293 1093 1346 17.
1106 1274 1163 1329 Ὅτι
1175 1277 1198 1328 δ’
1207 1275 1235 1329 ού
1246 1277 1321 1347 μόνον
1335 1276 1398 1330 κατὰ
1412 1276 1443 1328 τά
1456 1276 1539 1346 άλλα]
1552 1274 1679 1338 Ἐκθάσεις
1690 1277 1724 1328 εἰ·

103 1359 143 1408 ιῖνν
159 1356 283 1424 Ἀθηναῖος
294 1357 409 1426 διέτριόεν
423 1356 489 1429 ἐντῇ
503 1357 652 1426 Μακεδονίᾳ·
665 1357 692 1418 δς
704 1354 834 1416 ύπεδέξατο
847 1375 892 1410 πο·
935 1356 987 1410 πίεν
997 1395 1005 1420 ,
1016 1355 1040 1408 τί
1054 1355 1097 1427 μὲν
1109 1353 1258 1422 άποδήσεται
1269 1355 1352 1416 ατίτοΐς
1361 1355 1438 1426 ὀρθῶς
1449 1355 1577 1418 δικάσασι,
1589 1356 1630 1408 καί
1640 1354 1664 1408 τί
1678 1357 1723 1426 μὴ,

106 1435 178 1502 λίεην
200 1436 261 1488 όντα
279 1436 321 1488 καί
343 1436 523 1507 άτιμαζόμενον
544 1436 587 1489 τδν
615 1433 781 1506 ἸΙγήσιππον.
824 1433 891 1488 Εἶτα
935 1436 1088 1490 κατέκλεισεν
1103 1433 1128 1505 ἐν
1143 1436 1237 1498 τούτοις
1248 1433 1335 1490 λοιπδν
1350 1432 1394 1502 τὴν
1407 1434 1530 1488 ύπόθισιν.
1546 1435 1687 1490 BFRSYP.

109 1513 221 1582 μαθὼνό
238 1513 361 1576 Φίλιππος
375 1513 503 1584 ἀπείρηκεν
525 1512 592 1586 αύτῷ
609 1511 674 1567 εἰναι
693 1511 718 1566 ἐν
737 1513 889 1584 Μακεδονίᾳ.

145 1674 208 1739 447,
226 1687 266 1741 ι7.
283 1667 347 1724 mm
360 1670 441 1725 τοίνυν
452 1670 495 1740 μυί
506 1669 557 1740 τις]
573 1669 652 1722 Πάλιν
669 1667 685 1736 ὴ
700 1667 819 1732 ἀντίθεσις
830 1668 890 1737 κύτη
1148 1691 1211 1748 χχ.
1230 1688 1315 1746 ΠΡΟΣ
1334 1687 1511 1746 χΕγγγγΝργΝ·

106 1747 271 1818 μεταστατικὴ
283 1749 323 1803 ἐπί
336 1750 392 1812 τούς
400 1748 559 1820 στρατηγούς.
575 1751 632 1802 ΑΜ.

145 1828 184 1890 Τίς
197 1829 251 1898 άρτι
263 1829 406 1899 προσελθὼν
417 1829 464 1898 πρδ
477 1831 521 1880 τοῦ
539 1825 710 1896 δικαστηρίου]
724 1826 768 1878 ἵνα
785 1824 818 1898 μὴ
832 1825 890 1900 δόξῃ
971 1831 1033 1902 457,
1052 1847 1074 1888 ι,
1090 1831 1191 1902 Ἀνδρος
1210 1830 1339 1895 δικασταὶ,
1357 1829 1464 1900 μάλιστα
1474 1825 1518 1900 μέν
1532 1828 1614 1882 εἵνεκα
1626 1833 1670 1883 τοδ
1682 1847 1722 1883 νο-

105 1903 347 1979 ·ἐσκεμμέναλέγτιν.
385 1908 505 1962 Βούλεται
518 1906 544 1960 δέ
563 1905 622 1976 πρός
636 1911 671 1976 τῷ
685 1905 750 1958 τέλει
760 1910 803 1959 τοῦ
814 1906 891 1976 λόγου
936 1905 1014 1982 μίζειν
1023 1910 1197 1982 συμφέρειντῇ
1217 1909 1289 1963 πόλει
1301 1908 1419 1962 λελύσθαι
1437 1907 1481 1960 τδν
1494 1909 1587 1978 νόμον,
1607 1905 1664 1960 εἶτα
1678 1910 1720 1961 καί

107 1986 257 2056 στρατηγούς
270 1985 393 2049 ἀντιτάξαι
411 1991 447 2058 τῷ
468 1984 587 2058 Αἰσχίνη,
605 1986 639 2047 ώς
660 1984 830 2056 ύθριζομίνους
851 1980 891 2040 [κατ’
934 1992 978 2041 τοῦ
991 1990 1077 2050 παιδος
1091 1989 1174 2042 είνεκα
1187 1991 1231 2041 τοῦ
1249 1985 1371 2058 Χαόρίου,
1392 1986 1546 2059 ὡμολόγησα
1562 1986 1672 2052 τούτοις,
1686 1988 1720 2050 ὡς

106 2063 191 2116 αύτοό.
202 2065 281 2117 ch.
935 2065 965 2120 δν
978 2061 1031 2128 οἰός
1043 2084 1070 2121 τε
1083 2064 1121 2131 ιδ,
1136 2068 1264 2138 συνερεῖν]
1275 2066 1347 2118 Πᾶσα
1360 2059 1533 2135 δευτερολογία
1554 2063 1591 2118 ἐπ’
1612 2063 1717 2117 ἔλαττον

146 2146 204 2210 447,
219 2159 263 2196 ετ.
280 2140 351 2210 Ἐγὼ
362 2143 384 2193 δ’
398 2143 437 2195 δτι
447 2143 527 2196 πάντα
535 2143 626 2213 τρόπον
635 2144 776 2214 κρινόμενος
789 2142 888 2214 Χάρης]
935 2139 1081 2216 ἀσχολεῖται
1092 2145 1147 2218 περί
1157 2140 1200 2208 τίις
1219 2139 1380 2216 προοιμεακίις
1393 2137 1495 2204 ἐννοίας·
1508 2135 1615 2204 ἐπιεικῶς
1627 2139 1676 2213 γάρ
1689 2141 1721 2195 τά

110 2211 209 2285 Ἐπειδὴ
220 2212 393 2292 μεμερισμένοί
403 2217 465 2288 ὴααν
475 2222 498 2274 οί
510 2221 645 2293 στρατηγοὶ
654 2223 695 2274 καὶ
706 2222 730 2274 οἱ
740 2216 839 2292 ῥήτορες
850 2223 891 2274 καί
934 2218 1059 2278 λυποῦντα
1067 2225 1222 2294 θεραπεύεται
1234 2217 1300 2294 παρά
1318 2227 1366 2276 τῶν
1379 2221 1560 2292 λαγχανόντων
1577 2225 1622 2274 τού
1638 2221 1721 2292 λέγειν

107 2296 227 2364 ἀλλήλοις
242 2294 457 2366 συνειστήκεισαν,
472 2299 496 2352 οί
512 2300 556 2370 μέν
567 2299 702 2371 Εθθούλῳ,
720 2300 744 2352 οί
760 2300 786 2353 δέ
801 2305 836 2371 τῷ
849 2300 891 2370 μή·
933 2301 978 2369 τὴν
992 2299 1090 2374 πρώτην
1104 2300 1200 2375 χώραν.
1237 2295 1719 2372 Τῶνδέδευτερολογιῶνέστίδιαφορό·

107 2395 172 2446 τορι,
181 2373 216 2430 ὧν
226 2378 333 2431 Φωκίων
346 2373 375 2445 ὴν
387 2385 436 2432 τῶν
449 2379 640 2450 ἐναντιουμένων
651 2380 814 2450 Δημοσθένει,
829 2378 891 2432 είκό·
935 2377 961 2434 σί
983 2376 1027 2452 μὲν
1041 2376 1089 2452 γάρ
1108 2380 1187 2434 αύτίθν
1207 2379 1267 2434 εἰσιν
1281 2375 1394 2450 ἐπίλογοι
1409 2380 1501 2449 μόνον,
1522 2376 1641 2450 ώσπεροί
1660 2379 1723 2433 κατά

106 2474 157 2516 τως
168 2455 283 2527 ἐπάγεται
296 2457 337 2510 καί
349 2457 420 2520 αύτὴς
434 2452 695 2524 ἐνταῦθατὴνεύνοιαν
703 2455 747 2523 τὴν
756 2461 800 2511 τού
813 2459 892 2528 Χάρνρ
939 2454 1159 2532 Ἆρεστογείτσνος,
1197 2461 1460 2530 πρωταγωνιστοθντος
1490 2457 1648 2528 Αυκούργου,
1680 2457 1722 2510 καί

106 2549 167 2598 τος,
180 2531 261 2606 ὥσπερ
277 2535 323 2588 κάν
341 2543 378 2609 τῷ
394 2536 456 2590 κατά
472 2537 575 2590 Μειδίου
590 2537 722 2604 πεποίηκε,
748 2539 889 2608 συγκρούων
935 2535 1025 2610 μικρδ,
1048 2539 1145 2611 μᾶλλον
1166 2533 1192 2592 δί
1205 2537 1274 2591 ούδέν
1296 2537 1474 2598 καταλιπόντος
1488 2533 1654 2598 εἰςάπόθειξιν
1672 2542 1721 2590 τῶν

105 2613 163 2674 τούς
176 2613 412 2686 άλλουςίππάρχους
427 2615 525 2687 Μειδίᾳ.
563 2616 734 2670 Χάνταύθατδ
748 2615 891 2670 αύτδτούτο
934 2620 1086 2690 πραγμάτων
1100 2623 1135 2690 τῷ
1147 2613 1240 2688 ῥήτορι·
1257 2615 1282 2668 αί
1296 2615 1324 2668 δί
1341 2615 1378 2670 ἐπ’
1391 2613 1495 2669 ἰλαττεν
1514 2613 1557 2686 μίν
1573 2615 1657 2685 ἔχονσε
1675 2615 1719 2668 τόν

107 2693 220 2760 θεώρημα
233 2695 343 2764 φαίνεται
358 2694 419 2766 ὴμῖν
432 2695 619 2768 ἐπιδειξάμενος.
638 2697 716 2748 Ποῖον
732 2700 819 2760 τοῦτο;
835 2715 892 2763 συγ-
935 2695 1036 2768 άγιῖινα,
1051 2695 1132 2767 ὥσπερ
1146 2695 1233 2749 όκατδ
1251 2690 1435 2766 Ἆνδροτίωνος,
1450 2691 1490 2746 διά
1505 2694 1534 2746 τό
1548 2689 1581 2764 μὴ
1592 2688 1657 2746 πολίι
1666 2695 1719 2746 δια·

107 2770 201 2838 κρούειν
217 2772 331 2841 βούλεται
347 2774 448 2845 Χάρητα
463 2781 499 2845 τῷ
511 2775 630 2847 Αἰσχίνῃ,
650 2774 714 2845 δμού
735 2774 778 2846 μέν
794 2773 889 2828 εύνοιαν
933 2775 1010 2848 φέρειν
1025 2773 1087 2829 κατά
1098 2773 1143 2842 τὴν
1162 2775 1187 2829 ἐν
1201 2777 1253 2836 τοῖς
1261 2774 1347 2845 λόγοις
1357 2769 1477 2844 ύπόληὴεν
1490 2769 1612 2843 Διοδώρου
1626 2771 1722 2838 Εύκτή·

107 2849 184 2922 ίαυτῷ
192 2855 392 2918 κατασκευάζων,
406 2854 469 2924 όμοῦ
478 2855 504 2908 δὲ
517 2856 575 2926 πρός
586 2854 680 2908 ἐκεῖνον
692 2853 834 2924 άπέχθειαν,
847 2855 891 2908 ἵνα
935 2875 1006 2926 μονα·
1021 2855 1036 2922 ὴ
1050 2853 1076 2909 δέ
1086 2859 1128 2907 νύν
1138 2853 1296 2924 ἐξεταζομένη
1311 2851 1484 2922 δευτερσλογία
1496 2851 1586 2921 σχεδδν
1596 2848 1627 2902 τά
1643 2848 1720 2920 άναγ·

107 2929 216 3000 ὥσπερό
236 2931 345 2984 Φωκίων
364 2935 477 2986 τέτακται
498 2933 560 3004 μετὰ
582 2939 631 2986 τῶν
643 2931 834 2986 ’άντιδικοόντων
855 2939 890 3006 τῷ
933 2935 1051 2986 καιότειτα
1063 2937 1106 2985 τοῦ
1118 2931 1212 3004 ἀγῶνος
1229 2931 1443 3003 συμπεριλαύοΰσα
1457 2929 1526 3000 ἔχει,
1545 2929 1578 2989 ὡς
1599 2927 1721 2981 δείκνυται

104 3007 202 3079 ῥήτορι,
223 3009 288 3064 ούτω
310 3013 424 3082 φαίνηται
442 3013 484 3066 καί
501 3013 580 3084 Χάρης
596 3013 661 3086 αύτῷ
684 3015 886 3084 συντεταγμένος.
933 3009 959 3066 ἐκ
973 3014 1016 3078 τὴς
1030 3011 1153 3084 ἐργασίας.
1202 3009 1247 3064 At&
1261 3007 1351 3078 ταύτην
1371 3007 1416 3076 τὴν
1435 3005 1515 3062 αἰτίαν
1540 3007 1620 3078 βραχύ
1637 3005 1679 3059 καί
1692 3006 1722 3059 τό

109 3083 268 3160 Ἐνδιατρέδει
287 3086 334 3143 σύν
353 3090 553 3164 ἀπολογούμενος
569 3093 627 3164 ύπέρ
645 3097 689 3146 τοῦ
709 3091 804 3164 άνδρός.
843 3093 890 3146 Χαί
931 3092 1060 3163 προοίμιον
1088 3091 1149 3162 [δν]
1169 3089 1317 3162 ἐμφαντικδν
1336 3089 1424 3161 γέγονε
1443 3094 1493 3142 τῶν
1516 3086 1717 3158 ἀναγκαιοτάτων

104 3163 188 3234 ἐπειδὴ
202 3163 217 3234 ὴ
232 3168 350 3234 άντίθεσις
368 3171 437 3243 εἶχεν
452 3173 570 3243 Αἰσχίνου
584 3173 608 3226 ἰν
622 3175 675 3235 τοῖς
691 3175 886 3245 προειρημένοις,
932 3165 975 3223 δύο
987 3167 1139 3241 κεφαλαίων,
1152 3174 1195 3222 τοῦ
1208 3189 1234 3224 τε
1248 3170 1410 3240 συμφέροντος
1419 3168 1461 3222 καὶ
1474 3171 1518 3220 τοῦ
1530 3166 1642 3231 δικαίου,
1657 3167 1673 3217 ά
1687 3163 1718 3231 δὴ

103 3245 164 3296 ἀλλ’
184 3245 231 3317 οθχ
245 3243 299 3301 σίόυ
320 3267 347 3302 τε
367 3245 397 3317 ὴν
412 3251 560 3318 ποιήσασθαι
573 3249 617 3316 τὴν
633 3249 731 3322 εἰρήνην
749 3251 805 3304 οίαν
820 3250 889 3318 ὴΕίου
932 3249 974 3302 καί
986 3250 1158 3321 κατωνόμασε·
1174 3249 1220 3320 [τδ
1236 3246 1279 3322 μέν
1298 3251 1418 3320 συμφέρον
1432 3247 1458 3302 ἐν
1470 3245 1507 3310 οίς
1521 3245 1601 3308 ἐλεξεν
1619 3266 1630 3296 ι
1647 3246 1719 3299 ίνεκιε

103 3323 274 3394 Δημοσθένης,
289 3333 368 3390 κακῶς
381 3335 431 3382 τῶν
442 3335 586 3402 στρατηγῶν
598 3331 757 3400 κεχρημένων
772 3336 808 3401 τῷ
818 3331 889 3385 πολέ-
934 3350 945 3378 ι
962 3333 1006 3382 τοῦ
1022 3329 1131 3400 νομίζειν
1151 3329 1278 3399 συμφέρειν
1297 3331 1329 3400 τῇ
1350 3327 1429 3381 πόλει·
1443 3328 1472 3398 ν]
1488 3326 1518 3379 εδ
1528 3325 1555 3379 δέ
1572 3325 1668 3378 δίκαιον
1677 3325 1718 3378 διδ

104 3423 160 3474 μερ,
177 3401 287 3474 φαίνεται
307 3405 472 3461 άπαλλάττων
494 3409 537 3461 τόν
561 3409 698 3479 στρατηγόν
715 3409 758 3474 τὴς
777 3411 888 3478 τοιαύτης
930 3402 1601 3480 ἠςωνηγορίαςτὴςύπδρΧαδρίουπαιδδςδεδήλωκεν.
1621 3399 1716 3476 Ἐμνηο

104 3479 275 3554 θλασφημίας,
293 3477 435 3540 καταλιπὼν
447 3483 491 3552 τὴν
506 3488 655 3558 στρατηγίαν
679 3491 727 3541 τῶν
742 3495 886 3559 στρατηγῶν
932 3493 1033 3560 μόνευσε
1044 3487 1073 3544 δέ
1084 3488 1126 3541 καί
1141 3492 1186 3541 τοῦ
1197 3488 1304 3558 νομίμου
1324 3483 1350 3539 έν
1363 3486 1454 3556 τούτῷ.
1493 3483 1538 3538 Διὰ
1551 3483 1593 3555 μέν
1610 3479 1654 3538 σύν
1673 3488 1719 3538 τοῦ

102 3565 143 3630 τῷ
162 3560 346 3634 βλασφημοῦντι
369 3563 486 3639 Αἰσχίνη,
511 3567 545 3619 ἵν’
566 3565 683 3638 Αἰσχίνης
703 3567 818 3638 φαίνηται
839 3573 888 3622 τῶν
932 3569 1008 3640 νόμου
1019 3569 1048 3622 τό
1060 3567 1185 3640 νόμιμον,
1200 3568 1240 3619 διὰ
1252 3563 1278 3620 δέ
1289 3571 1333 3620 τοῦ
1348 3567 1508 3636 συμφέροντος
1526 3565 1555 3618 τδ
1573 3565 1717 3618 λυσιτελοῦν

100 3635 181 3706 νθυι
193 3646 346 3711 εατιγορον.
362 3643 443 3696 τον.
930 3647 1061 3720 εχειια,
1074 3643 1115 3698 ιιι
1126 3643 1152 3700 ει
1165 3651 1209 3699 ωε
1222 3645 1329 3718 κεερω.
1340 3645 1425 3707 στοις
1438 3644 1467 3697 τε
1478 3644 1582 3697 τινων.
1602 3645 1680 3698 εον.

142 3717 201 3782 449,
219 3721 260 3781 τ4.
277 3719 361 3772 Καίτοι
382 3722 488 3793 καὶπερὶ
502 3725 544 3788 τῆς
556 3724 638 3792 φωνῆς
650 3719 708 3782 ἴσως
720 3720 796 3775 εἰπεῖν
813 3721 889 3794 άνάγ-
966 3726 1028 3796 457,
1045 3727 1070 3781 3,
1089 3721 1153 3778 Εἶτα
1165 3725 1206 3777 καί
1223 3725 1266 3778 τοῦ
1278 3724 1378 3794 παιδός]
1399 3721 1552 3776 Ἀπολαυέεω
1562 3762 1569 3786 ,
1581 3721 1653 3792 φησί,
1672 3725 1718 3776 τού

100 3793 886 3872 1η]Ἐἴωοτῑμῑταὸαίνεῑμὲρῠςῐῶνλυπῦῦνῐωείίσων·
931 3809 1014 3860 κοινοῦ
1026 3806 1188 3876 συμφέροντος
1201 3803 1271 3857 καίό
1288 3804 1345 3864 παῖς
1357 3805 1400 3855 τοῦ
1414 3801 1548 3872 εύεργίτου.
1590 3797 1716 3869 Ὀνίνησιν

101 3877 157 3930 έστι
167 3879 212 3950 γάρ
225 3877 390 3949 εύφωνότατυς
409 3881 542 3951 Αἰσχίνης,
559 3881 593 3940 ὡς
608 3878 679 3940 αύτδς
692 3881 811 3950 μαρτυρεῖ
823 3881 886 3933 πολ·
930 3884 946 3951 ἡ
960 3881 1040 3956 γραφὴ
1055 3883 1097 3936 καί
1107 3880 1152 3948 τὴν
1166 3881 1238 3936 πόλιν
1253 3879 1315 3948 όλην
1329 3879 1425 3932 καὶτοῦ
1436 3881 1575 3950 στρατηγοῦ
1594 3878 1637 3932 τδν
1650 3879 1714 3935 υίόν.

100 3955 173 4019 24²¹ss
192 3956 385 4026 θᾹημῠσθὲνητ.
439 3957 538 4024 Ἐπειδὴ
562 3953 606 4011 σύν
628 3955 748 4019 πολλάκις
761 3958 889 4028 συμδαίνει
931 3963 979 4016 Τον
996 3961 1021 4015 δὲ
1031 3961 1137 4032 Χαθρίαν
1150 3959 1266 4032 ὀνομάζει
1279 3957 1391 4028 κρύπτων
1405 3959 1449 4010 τοῦ
1461 3957 1546 4018 παιδδς
1559 3954 1604 4022 τὴν
1623 3975 1716 4027 προση-

99 4035 160 4097 τοῐις
171 4035 303 4098 άκούοντας
313 4035 534 4108 καταγοητεύεσθαι
544 4039 576 4108 τῇ
587 4037 646 4106 ποιᾷ
658 4035 778 4107 φωνῇκαὶ
791 4035 889 4108 ύποκρί-
931 4043 1033 4113 γσρίαν,
1047 4040 1103 4108 ὴτοι
1117 4041 1154 4092 ότι
1171 4040 1223 4100 νέος
1236 4033 1266 4104 ὴν
1287 4036 1379 4108 κομιδῇ
1391 4035 1433 4088 καί
1447 4033 1516 4088 οδδέν
1534 4036 1593 4097 τέως
1610 4034 1713 4106 πράξας,

99 4115 201 4177 σει,διά
215 4123 288 4168 τοῦτο
301 4113 399 4178 εἰκότως
410 4117 451 4169 καί
464 4119 553 4179 τούτο,
568 4113 601 4175 όις
611 4115 669 4167 ἕντι
679 4119 727 4166 τῶν
738 4113 887 4183 λυπούντων,
930 4121 971 4177 χαὶ
980 4121 1020 4175 διὰ
1032 4125 1105 4175 τοῦτο
1115 4119 1158 4172 οθκ
1172 4114 1202 4186 ὴν
1218 4115 1342 4188 αἰδέσιμος
1353 4118 1405 4177 τοῖς
1423 4114 1545 4168 άκούουσι·
1559 4114 1602 4168 καί
1617 4111 1716 4177 εἰκότως

99 4197 247 4262 θεραπεῦσαι
267 4193 390 4264 βούλεται.
429 4193 501 4265 Μέγα
517 4191 566 4264 γάρ
587 4191 692 4264 εύφωνία
712 4192 888 4266 καίύπόκρισις
930 4198 1059 4253 αύτδνάιτδ
1071 4195 1418 4268 τούγεγεννηκότοςκοσμεΐ,
1432 4193 1540 4262 καθάπερ
1555 4191 1609 4246 τινά
1622 4191 1718 4262 κλῆρον

97 4273 129 4326 ἐν
154 4271 231 4344 άγῶνι
257 4273 299 4326 καὶ
314 4271 402 4346 λόγῳ,
422 4274 464 4326 καὶ
486 4272 593 4344 μάλιστα
614 4272 673 4342 πρὸς
694 4271 790 4335 ἰδιώτας
808 4275 889 4345 κριτάς
929 4279 1092 4350 συμπλάπων
1102 4276 1131 4332 τδ
1141 4278 1213 4348 γέρας
1221 4276 1295 4346 αύτῷ.
1334 4266 1716 4344 Πρέπσνούνὴγήσειτοάπδτοδ

97 4353 163 4404 ὅταν
179 4352 305 4422 γίγνηται.
345 4349 446 4418 Ἐπειδὴ
463 4352 542 4405 τοίνυν
554 4350 625 4412 αύτδς
644 4349 788 4406 ἐλαττοῦται
804 4353 887 4424 τούτῳ
929 4355 1143 4430 στρατηγήσαντος
1153 4355 1195 4408 καί
1208 4354 1392 4423 κεκοσμημένσυ
1403 4352 1457 4413 ταῖς
1475 4347 1541 4420 παρὰ
1558 4352 1601 4416 τῆς
1619 4349 1715 4410 πόλεως

97 4430 228 4502 ῗῷέῑίρέῑν
242 4429 377 4498 mmm*
397 4431 545 4504 ῐῇῑθνωίίᾳ
562 4429 607 4497 ῖὴθ
624 4431 710 4484 Em*
727 4431 830 4504 γνώμην
847 4433 888 4486 καί
929 4439 1012 4507 τιμαίς
1036 4435 1078 4488 καί
1092 4433 1243 4504 ἐνδοξοτέραν
1263 4429 1309 4497 τὴν
1324 4429 1471 4501 συνηγορίαν
1495 4425 1651 4493 ποιήσασθαι·
1674 4425 1714 4478 διά

95 4510 255 4580 προαίρεσιν,
270 4510 422 4582 βουλόμενος
441 4511 555 4582 θηρεῦσαι
573 4509 629 4572 τούς
648 4509 780 4572 άκούοντας
800 4509 826 4564 ἐκ
845 4515 888 4579 τὴς
928 4515 977 4588 γάρ
990 4516 1033 4568 τὸν
1043 4515 1133 4584 πατέρα
1146 4511 1210 4565 καλό
1227 4513 1284 4573 παῖς
1292 4510 1378 4564 λαθεῖν
1391 4508 1548 4580 ἀγωνίζεται.
1596 4503 1658 4560 Ὀτι
1669 4504 1714 4576 μέν

94 4587 157 4658 περὶ
169 4587 242 4642 αύτδν
259 4590 366 4660 σχέσεως
386 4589 429 4643 καί
443 4588 552 4655 εύνοίας,
572 4589 602 4656 ὴν
620 4589 739 4652 πολλάκις
751 4589 887 4652 ἐπεδείξατο
928 4585 972 4646 σύν
989 4591 1014 4646 οί
1030 4593 1115 4652 παῖδες
1136 4589 1284 4659 ἐνδοξότεροι
1304 4593 1353 4640 τῶν
1376 4586 1486 4656 πατέρων
1504 4583 1581 4645 εἰσίν,
1599 4579 1648 4636 άπδ
1663 4587 1713 4634 τῶν

94 4669 192 4730 ἐντοῖς
212 4671 314 4731 κοινοῖς.
351 4667 430 4722 Ὅταν
453 4668 501 4740 γάρ
522 4667 557 4740 μὴ
576 4669 674 4740 ἔχωμεν
698 4669 773 4740 όμοια
793 4669 887 4740 ὁμοίοις
928 4672 1021 4728 παίδων
1032 4670 1151 4730 πολλάκις
1160 4667 1199 4722 ἐπί
1208 4667 1264 4730 τούς
1274 4661 1542 4737 πατέραςὴφιλοτιμία
1551 4662 1638 4732 χωρεί·
1653 4660 1712 4712 ὅταν

94 4748 260 4812 άντιτιθέναι,
275 4749 310 4801 τὴ·
317 4753 450 4816 τηνικαῦτα
461 4747 529 4802 οδδέν
544 4748 633 4802 κωλύει
648 4747 690 4800 καί
705 4745 776 4819 ἕτερα
788 4747 887 4802 πλεονε·
928 4751 954 4806 δέ
972 4751 995 4805 οἱ
1014 4751 1113 4820 πατέρες
1133 4749 1217 4800 διδῶσι
1234 4749 1287 4808 τοῖς
1306 4746 1375 4800 παισί
1398 4741 1571 4814 σεμνύνεσθαι,
1589 4740 1645 4792 τότε
1664 4737 1714 4792 άπδ

92 4826 215 4898 κτήματα
228 4827 382 4898 καταλέγειν·
399 4827 441 4881 καί
452 4827 493 4879 διὰ
511 4825 599 4882 τούτου
614 4825 698 4896 καιρόν
711 4825 770 4896 ἔσχε
782 4827 824 4880 καί
836 4833 885 4880 τδεν
927 4837 976 4884 τῶν
993 4827 1096 4890 ἐνδόξων
1110 4826 1287 4898 ἐπιχειρητέον.
1324 4823 1399 4878 Ούπω
1409 4821 1457 4894 γάρ
1471 4818 1632 4892 στρατηγδςό
1647 4817 1712 4884 Κτή-

93 4905 186 4959 έαυτοῦ
197 4906 384 4978 πολιτευμάτων
396 4905 533 4978 θπομνὴσαι
547 4905 589 4959 καί
607 4903 701 4960 λύσεων
716 4903 887 4976 αἰχμαλώτων
927 4929 1013 4972 σιπττος
1026 4907 1081 4961 οδδέ
1098 4905 1210 4978 λαμπρός
1223 4903 1248 4958 ἐν
1260 4905 1457 4974 κατορθώμασιν.
1494 4899 1601 4962 Εἰκότως
1615 4893 1659 4951 σύν
1670 4897 1712 4952 ἀπ’

91 4983 140 5036 καῖ
150 4985 251 5038 πολλῶν
271 4985 488 5058 εύεργετημάτων,
501 4987 545 5040 ίνα
564 4983 605 5037 δια
621 4983 714 5038 τούτων
737 4982 770 5046 εἰς
789 4983 884 5040 εύνοιαν
928 4989 1019 5044 ἐκείνου
1038 4987 1135 5060 μᾶλλον
1149 4985 1165 5053 ὴ
1178 4985 1278 5057 μνήμη·
1295 4983 1322 5037 ού
1336 4983 1384 5055 γάρ
1403 4983 1441 5035 δτι
1457 4981 1550 5042 άσωτος
1566 4975 1621 5046 ὴνό
1635 4979 1708 5042 παῖς,

92 5062 154 5124 τοὶις
167 5063 299 5128 ἀκούοντας
312 5065 482 5133 ἰκκαλέσηται.
496 5066 578 5118 TCV.
927 5069 960 5130 ὥς
977 5067 1036 5138 φασί
1058 5085 1133 5130 τινες,
1156 5065 1241 5136 ἔκρυψε
1257 5061 1302 5129 τὴν
1324 5061 1500 5134 προσηγορίαν.
1537 5059 1627 5130 Εἰγὰρ
1638 5061 1712 5110 τούτο

133 5144 287 5212 θύει,18.’ί“ά
305 5145 428 5218 θυὲστου]
441 5145 495 5200 άντὶ
511 5149 553 5199 τοῦ
567 5145 610 5198 τδν
625 5143 733 5212 θυέστην
748 5146 777 5198 τδ
790 5141 882 5216 δρᾶμα.
927 5143 973 5212 ἦν,
986 5145 1068 5197 σύκδν
1081 5144 1145 5206 δλως
1160 5139 1219 5214 ὴγεν
1234 5142 1267 5205 εἰς
1285 5141 1348 5214 θύεν·
1364 5145 1406 5194 νῦν
1419 5141 1445 5195 δέ
1462 5141 1503 5194 καί
1522 5139 1655 5211 νομοθετεῖ
1670 5136 1711 5190 καί

92 5221 177 5276 ΛΒΤ·
315 5255 319 5262 ·
907 5263 910 5270 -
927 5225 1069 5295 παρέστηκε.
1109 5223 1155 5275 Χαί
1169 5225 1263 5284 πάντως
1277 5223 1328 5294 δὴις
1342 5221 1416 5287 άκοὴς
1428 5221 1596 5292 έναργεστέρα.
1608 5217 1691 5269 TCV.
