4158 6114
813 359 1063 428 FRAGMENTA.

241 485 293 559 lv]
308 499 394 560 κατ’
414 499 558 560 suntor
578 499 816 560 nepisinos.

184 693 388 766 Harpocratin:
401 690 425 748 ’A
434 596 592 766 σήμαδίτα
607 689 640 748 τά
650 691 694 770 ὑφ’
703 693 778 767 ἡμῶν
789 689 916 767 λεγόμενα

141 777 323 857 άσφράγιστα·
337 784 433 852 σημεῖα
448 775 499 856 γάρ
513 776 600 854 ίλεγον
613 776 659 844 τδς
674 779 827 858 σφραγῖδας·
838 777 917 838 Ὑπε-

141 865 213 946 ρίδης
225 869 252 924 έν
265 869 301 942 τῷ
313 868 372 924 κατ’
387 864 498 924 Ἀντίου.

180 1033 260 1090 Idem
276 1050 284 1086 :
298 1027 480 1094 Βάσανος...
502 964 644 1108 Ὑπερίδης
655 1029 678 1088 δ’
691 1031 718 1087 ίν
732 1032 770 1108 τῷ
784 1031 843 1087 κατ’
862 1027 918 1090 Ἀν-

142 1117 197 1174 τίου
216 1117 249 1174 τά
270 1119 296 1175 ἐν
317 1116 374 1181 ταῖς
390 1115 511 1194 βασάνοις
529 1115 651 1192 εἰρημένα
671 1115 721 1174 ὓπδ
734 1118 786 1172 τῶν
805 1117 917 1192 βασανι-

141 1202 254 1278 ζομένων
264 1201 309 1261 καλ
322 1201 504 1282 άναγραφέντα
519 1202 647 1279 βασάνους
659 1202 802 1280 ὠνόμασεν.

179 1384 257 1441 ldem
271 1403 278 1436 ι
291 1382 376 1451 Σεση
387 1317 559 1456 μασμένιοίν
575 1382 632 1440 άντί
641 1387 687 1440 τοῦ
702 1381 917 1462 ἐσφραγισμένων

139 1465 308 1543 Δημοσθένης
320 1469 346 1525 ἔν
361 1470 398 1546 τῷ
407 1468 467 1544 περὶ
481 1472 526 1526 τοῦ
536 1468 675 1545 ὀνόματος,
685 1467 825 1550 Ὑπερίδης
840 1473 866 1528 ίν
879 1472 917 1550 τῷ

140 1553 198 1612 κατ’
214 1553 311 1612 Ἀντίου
325 1555 467 1634 ὀρφανικῷ.

506 1653 551 1694 ιε.

179 1721 260 1777 Idem
271 1740 279 1776 ι
293 1716 480 1789 Ὑπεατιίσα
488 1743 500 1785 ς
509 1717 618 1779 άντῖτοίί
627 1719 829 1798 ίιποδαλίμενος,
837 1720 919 1782 Ὑπε-

140 1804 214 1884 ρίδης
230 1807 256 1862 ἐν
275 1808 313 1883 τῷ
327 1803 384 1862 κατΙ
399 1803 505 1864 Ἀντίου.

179 1915 219 1975 V.
232 1914 335 1974 ΠΡΟΣ
348 1913 689 2060 ΔΠΜιὲφγίφλὲΥΠΕΡΙ
709 1915 786 1975 ΤΟΥ
806 1916 879 1975 ΘΗ-

512 2105 558 2145 ια.

180 2173 262 2230 Idem
288 2193 295 2228 :
325 2169 541 2239 Κολωνίτες·
571 2172 712 2250 Ὑπερίδης
733 2175 760 2231 ίν
788 2175 826 2252 τῷ
855 2173 919 2252 πρδς

139 2259 293 2318 Ἀπελλαῖον
310 2257 369 2336 περί
383 2263 428 2316 τοῦ
441 2263 584 2338 θησαυροῦ.
626 2259 694 2326 Τοὺς
704 2259 848 2334 μισθωτοὺς
864 2263 919 2319 Κο-

139 2344 256 2413 λωνέτας
269 2345 417 2419 ὠνόμαζον,
431 2345 520 2416 ίπειδὴ
537 2345 609 2424 παρδ
623 2349 660 2426 τῷ
676 2348 791 2426 Κολωνῷ
802 2347 918 2419 εἱστήκε-

140 2455 206 2504 σαν,
219 2431 247 2498 te
261 2437 316 2492 ίστι
326 2431 436 2502 πλησίον
446 2435 492 2502 τῆς
502 2437 615 2510 ἀγορᾶς,
633 2432 693 2490 ἔνθα
706 2433 737 2491 τθ
748 2432 917 2511 Ἡφαιστεῖον

141 2521 189 2578 καί
200 2518 230 2577 τθ
241 2518 416 2600 Εὐρυσάκειόν
427 2521 510 2577 ίστιν·
524 2519 641 2577 ίκαλεῖτο
655 2519 681 2576 ll
693 2523 706 2576 δ
720 2520 838 2588 Κολωνθς
847 2514 918 2588 οὗτος

145 2607 277 2686 ἀγοραῖος.
317 2597 373 2665 Ἦν
387 2605 415 2664 dl
438 2603 483 2663 καί
505 2605 589 2683 ίτερος
603 2605 722 2672 Κολωνάς
737 2607 801 2684 πρὸς
823 2607 853 2664 τὸ
872 2613 917 2666 τοῦ

142 2694 307 2759 Ποσειδῶνος
314 2691 382 2772 ίεράν
390 2737 397 2764 ,
405 2695 440 2759 ὣς
451 2691 591 2770 Ὑπερίδης
597 2696 624 2750 ίν
633 2695 671 2771 τῷ
685 2693 742 2750 κατ’
750 2693 918 2761 Αὐτοκλέους·

140 2773 250 2846 σίτοςδ
264 2779 296 2837 ἂν
311 2778 351 2851 είη
365 2778 562 2840 δτῶνὶππέων.
578 2781 619 2837 cl.
631 2779 733 2836 Pollux
747 2785 801 2852 Vl,
818 2783 836 2857 S
853 2784 917 2839 οδε.

140 2873 200 2927 Pro
226 2865 379 2932 Κολωνίτας
402 2867 480 2941 quod
494 2869 560 2927 cod.
579 2871 606 2923 D
626 2879 655 2924 et
677 2867 776 2924 Suidas
791 2870 917 2940 habent,

141 2975 209 3012 cum
222 2953 309 3014 codd.
332 2953 449 3010 ABCGN
465 2952 634 3017 Κολωναίτσς
648 2954 731 3009 dedit
748 2956 875 3030 Beldser3
887 2959 918 3012 in

142 3044 261 3117 reliquis
274 3052 302 3098 et
313 3041 391 3115 apud
404 3042 547 3097 Pollucem
563 3053 605 3098 est
617 3039 779 3105 Κολωνῖτας.

512 3127 556 3184 13.

183 3225 283 3281 Idem:
310 3221 460 3293 Κτησίου
486 3221 573 3288 Διός·
594 3219 735 3299 Ὑπερίδης
760 3224 838 3302 ῖντῷ
857 3223 920 3304 πρὸς

141 3309 310 3370 Ἀπελλαῖον.
326 3307 442 3379 Κτήσιον
453 3307 505 3370 Δία
517 3311 542 3368 ἐν
557 3315 609 3375 τοῖς
619 3308 744 3385 ταμιείοις
761 3309 886 3389 ίδράοντο.

181 3480 283 3535 Pollux
290 3481 342 3550 111,
359 3498 394 3550 ατ
408 3499 415 3536 :
431 3402 603 3555 Ὀνομάίιται
616 3477 642 3538 di
658 3479 704 3538 καί
720 3479 794 3560 παρὰ
811 3481 919 3560 Στράτ-

199 3643 243 3691 tv.
260 3643 385 3692 CONTRA
401 3643 520 3692 Alltlslll
538 3645 718 3695 PurlutAAls
736 3647 863 3695 ORATIO.

521 3741 535 3786 δ

171 3819 306 3880 'Ac-Apum
323 3833 379 3881 quae
401 3820 501 3870 anobis
517 3821 675 3886 ααρράγιστα,
692 3836 744 3873 non
762 3825 919 3887 olslpsato,·

138 3893 370 4010 γρρρμᾶῖιιγρίξγγρεῐα
389 3891 454 3942 euim
468 3891 543 3953 sigilla
554 3893 680 3942 rocabenl.
694 3895 825 3956 Hyperides
841 3896 866 3944 in
880 3909 917 3945 or.

174 4087 309 4149 liyperidcs
330 4089 355 4138 ln
376 4102 411 4140 or.
437 4029 634 4141 onrm⁹innam
656 4091 772 4154 βασάνους
792 4095 919 4156 sppellrvlt

139 4157 305 4207 contusiones
325 4170 422 4208 reorum
441 4161 565 4209 tormentis
587 4173 714 4222 expresses
735 4163 760 4210 el
782 4163 807 4213 iu
828 4164 920 4214 tabellis

139 4227 296 4290 ”mim
514 4295 550 4340 ιο.

172 4357 370 4418 Σεσημεισμένων,
385 4357 593 4421 sesquatorum,
616 4360 784 4410 Demosthenes
796 4359 821 4409 ln
837 4375 872 4410 or.
889 4363 920 4412 tle

138 4425 243 4476 nomine
253 4427 301 4484 (or.
320 4427 385 4490 39,§
400 4427 448 4491 ll),
464 4431 489 4478 et
510 4427 640 4491 Hyperides
656 4427 681 4476 iu
693 4429 800 4479 oretlone
812 4430 920 4493 pupillari

137 4495 344 4546 contresntisu.
515 4563 539 4606 Η

135 4701 159 4746 Α
171 4625 338 4744 mam,
353 4627 400 4689 qul
415 4629 556 4689 supposuit.
579 4626 711 4690 Hyperides
728 4627 755 4676 ῖο
776 4641 814 4677 or.
837 4631 921 4678 contre

162 4707 179 4744 u
243 4730 251 4743 .

214 4807 246 4855 V.
263 4805 425 4857 ADVERSUS
440 4807 615 4858 ARELLAEUM
632 4809 673 4856 DE
688 4809 863 4859 THESAURO.

172 4965 319 5024 Κολωνέτας.
343 4969 476 5031 Hyperides
488 4903 637 5020 in¹dislioue
656 4969 772 5020 adsersus
788 4969 921 5030 Apelleum

132 5039 171 5089 de
187 5035 311 5086 theseum.
334 5039 469 5094 Κολωνίτας
488 5040 606 5090 νοσοῖιειιῖ
619 5039 792 5100 mercenarios,
807 5038 872 5100 quod
890 5039 920 5088 εθ

132 5107 282 5170 absum(
293 5109 447 5174 tumulum)
459 5112 523 5162 stsre
529 5111 638 5160 solebant
647 5109 689 5173 qui
700 5113 737 5160 est
747 5122 820 5172 prope
828 5109 920 5172 lorum,

1673 387 1727 440 383

959 500 1009 556 τιδι
1024 503 1040 568 ἠ
1055 500 1190 577 προγονάς·
1210 503 1255 560 καῖ
1276 507 1338 582 παρ’
1355 503 1498 583 Ὑπερίδῃ·
1522 531 1535 556 ι
1556 504 1664 573 ἐξέδωκε
1684 507 1733 578 ely

959 587 1082 664 πρυγονθν
1096 587 1143 658 τὴν
1157 591 1250 666 αὑτοῦ,
1266 593 1293 648 έν
1312 594 1350 670 τῷ
1363 594 1427 672 πρὸς
1449 591 1598 652 Ἀπελλαῖον
1611 593 1671 674 περὶ
1685 599 1733 666 θη-

959 680 1066 752 σαυροῦ.

1329 757 1373 816 15.

999 850 1207 922 Harpocratio:
1224 848 1360 909 Πυθαέα
1380 851 1455 931 iope-R
1468 857 1513 912 τοῦ
1528 853 1624 914 Πυθίου
1638 852 1736 912 Ἀπόλ-

960 936 1052 1000 λωνος·
1070 934 1209 1015 Ὑπερίδης
1223 936 1286 1016 πρὸς
1300 935 1463 998 Ἀπελλαῖον.
1479 939 1589 1019 Ἀπορον
1605 943 1659 1005 mi<
1684 940 1737 998 άπδ

960 1019 1051 1079 τούτου
1066 1023 1260 1100 ἐσχημάτισται
1271 1023 1345 1100 παρά
1354 1027 1391 1102 τῷ
1405 1027 1527 1104 Διδύμιρ·
1537 1028 1582 1084 καὶ
1595 1026 1644 1104 γάρ
1659 1029 1687 1084 οὗ
1700 1028 1733 1084 δι’

960 1099 996 1166 ὧν
1008 1111 1134 1186 παρέθετο
1145 1113 1159 1166 ὁ
1170 1111 1352 1187 γραμματικὸς
1363 1111 1484 1186 ὠνόμασε
1493 1112 1527 1170 τά
1535 1113 1621 1172 Πύθια
1632 1113 1734 1189 ispi-ds,

961 1196 1027 1253 till
1033 1197 1075 1254 τὸν
1083 1196 1179 1256 Πύθιον
1188 1195 1347 1257 Ἀπόλλωνα.
1361 1202 1414 1254 Pro
1423 1198 1526 1256 Πυθαέα
1535 1242 1543 1269 ,
1553 1202 1630 1273 quod
1639 1203 1734 1256 Κίσσα·

960 1285 1060 1358 lingins
1082 1297 1111 1339 et
1135 1286 1275 1358 Sauppius
1298 1285 1453 1358 dederunt,
1481 1287 1594 1342 codices
1627 1288 1736 1342 hebent

962 1367 1096 1442 Πυθαεία,
1113 1368 1252 1440 Πυθαιιία,
1266 1368 1362 1427 Πύθια.
1379 1374 1521 1443 Quantum
1541 1391 1577 1428 ex
1593 1375 1732 1448 Harpocr.

961 1458 1056 1514 verbis
1082 1459 1201 1531 intelligi
1225 1468 1335 1531 potest,
1363 1457 1517 1532 Hyperides
1532 1473 1738 1516 memoraverat

960 1546 1120 1618 Apollinem
1131 1543 1251 1614 Πυθαέα,
1265 1562 1322 1600 non
1332 1565 1401 1601 vero
1413 1546 1512 1601 lestmn
1524 1547 1603 1618 quod
1617 1558 1736 1601 vocatur

961 1631 1073 1698 Πυθαῆα
1086 1631 1244 1708 [v.Boeclrh.
1260 1631 1360 1698 c.J.1‚
1377 1650 1408 1705 p.
1421 1631 1489 1699 560,
1506 1632 1584 1707 ραι).
1599 1633 1737 1705 Didymus

961 1731 1010 1776 aut
1020 1719 1130 1775 disemo
1142 1719 1201 1774 hnc
1213 1719 1356 1789 confudit,
1373 1729 1421 1773 eut
1431 1718 1518 1774 verbe
1530 1718 1588 1789 ejus
1602 1730 1737 1794 corrupta

962 1815 1050 1864 erent.

1325 1889 1369 1947 16.

1000 1981 1080 2038 Idem
1091 1998 1098 2040 :
1115 1979 1234 2046 Πώλας
1245 1979 1303 2038 ent
1324 1986 1369 2039 mii
1380 1979 1489 2060 πράσεις
1506 1979 1646 2058 Ὑπερίδης
1657 1983 1685 2039 ίν
1698 1984 1737 2062 τῷ

962 2063 1024 2144 πρὸς
1040 2065 1202 2125 Ἀπελλαῖον.
1215 2061 1294 2126 Ἔστι
1304 2065 1419 2144 τοῦνομα
1438 2066 1484 2125 καλ
1495 2068 1521 2124 έν
1536 2068 1589 2135 τοῖς
1600 2067 1737 2148 Σώφρονος

962 2151 1106 2230 Ἀνδρείοις.
1122 2155 1162 2211 cl.
1176 2155 1231 2230 frg.
1246 2173 1295 2214 aa,

975 2283 1030 2342 Vl.
1053 2283 1140 2342 RAT‘
1168 2281 1431 2341 ΑΡΙΣΤΑΓΟΡΑΣ
1451 2281 1722 2341 ΑΠΡΟΣΤΑΣΙΟΥ

1276 2407 1371 2485 λάγοι
1395 2409 1431 2486 β’.

1001 2522 1057 2582 Vit
1072 2520 1097 2578 X
1112 2534 1195 2582 orett.
1210 2541 1242 2598 p.
1260 2522 1333 2597 849,
1349 2525 1385 2592 D,
1406 2523 1441 2578 de
1460 2523 1604 2598 Hyperide
1622 2540 1630 2579 :
1653 2520 1734 2598 Ἐγί-

961 2633 1020 2668 νετο
1034 2607 1061 2666 δὲ
1077 2608 1122 2667 καί
1135 2607 1198 2688 πρὸς
1222 2607 1257 2667 τά
1271 2607 1409 2686 ἀφροδίσια
1423 2609 1583 2688 καταφερής,
1595 2611 1630 2674 ὡς
1652 2607 1735 2666 ixdc-

962 2700 1014 2755 λεῖν
1028 2696 1074 2773 μὲν
1089 2696 1132 2754 τὸν
1151 2695 1222 2768 υίάν,
1232 2695 1379 2771 εἰσαγαγεῖν
1400 2693 1427 2752 δὲ
1439 2694 1573 2776 Μυρρίνην
1589 2691 1636 2764 τ’λν
1651 2695 1734 2752 πολυ-

961 2785 1118 2852 τελεστάτην
1128 2782 1233 2861 ίταίραν
1243 2826 1250 2852 ,
1261 2785 1286 2840 ἓν
1298 2783 1418 2862 Πειραιεῖ
1427 2781 1453 2840 δὲ
1465 2781 1533 2862 ἔχειν
1543 2781 1736 2860 Ἀρισταγόραν,

962 2875 988 2930 ἐν
1002 2871 1132 2931 Ἐλευσῖνι
1148 2869 1174 2928 δέ
1189 2871 1216 2926 έν
1229 2877 1281 2934 τοῖς
1295 2869 1367 2934 ίδίοις
1377 2867 1493 2944 κτήμασι
1507 2870 1594 2928 Φίλαν
1611 2867 1659 2939 τὴν
1676 2869 1736 2938 Θη·

963 2959 1040 3017 άαίαν
1054 2957 1135 3016 είκοσι
1147 2960 1218 3032 μνῶν
1231 2956 1440 3034 λυτρωσάμενος.

1002 3049 1150 3106 Athenaeus
1162 3045 1241 3116 xlll,
1255 3065 1285 3119 p.
1299 3045 1367 3118 590,
1382 3043 1405 3100 C
1421 3061 1429 3101 ι
1444 3041 1598 3120 Ὑπερείδης
1620 3042 1642 3098 δ’
1661 3044 1675 3099 δ
1690 3039 1736 3120 ῥή-

962 3155 1015 3210 τωρ
1032 3136 1062 3190 ἐκ
1075 3135 1121 3202 τῆς
1139 3129 1262 3210 πατρῴας
1276 3130 1359 3195 οἰκίας
1370 3129 1412 3186 τὸν
1433 3129 1487 3187 υίδν
1499 3125 1640 3186 άποάαλὼν
1651 3127 1739 3187 Γλαύ-

963 3242 1059 3279 κιππον
1073 3217 1205 3296 Μυρρίνην
1220 3217 1266 3286 τὴν
1279 3215 1503 3286 πολυτελεστάτην
1517 3213 1737 3293 ίταίρανάνίλα-

964 3305 1064 3379 diffini
1090 3305 1188 3374 ταύτην
1215 3301 1261 3380 μίν
1281 3305 1307 3360 έν
1330 3301 1404 3360 άστεε
1427 3292 1513 3380 εἶχεν,
1529 3304 1554 3360 ίν
1576 3303 1694 3379 Πειραιεῖ
1709 3299 1737 3358 ll

963 3391 1163 3475 Ἀρισταγόραν,
1178 3391 1266 3450 Φίλαν
1279 3390 1301 3446 δ’
1312 3391 1338 3448 έν
1352 3387 1498 3460 Ἐλευσῖνι,
1508 3387 1540 3458 ἣν
1554 3390 1657 3448 πολλῶν
1669 3389 1737 3460 ὧνη·

965 3481 1074 3556 σάμενος
1084 3477 1228 3559 χρημάτων
1241 3467 1309 3556 εἶχεν
1324 3473 1512 3554 ἐλευθερώσας,
1527 3473 1632 3553 ὕστερον
1648 3473 1736 3532 δὲκαὶ

964 3659 1013 3706 quo
1025 3645 1077 3692 loco
1085 3645 1140 3690 snnl
1154 3641 1206 3689 lens
1219 3639 1322 3689 Vulcani
1334 3643 1358 3690 et
1369 3637 1503 3699 Eurysacis.
1520 3637 1565 3686 llic
1576 3637 1680 3685 Colonus
1694 3649 1737 3685 ro·

964 3716 1061 3763 cabelur
1072 3711 1190 3762 Forensis.
1200 3713 1257 3758 Erat
1271 3709 1334 3758 enim
1342 3707 1413 3756 etiem
1423 3707 1484 3756 slter
1497 3708 1601 3755 Colonus
1615 3707 1644 3754 od
1656 3707 1736 3754 lenum

964 3783 1080 3844 Neptuni,
1100 3785 1126 3829 nt
1142 3779 1274 3841 Hyperides
1289 3778 1322 3826 slt
1342 3777 1366 3826 iu
1382 3791 1417 3826 or.
1432 3781 1514 3826 contre
1536 3777 1675 3836 Autoclern;
1695 3775 1734 3826 llic

961 3851 1066 3900 colonus
1078 3851 1187 3912 equitnm
1204 3847 1277 3896 luisse
1286 3845 1391 3957 νῖθρῖδιιε.

994 3979 1097 4037 Κτησίου
1108 3979 1170 4034 Διός.
1183 3977 1314 4039 Hyperides
1322 3975 1346 4024 in
1359 3976 1465 4025 oratione
1474 3973 1587 4024 adsersus
1597 3975 1737 4039 Apelleum.

962 4051 1048 4098 Jovem
1063 4047 1172 4096 etesium
1187 4047 1210 4094 in
1225 4045 1291 4094 cellis
1305 4045 1425 4108 pennsrils
1442 4045 1586 4094 statuebant.

993 4196 1022 4244 ‘ll
1031 4195 1153 4256 προγονός,
1161 4197 1294 4258 prisione,
1306 4193 1369 4256 epod
1388 4191 1528 4244 Slrsllidem
1541 4192 1630 4242 dicitur
1639 4193 1664 4243 el
1672 4194 1736 4254 epusl

964 4264 1104 4326 Hyperidem
1114 4265 1138 4312 in
1159 4277 1195 4312 or.
1209 4263 1325 4312 adserens
1335 4263 1463 4327 Apelleum
1475 4263 1505 4313 de
1517 4263 1645 4314 theseum:
1658 4281 1669 4305 ι
1683 4265 1739 4312 Pro

962 4333 1041 4383 stituit
1052 4347 1120 4383 susm
1131 4334 1207 4396 ipsius
1220 4334 1363 4395 privignem.
1371 4351 1385 4376 ν

993 4491 1104 4550 Πυθαέα,
1122 4491 1211 4538 leslurn
1230 4487 1308 4550 Pyllrii
1329 4487 1459 4550 Apollinis,
1472 4487 1535 4549 opud
1554 4485 1699 4549 Hyperidem
1713 4485 1737 4536 in

963 4570 999 4607 or.
1016 4559 1130 4608 adversus
1148 4559 1285 4620 Apelleum.
1307 4560 1358 4605 lion
1375 4557 1433 4606 sotis
1456 4557 1593 4618 intelligitur
1612 4556 1736 4616 quomodo

964 4627 1010 4676 hoc
1022 4627 1076 4677 lesti
1090 4629 1233 4676 vocabulum
1245 4627 1275 4674 ιθ
1290 4628 1335 4676 Ιιοσ
1348 4627 1425 4689 ΡγιΙιῖῖ
1438 4627 1552 4688 Apollinis
1572 4625 1668 4674 nomine
1689 4625 1737 4672 ior-

963 4699 1055 4745 mstum
1069 4695 1169 4758 sitapud
1183 4695 1318 4756 Didymnm.
1335 4697 1416 4756 Retron
1431 4695 1571 4756 Pytlrlornm
1591 4695 1680 4744 testum
1692 4693 1735 4742 sed

965 4765 1081 4827 Pythium
1102 4765 1235 4827 Apollinem
1257 4765 1424 4827 psammeticus
1437 4764 1497 4814 ‹llsit
1511 4776 1609 4814 censum
1624 4776 1676 4812 esse
1694 4775 1739 4812 cur

964 4833 1173 4896 hecspposuerit.
1338 4900 1365 4944 Μ

996 4973 1094 5032 Πύλας,
1108 4967 1428 5040 venditionesfflyperldes
1442 4967 1467 5018 in
1480 4982 1516 5017 or.
1534 4968 1650 5018 εθνσιεοε
1666 4969 1736 5031 Apel·

964 5041 1045 5161 ffl'
1058 5043 1144 5091 Exstat
1159 5040 1222 5091 idem
1238 5039 1381 5090 vocobulum
1394 5039 1418 5088 in
1435 5040 1569 5102 Soplrronls
1581 5039 1660 5090 llimls
1680 5035 1739 5088 Viri·
