<?xml version="1.0" encoding="UTF-8"?>
<!DOCTYPE html PUBLIC "-//W3C//DTD XHTML 1.0 Transitional//EN"
    "http://www.w3.org/TR/xhtml1/DTD/xhtml1-transitional.dtd">
<html xmlns="http://www.w3.org/1999/xhtml" xml:lang="en" lang="en">
 <head>
  <title>
</title>
<meta http-equiv="Content-Type" content="text/html;charset=utf-8" />
  <meta name='ocr-system' content='tesseract 3.04.00' />
  <meta name='ocr-capabilities' content='ocr_page ocr_carea ocr_par ocr_line ocrx_word'/>
</head>
<body>
  <div class='ocr_page' id='page_1' title='image "./oratoresatticia00unkngoog/oratoresatticia00unkngoog_0532.png"; bbox 0 0 4114 6088; ppageno 0'>
   <div class='ocr_carea' id='block_1_1' title="bbox 394 401 1399 483">
    <p class='ocr_par' dir='ltr' id='par_1_1' title="bbox 394 401 1399 483">
     <span class='ocr_line' id='line_1_1' title="bbox 394 401 1399 483; baseline 0.013 -33"><span class='ocrx_word' id='word_1_1' title='bbox 394 421 449 483; x_wconf 52' lang='grc' dir='ltr'>,ης</span> <span class='ocrx_word' id='word_1_2' title='bbox 991 401 1279 462; x_wconf 66' lang='grc' dir='ltr'>ιιιιιοῑυκινονυ</span> <span class='ocrx_word' id='word_1_3' title='bbox 1301 404 1399 463; x_wconf 78' lang='grc' dir='ltr'>νιοτ.</span> 
     </span>
    </p>
   </div>
   <div class='ocr_carea' id='block_1_2' title="bbox 389 529 1939 612">
    <p class='ocr_par' dir='ltr' id='par_1_2' title="bbox 389 529 1939 612">
     <span class='ocr_line' id='line_1_2' title="bbox 389 529 1939 612; baseline -0.004 -22"><span class='ocrx_word' id='word_1_4' title='bbox 389 539 415 592; x_wconf 82' lang='grc' dir='ltr'>δὲ</span> <span class='ocrx_word' id='word_1_5' title='bbox 428 539 554 591; x_wconf 84' lang='grc' dir='ltr'>Φιλίππου</span> <span class='ocrx_word' id='word_1_6' title='bbox 568 537 707 606; x_wconf 72' lang='grc' dir='ltr'>πράγμασιν</span> <span class='ocrx_word' id='word_1_7' title='bbox 720 533 939 586; x_wconf 72' lang='grc' dir='ltr'>ἀντεπολιτεύσατο</span> <span class='ocrx_word' id='word_1_8' title='bbox 955 531 995 584; x_wconf 82' lang='grc' dir='ltr'>καί</span> <span class='ocrx_word' id='word_1_9' title='bbox 1009 531 1172 601; x_wconf 77' lang='grc' dir='ltr'>προδκαλεῖτο</span> <span class='ocrx_word' id='word_1_10' title='bbox 1191 529 1196 560; x_wconf 85' lang='lat'>¹</span> <span class='ocrx_word' id='word_1_11' title='bbox 1218 533 1298 602; x_wconf 82' lang='grc' dir='ltr'>φιλίας</span> <span class='ocrx_word' id='word_1_12' title='bbox 1321 535 1379 604; x_wconf 77' lang='grc' dir='ltr'>πρός</span> <span class='ocrx_word' id='word_1_13' title='bbox 1401 533 1537 601; x_wconf 88' lang='grc' dir='ltr'>Ἀθηναίους</span> <span class='ocrx_word' id='word_1_14' title='bbox 1560 534 1779 608; x_wconf 80' lang='grc' dir='ltr'>κεκληρονομηκότι</span> <span class='ocrx_word' id='word_1_15' title='bbox 1822 541 1875 594; x_wconf 50' lang='lat' dir='ltr'>Kar&amp;</span> <span class='ocrx_word' id='word_1_16' title='bbox 1887 547 1939 612; x_wconf 58' lang='grc' dir='ltr'>μςςρ,</span> 
     </span>
    </p>
   </div>
   <div class='ocr_carea' id='block_1_3' title="bbox 389 608 1942 4074">
    <p class='ocr_par' dir='ltr' id='par_1_3' title="bbox 389 608 1942 4074">
     <span class='ocr_line' id='line_1_3' title="bbox 389 608 1940 692; baseline 0.003 -24"><span class='ocrx_word' id='word_1_17' title='bbox 389 615 433 682; x_wconf 80' lang='grc' dir='ltr'>τήν</span> <span class='ocrx_word' id='word_1_18' title='bbox 450 615 541 670; x_wconf 76' lang='grc' dir='ltr'>ἐκείνου</span> <span class='ocrx_word' id='word_1_19' title='bbox 558 615 650 684; x_wconf 92' lang='grc' dir='ltr'>τύχην,</span> <span class='ocrx_word' id='word_1_20' title='bbox 666 612 706 664; x_wconf 79' lang='grc' dir='ltr'>καί</span> <span class='ocrx_word' id='word_1_21' title='bbox 721 610 765 675; x_wconf 87' lang='grc' dir='ltr'>τῆν</span> <span class='ocrx_word' id='word_1_22' title='bbox 786 611 888 680; x_wconf 88' lang='grc' dir='ltr'>πατρίδα</span> <span class='ocrx_word' id='word_1_23' title='bbox 903 609 999 678; x_wconf 79' lang='grc' dir='ltr'>βλέπων</span> <span class='ocrx_word' id='word_1_24' title='bbox 1017 608 1042 662; x_wconf 90' lang='grc' dir='ltr'>έν</span> <span class='ocrx_word' id='word_1_25' title='bbox 1056 609 1174 668; x_wconf 70' lang='grc' dir='ltr'>κινδύνοις</span> <span class='ocrx_word' id='word_1_26' title='bbox 1219 615 1306 663; x_wconf 89' lang='grc' dir='ltr'>τοῦτον</span> <span class='ocrx_word' id='word_1_27' title='bbox 1322 614 1364 664; x_wconf 83' lang='grc' dir='ltr'>τδν</span> <span class='ocrx_word' id='word_1_28' title='bbox 1379 613 1479 682; x_wconf 81' lang='grc' dir='ltr'>βασιλέα</span> <span class='ocrx_word' id='word_1_29' title='bbox 1497 617 1691 685; x_wconf 75' lang='grc' dir='ltr'>δυστυχημάτων</span> <span class='ocrx_word' id='word_1_30' title='bbox 1712 615 1802 687; x_wconf 82' lang='grc' dir='ltr'>ῆρξατο.</span> <span class='ocrx_word' id='word_1_31' title='bbox 1835 621 1940 692; x_wconf 77' lang='grc' dir='ltr'>ίίολλίγίο</span> 
     </span>
     <span class='ocr_line' id='line_1_4' title="bbox 390 680 1940 768; baseline 0.003 -22"><span class='ocrx_word' id='word_1_32' title='bbox 390 695 432 747; x_wconf 81' lang='grc' dir='ltr'>καί</span> <span class='ocrx_word' id='word_1_33' title='bbox 443 695 541 764; x_wconf 75' lang='grc' dir='ltr'>δουλείᾳ</span> <span class='ocrx_word' id='word_1_34' title='bbox 552 694 701 763; x_wconf 78' lang='grc' dir='ltr'>γιγνομένην</span> <span class='ocrx_word' id='word_1_35' title='bbox 714 691 758 756; x_wconf 83' lang='grc' dir='ltr'>τήν</span> <span class='ocrx_word' id='word_1_36' title='bbox 771 710 796 742; x_wconf 88' lang='grc' dir='ltr'>τε</span> <span class='ocrx_word' id='word_1_37' title='bbox 813 695 860 742; x_wconf 91' lang='grc' dir='ltr'>τῶν</span> <span class='ocrx_word' id='word_1_38' title='bbox 872 691 1001 759; x_wconf 87' lang='grc' dir='ltr'>προγόνων</span> <span class='ocrx_word' id='word_1_39' title='bbox 1017 687 1103 757; x_wconf 81' lang='grc' dir='ltr'>ἀρετήν</span> <span class='ocrx_word' id='word_1_40' title='bbox 1117 685 1174 749; x_wconf 83' lang='grc' dir='ltr'>έτή-</span> <span class='ocrx_word' id='word_1_41' title='bbox 1219 694 1395 762; x_wconf 83' lang='grc' dir='ltr'>νοσρισάμενος</span> <span class='ocrx_word' id='word_1_42' title='bbox 1416 691 1535 762; x_wconf 76' lang='grc' dir='ltr'>Ἅρπαλος</span> <span class='ocrx_word' id='word_1_43' title='bbox 1552 699 1602 746; x_wconf 84' lang='grc' dir='ltr'>τῶν</span> <span class='ocrx_word' id='word_1_44' title='bbox 1617 693 1767 765; x_wconf 84' lang='grc' dir='ltr'>Ἀλεξάνδρου</span> <span class='ocrx_word' id='word_1_45' title='bbox 1784 701 1894 768; x_wconf 84' lang='grc' dir='ltr'>χρημάτων</span> <span class='ocrx_word' id='word_1_46' title='bbox 1905 680 1940 768; x_wconf 72' lang='grc' dir='ltr'>τρῖς</span> 
     </span>
     <span class='ocr_line' id='line_1_5' title="bbox 390 766 1940 847; baseline -0.004 -21"><span class='ocrx_word' id='word_1_47' title='bbox 390 793 463 842; x_wconf 89' lang='grc' dir='ltr'>ρησεν</span> <span class='ocrx_word' id='word_1_48' title='bbox 478 773 539 846; x_wconf 83' lang='grc' dir='ltr'>αθτῆ</span> <span class='ocrx_word' id='word_1_49' title='bbox 552 773 593 826; x_wconf 79' lang='grc' dir='ltr'>καί</span> <span class='ocrx_word' id='word_1_50' title='bbox 609 772 637 823; x_wconf 83' lang='grc' dir='ltr'>τδ</span> <span class='ocrx_word' id='word_1_51' title='bbox 652 773 752 840; x_wconf 87' lang='grc' dir='ltr'>πάτριον</span> <span class='ocrx_word' id='word_1_52' title='bbox 764 771 886 840; x_wconf 89' lang='grc' dir='ltr'>φρόνημα.</span> <span class='ocrx_word' id='word_1_53' title='bbox 925 767 1003 829; x_wconf 80' lang='grc' dir='ltr'>Ἀξιον</span> <span class='ocrx_word' id='word_1_54' title='bbox 1023 768 1049 820; x_wconf 86' lang='grc' dir='ltr'>δὲ</span> <span class='ocrx_word' id='word_1_55' title='bbox 1065 766 1174 836; x_wconf 78' lang='grc' dir='ltr'>καὶπερὶ</span> <span class='ocrx_word' id='word_1_56' title='bbox 1223 767 1361 836; x_wconf 83' lang='grc' dir='ltr'>Ἀθηναίους</span> <span class='ocrx_word' id='word_1_57' title='bbox 1380 771 1526 841; x_wconf 86' lang='grc' dir='ltr'>κατέφυγεν,</span> <span class='ocrx_word' id='word_1_58' title='bbox 1545 767 1581 824; x_wconf 81' lang='grc' dir='ltr'>ὧν</span> <span class='ocrx_word' id='word_1_59' title='bbox 1604 772 1646 824; x_wconf 80' lang='grc' dir='ltr'>καί</span> <span class='ocrx_word' id='word_1_60' title='bbox 1664 774 1809 844; x_wconf 75' lang='grc' dir='ltr'>Δημοσθένης</span> <span class='ocrx_word' id='word_1_61' title='bbox 1825 775 1917 847; x_wconf 48' lang='lat' dir='ltr'>sowa!</span> <span class='ocrx_word' id='word_1_62' title='bbox 1929 799 1940 830; x_wconf 71' lang='lat' dir='ltr'>:z</span> 
     </span>
     <span class='ocr_line' id='line_1_6' title="bbox 391 845 1941 926; baseline -0.003 -20"><span class='ocrx_word' id='word_1_63' title='bbox 391 854 483 906; x_wconf 86' lang='grc' dir='ltr'>τούτων</span> <span class='ocrx_word' id='word_1_64' title='bbox 499 851 576 906; x_wconf 81' lang='grc' dir='ltr'>εἰπεῖν</span> <span class='ocrx_word' id='word_1_65' title='bbox 591 851 709 913; x_wconf 89' lang='grc' dir='ltr'>πλείονα,</span> <span class='ocrx_word' id='word_1_66' title='bbox 724 849 768 900; x_wconf 82' lang='grc' dir='ltr'>ἵνα</span> <span class='ocrx_word' id='word_1_67' title='bbox 781 847 823 900; x_wconf 82' lang='grc' dir='ltr'>καί</span> <span class='ocrx_word' id='word_1_68' title='bbox 839 846 981 916; x_wconf 82' lang='grc' dir='ltr'>βεῦαιότερα</span> <span class='ocrx_word' id='word_1_69' title='bbox 992 849 1036 911; x_wconf 89' lang='grc' dir='ltr'>τῆς</span> <span class='ocrx_word' id='word_1_70' title='bbox 1048 845 1173 914; x_wconf 87' lang='grc' dir='ltr'>Δημοσθέ-</span> <span class='ocrx_word' id='word_1_71' title='bbox 1221 849 1291 918; x_wconf 86' lang='grc' dir='ltr'>μέρος</span> <span class='ocrx_word' id='word_1_72' title='bbox 1302 848 1380 912; x_wconf 79' lang='grc' dir='ltr'>ἔδοξε,</span> <span class='ocrx_word' id='word_1_73' title='bbox 1396 849 1438 902; x_wconf 77' lang='grc' dir='ltr'>καί</span> <span class='ocrx_word' id='word_1_74' title='bbox 1449 851 1600 921; x_wconf 81' lang='grc' dir='ltr'>κατακριθελς</span> <span class='ocrx_word' id='word_1_75' title='bbox 1612 849 1680 918; x_wconf 86' lang='grc' dir='ltr'>έδέθη</span> <span class='ocrx_word' id='word_1_76' title='bbox 1695 853 1736 923; x_wconf 78' lang='grc' dir='ltr'>μὲν</span> <span class='ocrx_word' id='word_1_77' title='bbox 1751 853 1831 925; x_wconf 72' lang='grc' dir='ltr'>ἡμέρας</span> <span class='ocrx_word' id='word_1_78' title='bbox 1843 856 1864 920; x_wconf 80' lang='grc' dir='ltr'>ι’,</span> <span class='ocrx_word' id='word_1_79' title='bbox 1878 856 1941 926; x_wconf 64' lang='grc' dir='ltr'>μςίίὲ</span> 
     </span>
     <span class='ocr_line' id='line_1_7' title="bbox 391 921 1941 1000; baseline 0.003 -18"><span class='ocrx_word' id='word_1_80' title='bbox 391 950 446 991; x_wconf 89' lang='grc' dir='ltr'>νους</span> <span class='ocrx_word' id='word_1_81' title='bbox 458 928 544 999; x_wconf 88' lang='grc' dir='ltr'>ἀρετῆς</span> <span class='ocrx_word' id='word_1_82' title='bbox 555 927 674 998; x_wconf 89' lang='grc' dir='ltr'>τεκμήρια</span> <span class='ocrx_word' id='word_1_83' title='bbox 691 926 817 994; x_wconf 75' lang='grc' dir='ltr'>λάθωμεν.</span> <span class='ocrx_word' id='word_1_84' title='bbox 856 923 980 984; x_wconf 80' lang='grc' dir='ltr'>Φιλιππος</span> <span class='ocrx_word' id='word_1_85' title='bbox 997 921 1112 994; x_wconf 88' lang='grc' dir='ltr'>Ἀμύντου</span> <span class='ocrx_word' id='word_1_86' title='bbox 1131 922 1173 991; x_wconf 79' lang='grc' dir='ltr'>μέν</span> <span class='ocrx_word' id='word_1_87' title='bbox 1220 925 1245 987; x_wconf 83' lang='grc' dir='ltr'>έξ</span> <span class='ocrx_word' id='word_1_88' title='bbox 1256 926 1347 996; x_wconf 71' lang='grc' dir='ltr'>ἡμέρας</span> <span class='ocrx_word' id='word_1_89' title='bbox 1361 926 1470 993; x_wconf 78' lang='grc' dir='ltr'>ἀπῆλθεν</span> <span class='ocrx_word' id='word_1_90' title='bbox 1486 928 1518 990; x_wconf 85' lang='grc' dir='ltr'>είς</span> <span class='ocrx_word' id='word_1_91' title='bbox 1533 930 1670 1000; x_wconf 78' lang='grc' dir='ltr'>Τροιζῆνα,</span> <span class='ocrx_word' id='word_1_92' title='bbox 1683 932 1801 1000; x_wconf 84' lang='grc' dir='ltr'>κρείττονα</span> <span class='ocrx_word' id='word_1_93' title='bbox 1817 939 1857 986; x_wconf 85' lang='grc' dir='ltr'>τῶν</span> <span class='ocrx_word' id='word_1_94' title='bbox 1870 935 1889 987; x_wconf 86' lang='grc' dir='ltr'>έν</span> <span class='ocrx_word' id='word_1_95' title='bbox 1900 934 1941 998; x_wconf 80' lang='grc' dir='ltr'>Μή·</span> 
     </span>
     <span class='ocr_line' id='line_1_8' title="bbox 391 1000 1942 1078; baseline -0.005 -18"><span class='ocrx_word' id='word_1_96' title='bbox 391 1005 421 1075; x_wconf 83' lang='grc' dir='ltr'>ήν</span> <span class='ocrx_word' id='word_1_97' title='bbox 436 1010 493 1069; x_wconf 83' lang='grc' dir='ltr'>παῖς</span> <span class='ocrx_word' id='word_1_98' title='bbox 503 1009 546 1060; x_wconf 81' lang='grc' dir='ltr'>καί</span> <span class='ocrx_word' id='word_1_99' title='bbox 560 1005 701 1077; x_wconf 75' lang='grc' dir='ltr'>ίίύρυδίκης,</span> <span class='ocrx_word' id='word_1_100' title='bbox 715 1003 827 1072; x_wconf 77' lang='grc' dir='ltr'>βασιλεῦς</span> <span class='ocrx_word' id='word_1_101' title='bbox 840 1001 866 1054; x_wconf 82' lang='grc' dir='ltr'>δέ</span> <span class='ocrx_word' id='word_1_102' title='bbox 877 1003 1043 1063; x_wconf 79' lang='grc' dir='ltr'>Μακεδονίας·</span> <span class='ocrx_word' id='word_1_103' title='bbox 1058 1000 1083 1053; x_wconf 90' lang='grc' dir='ltr'>έν</span> <span class='ocrx_word' id='word_1_104' title='bbox 1093 1001 1174 1072; x_wconf 79' lang='grc' dir='ltr'>Πελλη</span> <span class='ocrx_word' id='word_1_105' title='bbox 1221 1023 1272 1064; x_wconf 88' lang='grc' dir='ltr'>ναις</span> <span class='ocrx_word' id='word_1_106' title='bbox 1289 1005 1385 1074; x_wconf 87' lang='grc' dir='ltr'>δεσμῶν</span> <span class='ocrx_word' id='word_1_107' title='bbox 1400 1002 1444 1069; x_wconf 82' lang='grc' dir='ltr'>τήν</span> <span class='ocrx_word' id='word_1_108' title='bbox 1458 1003 1482 1068; x_wconf 82' lang='grc' dir='ltr'>έξ</span> <span class='ocrx_word' id='word_1_109' title='bbox 1502 1004 1606 1072; x_wconf 85' lang='grc' dir='ltr'>Ἀθηνῶν</span> <span class='ocrx_word' id='word_1_110' title='bbox 1621 1006 1699 1078; x_wconf 74' lang='grc' dir='ltr'>φυγὴν</span> <span class='ocrx_word' id='word_1_111' title='bbox 1713 1009 1841 1078; x_wconf 65' lang='grc' dir='ltr'>δοκιμάσας,</span> <span class='ocrx_word' id='word_1_112' title='bbox 1875 1011 1942 1070; x_wconf 53' lang='grc' dir='ltr'>Ἀλεξᾶς</span> 
     </span>
     <span class='ocr_line' id='line_1_9' title="bbox 391 1081 1941 1159; baseline -0.001 -19"><span class='ocrx_word' id='word_1_113' title='bbox 391 1089 418 1142; x_wconf 79' lang='grc' dir='ltr'>δέ</span> <span class='ocrx_word' id='word_1_114' title='bbox 431 1089 579 1159; x_wconf 86' lang='grc' dir='ltr'>γενόμενος,</span> <span class='ocrx_word' id='word_1_115' title='bbox 594 1083 672 1155; x_wconf 83' lang='grc' dir='ltr'>ἀδόξῳ</span> <span class='ocrx_word' id='word_1_116' title='bbox 684 1083 726 1135; x_wconf 80' lang='grc' dir='ltr'>καὶ</span> <span class='ocrx_word' id='word_1_117' title='bbox 735 1087 840 1153; x_wconf 82' lang='grc' dir='ltr'>ταπεινῷ</span> <span class='ocrx_word' id='word_1_118' title='bbox 849 1082 933 1152; x_wconf 85' lang='grc' dir='ltr'>χωρίῳ</span> <span class='ocrx_word' id='word_1_119' title='bbox 943 1120 949 1146; x_wconf 91' lang='grc'>,</span> <span class='ocrx_word' id='word_1_120' title='bbox 961 1082 1062 1152; x_wconf 86' lang='grc' dir='ltr'>δύναμιν</span> <span class='ocrx_word' id='word_1_121' title='bbox 1072 1081 1098 1133; x_wconf 90' lang='grc' dir='ltr'>δέ</span> <span class='ocrx_word' id='word_1_122' title='bbox 1109 1087 1174 1150; x_wconf 82' lang='grc' dir='ltr'>πρῶ·</span> <span class='ocrx_word' id='word_1_123' title='bbox 1221 1085 1279 1154; x_wconf 89' lang='grc' dir='ltr'>δρου</span> <span class='ocrx_word' id='word_1_124' title='bbox 1292 1082 1318 1136; x_wconf 93' lang='grc' dir='ltr'>δέ</span> <span class='ocrx_word' id='word_1_125' title='bbox 1330 1083 1493 1153; x_wconf 72' lang='grc' dir='ltr'>χωρισθέντος</span> <span class='ocrx_word' id='word_1_126' title='bbox 1503 1083 1527 1146; x_wconf 78' lang='grc' dir='ltr'>ἐξ</span> <span class='ocrx_word' id='word_1_127' title='bbox 1541 1083 1673 1156; x_wconf 79' lang='grc' dir='ltr'>ἀνθρώπων</span> <span class='ocrx_word' id='word_1_128' title='bbox 1688 1084 1712 1138; x_wconf 90' lang='grc' dir='ltr'>έν</span> <span class='ocrx_word' id='word_1_129' title='bbox 1724 1086 1849 1151; x_wconf 59' lang='lat' dir='ltr'><strong>meum,</strong></span> <span class='ocrx_word' id='word_1_130' title='bbox 1861 1091 1941 1141; x_wconf 72' lang='grc' dir='ltr'>κατα-,τί</span> 
     </span>
     <span class='ocr_line' id='line_1_10' title="bbox 391 1156 1941 1237; baseline -0.007 -19"><span class='ocrx_word' id='word_1_131' title='bbox 391 1184 435 1218; x_wconf 90' lang='grc' dir='ltr'>τον</span> <span class='ocrx_word' id='word_1_132' title='bbox 458 1165 546 1234; x_wconf 81' lang='grc' dir='ltr'>ὀλίγην</span> <span class='ocrx_word' id='word_1_133' title='bbox 569 1161 652 1232; x_wconf 90' lang='grc' dir='ltr'>έχων,</span> <span class='ocrx_word' id='word_1_134' title='bbox 676 1159 716 1212; x_wconf 84' lang='grc' dir='ltr'>ύπ’</span> <span class='ocrx_word' id='word_1_135' title='bbox 739 1158 831 1224; x_wconf 76' lang='grc' dir='ltr'>ἐκείνης</span> <span class='ocrx_word' id='word_1_136' title='bbox 852 1159 1016 1228; x_wconf 85' lang='grc' dir='ltr'>βοηθούμενος</span> <span class='ocrx_word' id='word_1_137' title='bbox 1042 1156 1175 1228; x_wconf 71' lang='grc' dir='ltr'>Ἰλλυριούς</span> <span class='ocrx_word' id='word_1_138' title='bbox 1220 1181 1308 1223; x_wconf 88' lang='grc' dir='ltr'>σαντος</span> <span class='ocrx_word' id='word_1_139' title='bbox 1320 1160 1363 1226; x_wconf 81' lang='grc' dir='ltr'>τὴν</span> <span class='ocrx_word' id='word_1_140' title='bbox 1376 1159 1457 1232; x_wconf 80' lang='grc' dir='ltr'>ἀκμὴν</span> <span class='ocrx_word' id='word_1_141' title='bbox 1472 1163 1515 1228; x_wconf 89' lang='grc' dir='ltr'>τῆς</span> <span class='ocrx_word' id='word_1_142' title='bbox 1531 1163 1624 1234; x_wconf 87' lang='grc' dir='ltr'>τύχης,</span> <span class='ocrx_word' id='word_1_143' title='bbox 1638 1162 1806 1218; x_wconf 85' lang='grc' dir='ltr'>ἀνεκαλέσαντο</span> <span class='ocrx_word' id='word_1_144' title='bbox 1818 1167 1852 1218; x_wconf 84' lang='grc' dir='ltr'>διό</span> <span class='ocrx_word' id='word_1_145' title='bbox 1860 1167 1941 1237; x_wconf 57' lang='grc' dir='ltr'>θηρίῳ.</span> 
     </span>
     <span class='ocr_line' id='line_1_11' title="bbox 392 1236 1941 1315; baseline -0.004 -17"><span class='ocrx_word' id='word_1_146' title='bbox 392 1245 569 1315; x_wconf 79' lang='grc' dir='ltr'>κατεστρέψατο</span> <span class='ocrx_word' id='word_1_147' title='bbox 592 1241 633 1294; x_wconf 79' lang='grc' dir='ltr'>καὶ</span> <span class='ocrx_word' id='word_1_148' title='bbox 651 1239 804 1310; x_wconf 78' lang='grc' dir='ltr'>Τριῦαλλοδς</span> <span class='ocrx_word' id='word_1_149' title='bbox 826 1239 868 1290; x_wconf 79' lang='grc' dir='ltr'>καί</span> <span class='ocrx_word' id='word_1_150' title='bbox 887 1237 1001 1290; x_wconf 84' lang='grc' dir='ltr'>Παιόνων</span> <span class='ocrx_word' id='word_1_151' title='bbox 1024 1236 1172 1307; x_wconf 84' lang='grc' dir='ltr'>έκράτησεν·</span> <span class='ocrx_word' id='word_1_152' title='bbox 1220 1259 1260 1302; x_wconf 89' lang='grc' dir='ltr'>τος</span> <span class='ocrx_word' id='word_1_153' title='bbox 1268 1241 1292 1292; x_wconf 92' lang='grc' dir='ltr'>οί</span> <span class='ocrx_word' id='word_1_154' title='bbox 1307 1238 1429 1306; x_wconf 87' lang='grc' dir='ltr'>Ἀθηναῖοι</span> <span class='ocrx_word' id='word_1_155' title='bbox 1438 1239 1481 1292; x_wconf 84' lang='grc' dir='ltr'>τδν</span> <span class='ocrx_word' id='word_1_156' title='bbox 1491 1241 1664 1312; x_wconf 82' lang='grc' dir='ltr'>Δημοσθένην,</span> <span class='ocrx_word' id='word_1_157' title='bbox 1675 1241 1855 1314; x_wconf 70' lang='grc' dir='ltr'>ὁμολογήσαντες</span> <span class='ocrx_word' id='word_1_158' title='bbox 1862 1245 1890 1296; x_wconf 71' lang='grc' dir='ltr'>ότι</span> <span class='ocrx_word' id='word_1_159' title='bbox 1898 1247 1941 1296; x_wconf 63' lang='grc' dir='ltr'>οπο]</span> 
     </span>
     <span class='ocr_line' id='line_1_12' title="bbox 392 1315 1941 1394; baseline -0.001 -17"><span class='ocrx_word' id='word_1_160' title='bbox 392 1325 434 1377; x_wconf 83' lang='grc' dir='ltr'>καί</span> <span class='ocrx_word' id='word_1_161' title='bbox 449 1322 509 1394; x_wconf 86' lang='grc' dir='ltr'>μετά</span> <span class='ocrx_word' id='word_1_162' title='bbox 523 1325 599 1374; x_wconf 88' lang='grc' dir='ltr'>ταῦτα</span> <span class='ocrx_word' id='word_1_163' title='bbox 622 1319 805 1389; x_wconf 87' lang='grc' dir='ltr'>τετραδαρχίαις</span> <span class='ocrx_word' id='word_1_164' title='bbox 821 1315 865 1382; x_wconf 81' lang='grc' dir='ltr'>τῆν</span> <span class='ocrx_word' id='word_1_165' title='bbox 878 1317 1013 1370; x_wconf 83' lang='grc' dir='ltr'>Θετταλίαν</span> <span class='ocrx_word' id='word_1_166' title='bbox 1026 1317 1173 1379; x_wconf 84' lang='grc' dir='ltr'>κατέλαῦεν,</span> <span class='ocrx_word' id='word_1_167' title='bbox 1220 1323 1376 1392; x_wconf 76' lang='grc' dir='ltr'>κατέγνωσαν</span> <span class='ocrx_word' id='word_1_168' title='bbox 1397 1319 1551 1392; x_wconf 83' lang='grc' dir='ltr'>Ἀλεξάνδρου</span> <span class='ocrx_word' id='word_1_169' title='bbox 1568 1321 1678 1393; x_wconf 74' lang='grc' dir='ltr'>[δεέιί]Ι</span> <span class='ocrx_word' id='word_1_170' title='bbox 1720 1319 1748 1374; x_wconf 83' lang='lat'>‘0</span> <span class='ocrx_word' id='word_1_171' title='bbox 1766 1322 1790 1374; x_wconf 90' lang='grc' dir='ltr'>δέ</span> <span class='ocrx_word' id='word_1_172' title='bbox 1800 1326 1941 1394; x_wconf 68' lang='grc' dir='ltr'>παραγενόμενα</span> 
     </span>
     <span class='ocr_line' id='line_1_13' title="bbox 392 1387 1941 1470; baseline -0.001 -16"><span class='ocrx_word' id='word_1_173' title='bbox 392 1403 496 1464; x_wconf 80' lang='grc' dir='ltr'>Εθῦοίας</span> <span class='ocrx_word' id='word_1_174' title='bbox 510 1421 536 1454; x_wconf 88' lang='grc' dir='ltr'>τε</span> <span class='ocrx_word' id='word_1_175' title='bbox 560 1402 690 1470; x_wconf 84' lang='grc' dir='ltr'>τυράννους</span> <span class='ocrx_word' id='word_1_176' title='bbox 708 1397 827 1460; x_wconf 77' lang='grc' dir='ltr'>ἀπέδειξεν</span> <span class='ocrx_word' id='word_1_177' title='bbox 847 1399 888 1460; x_wconf 74' lang='grc' dir='ltr'>οὓς</span> <span class='ocrx_word' id='word_1_178' title='bbox 901 1395 1006 1464; x_wconf 80' lang='grc' dir='ltr'>ἠθέλησε</span> <span class='ocrx_word' id='word_1_179' title='bbox 1021 1397 1063 1450; x_wconf 81' lang='grc' dir='ltr'>καί</span> <span class='ocrx_word' id='word_1_180' title='bbox 1079 1399 1177 1458; x_wconf 79' lang='grc' dir='ltr'>Φωκεῖς</span> <span class='ocrx_word' id='word_1_181' title='bbox 1220 1400 1278 1468; x_wconf 77' lang='grc' dir='ltr'>πρός</span> <span class='ocrx_word' id='word_1_182' title='bbox 1302 1398 1453 1470; x_wconf 86' lang='grc' dir='ltr'>Ἀντίπατρον</span> <span class='ocrx_word' id='word_1_183' title='bbox 1480 1401 1608 1466; x_wconf 84' lang='grc' dir='ltr'>συνέστησε</span> <span class='ocrx_word' id='word_1_184' title='bbox 1631 1399 1674 1465; x_wconf 81' lang='grc' dir='ltr'>τήν</span> <span class='ocrx_word' id='word_1_185' title='bbox 1698 1397 1814 1452; x_wconf 77' lang='grc' dir='ltr'>Ἐλλάδα·</span> <span class='ocrx_word' id='word_1_186' title='bbox 1835 1387 1941 1470; x_wconf 74' lang='grc' dir='ltr'>κληρονόμα</span> 
     </span>
     <span class='ocr_line' id='line_1_14' title="bbox 393 1473 1940 1549; baseline -0.003 -15"><span class='ocrx_word' id='word_1_187' title='bbox 393 1481 541 1542; x_wconf 80' lang='grc' dir='ltr'>ἀναστάτους</span> <span class='ocrx_word' id='word_1_188' title='bbox 569 1479 682 1547; x_wconf 81' lang='grc' dir='ltr'>ἐποίησε,</span> <span class='ocrx_word' id='word_1_189' title='bbox 705 1478 797 1548; x_wconf 87' lang='grc' dir='ltr'>σφαγάς</span> <span class='ocrx_word' id='word_1_190' title='bbox 820 1497 846 1530; x_wconf 89' lang='grc' dir='ltr'>τε</span> <span class='ocrx_word' id='word_1_191' title='bbox 873 1476 968 1538; x_wconf 87' lang='grc' dir='ltr'>πολλάς</span> <span class='ocrx_word' id='word_1_192' title='bbox 989 1475 1125 1547; x_wconf 80' lang='grc' dir='ltr'>ἐτόλμησεν</span> <span class='ocrx_word' id='word_1_193' title='bbox 1151 1475 1175 1528; x_wconf 86' lang='grc' dir='ltr'>έν</span> <span class='ocrx_word' id='word_1_194' title='bbox 1221 1473 1347 1548; x_wconf 78' lang='grc' dir='ltr'>γδροῦτος</span> <span class='ocrx_word' id='word_1_195' title='bbox 1362 1481 1405 1544; x_wconf 90' lang='grc' dir='ltr'>τῆς</span> <span class='ocrx_word' id='word_1_196' title='bbox 1423 1478 1574 1530; x_wconf 84' lang='grc' dir='ltr'>Μακεδόνων</span> <span class='ocrx_word' id='word_1_197' title='bbox 1589 1477 1940 1549; x_wconf 79' lang='grc' dir='ltr'>ῆγεμονίαςέγένετο·καίπίντος</span> 
     </span>
     <span class='ocr_line' id='line_1_15' title="bbox 393 1553 1939 1629; baseline -0.001 -19"><span class='ocrx_word' id='word_1_198' title='bbox 393 1558 498 1623; x_wconf 82' lang='grc' dir='ltr'>Ἤλιδι,</span> <span class='ocrx_word' id='word_1_199' title='bbox 512 1557 583 1618; x_wconf 84' lang='grc' dir='ltr'>αδτός</span> <span class='ocrx_word' id='word_1_200' title='bbox 597 1575 623 1608; x_wconf 90' lang='grc' dir='ltr'>τε</span> <span class='ocrx_word' id='word_1_201' title='bbox 637 1557 680 1608; x_wconf 86' lang='grc' dir='ltr'>τδν</span> <span class='ocrx_word' id='word_1_202' title='bbox 694 1560 743 1607; x_wconf 88' lang='grc' dir='ltr'>τῶν</span> <span class='ocrx_word' id='word_1_203' title='bbox 760 1553 903 1624; x_wconf 84' lang='grc' dir='ltr'>Ὀλυμπίων</span> <span class='ocrx_word' id='word_1_204' title='bbox 917 1553 1002 1622; x_wconf 87' lang='grc' dir='ltr'>ἀγῶνα</span> <span class='ocrx_word' id='word_1_205' title='bbox 1019 1553 1176 1616; x_wconf 87' lang='grc' dir='ltr'>διετάσσετο,</span> <span class='ocrx_word' id='word_1_206' title='bbox 1221 1559 1250 1608; x_wconf 76' lang='grc' dir='ltr'>ἂν</span> <span class='ocrx_word' id='word_1_207' title='bbox 1264 1556 1330 1609; x_wconf 78' lang='grc' dir='ltr'>ἑάλω</span> <span class='ocrx_word' id='word_1_208' title='bbox 1350 1558 1518 1628; x_wconf 79' lang='grc' dir='ltr'>πολιορκηθεὶς</span> <span class='ocrx_word' id='word_1_209' title='bbox 1540 1557 1565 1610; x_wconf 92' lang='grc' dir='ltr'>έν</span> <span class='ocrx_word' id='word_1_210' title='bbox 1579 1561 1610 1629; x_wconf 81' lang='grc' dir='ltr'>τῇ</span> <span class='ocrx_word' id='word_1_211' title='bbox 1631 1557 1710 1628; x_wconf 78' lang='grc' dir='ltr'>λαμίᾳ</span> <span class='ocrx_word' id='word_1_212' title='bbox 1722 1557 1804 1626; x_wconf 82' lang='grc' dir='ltr'>(πόλις</span> <span class='ocrx_word' id='word_1_213' title='bbox 1819 1559 1837 1608; x_wconf 77' lang='grc' dir='ltr'>δ’</span> <span class='ocrx_word' id='word_1_214' title='bbox 1848 1558 1896 1611; x_wconf 72' lang='grc' dir='ltr'>ἐστίν</span> <span class='ocrx_word' id='word_1_215' title='bbox 1905 1559 1939 1622; x_wconf 74' lang='grc' dir='ltr'>τίη</span> 
     </span>
     <span class='ocr_line' id='line_1_16' title="bbox 392 1630 1940 1707; baseline -0.004 -16"><span class='ocrx_word' id='word_1_216' title='bbox 392 1638 494 1691; x_wconf 81' lang='grc' dir='ltr'>πολλῶν</span> <span class='ocrx_word' id='word_1_217' title='bbox 516 1655 542 1689; x_wconf 92' lang='grc' dir='ltr'>τε</span> <span class='ocrx_word' id='word_1_218' title='bbox 559 1634 704 1696; x_wconf 85' lang='grc' dir='ltr'>διδάσκαλος</span> <span class='ocrx_word' id='word_1_219' title='bbox 723 1635 846 1704; x_wconf 83' lang='grc' dir='ltr'>προδοτῶν</span> <span class='ocrx_word' id='word_1_220' title='bbox 868 1632 965 1703; x_wconf 79' lang='grc' dir='ltr'>ἐγένετο</span> <span class='ocrx_word' id='word_1_221' title='bbox 978 1633 1033 1693; x_wconf 76' lang='grc' dir='ltr'>τοῦς</span> <span class='ocrx_word' id='word_1_222' title='bbox 1047 1631 1072 1684; x_wconf 92' lang='grc' dir='ltr'>έν</span> <span class='ocrx_word' id='word_1_223' title='bbox 1088 1630 1177 1704; x_wconf 74' lang='grc' dir='ltr'>ἑκάστη</span> <span class='ocrx_word' id='word_1_224' title='bbox 1222 1637 1266 1707; x_wconf 92' lang='grc' dir='ltr'>μία</span> <span class='ocrx_word' id='word_1_225' title='bbox 1281 1643 1329 1689; x_wconf 87' lang='grc' dir='ltr'>τῶν</span> <span class='ocrx_word' id='word_1_226' title='bbox 1345 1636 1503 1688; x_wconf 89' lang='grc' dir='ltr'>θεσσαλικῶν</span> <span class='ocrx_word' id='word_1_227' title='bbox 1513 1639 1535 1706; x_wconf 85' lang='grc'>),</span> <span class='ocrx_word' id='word_1_228' title='bbox 1551 1635 1573 1690; x_wconf 84' lang='grc' dir='ltr'>εἰ</span> <span class='ocrx_word' id='word_1_229' title='bbox 1593 1635 1625 1706; x_wconf 83' lang='grc' dir='ltr'>μῆ</span> <span class='ocrx_word' id='word_1_230' title='bbox 1638 1637 1729 1690; x_wconf 87' lang='grc' dir='ltr'>διέπεσε</span> <span class='ocrx_word' id='word_1_231' title='bbox 1746 1635 1774 1688; x_wconf 89' lang='grc' dir='ltr'>τά</span> <span class='ocrx_word' id='word_1_232' title='bbox 1788 1641 1825 1702; x_wconf 84' lang='grc' dir='ltr'>τῆς</span> <span class='ocrx_word' id='word_1_233' title='bbox 1835 1636 1940 1704; x_wconf 68' lang='grc' dir='ltr'>πολιορκίας,</span> 
     </span>
     <span class='ocr_line' id='line_1_17' title="bbox 392 1711 1939 1787; baseline -0.005 -17"><span class='ocrx_word' id='word_1_234' title='bbox 392 1717 464 1770; x_wconf 84' lang='grc' dir='ltr'>πόλει</span> <span class='ocrx_word' id='word_1_235' title='bbox 473 1716 592 1786; x_wconf 79' lang='grc' dir='ltr'>πονηροδς</span> <span class='ocrx_word' id='word_1_236' title='bbox 603 1713 642 1765; x_wconf 77' lang='grc' dir='ltr'>διὰ</span> <span class='ocrx_word' id='word_1_237' title='bbox 652 1718 695 1766; x_wconf 87' lang='grc' dir='ltr'>τοῦ</span> <span class='ocrx_word' id='word_1_238' title='bbox 705 1712 894 1782; x_wconf 85' lang='grc' dir='ltr'>χρυσίουφίλους</span> <span class='ocrx_word' id='word_1_239' title='bbox 905 1711 971 1782; x_wconf 80' lang='grc' dir='ltr'>αύτῷ</span> <span class='ocrx_word' id='word_1_240' title='bbox 980 1713 1174 1772; x_wconf 69' lang='grc' dir='ltr'>κατασκευάζων·</span> <span class='ocrx_word' id='word_1_241' title='bbox 1221 1718 1324 1787; x_wconf 87' lang='grc' dir='ltr'>πρώτων</span> <span class='ocrx_word' id='word_1_242' title='bbox 1346 1714 1462 1768; x_wconf 80' lang='grc' dir='ltr'>Αἰτωλῶν</span> <span class='ocrx_word' id='word_1_243' title='bbox 1487 1713 1716 1784; x_wconf 82' lang='grc' dir='ltr'>ἀποχωρησάντων,</span> <span class='ocrx_word' id='word_1_244' title='bbox 1736 1714 1811 1768; x_wconf 80' lang='grc' dir='ltr'>ἔπειτα</span> <span class='ocrx_word' id='word_1_245' title='bbox 1828 1719 1867 1767; x_wconf 83' lang='grc' dir='ltr'>τῶν</span> <span class='ocrx_word' id='word_1_246' title='bbox 1880 1713 1939 1765; x_wconf 74' lang='grc' dir='ltr'>ἀλλον</span> 
     </span>
     <span class='ocr_line' id='line_1_18' title="bbox 393 1789 1942 1866; baseline -0.002 -18"><span class='ocrx_word' id='word_1_247' title='bbox 393 1797 434 1848; x_wconf 80' lang='grc' dir='ltr'>ὅτε</span> <span class='ocrx_word' id='word_1_248' title='bbox 447 1795 488 1850; x_wconf 80' lang='grc' dir='ltr'>καί</span> <span class='ocrx_word' id='word_1_249' title='bbox 498 1795 523 1848; x_wconf 86' lang='grc' dir='ltr'>λ’</span> <span class='ocrx_word' id='word_1_250' title='bbox 537 1795 630 1866; x_wconf 89' lang='grc' dir='ltr'>δήμους</span> <span class='ocrx_word' id='word_1_251' title='bbox 644 1792 742 1846; x_wconf 77' lang='grc' dir='ltr'>ἀνεῖλεν</span> <span class='ocrx_word' id='word_1_252' title='bbox 765 1791 790 1844; x_wconf 90' lang='grc' dir='ltr'>έν</span> <span class='ocrx_word' id='word_1_253' title='bbox 810 1791 893 1864; x_wconf 79' lang='grc' dir='ltr'>Θρᾴκη</span> <span class='ocrx_word' id='word_1_254' title='bbox 916 1792 957 1844; x_wconf 85' lang='grc' dir='ltr'>καί</span> <span class='ocrx_word' id='word_1_255' title='bbox 972 1789 1016 1855; x_wconf 81' lang='grc' dir='ltr'>τὴν</span> <span class='ocrx_word' id='word_1_256' title='bbox 1033 1789 1177 1861; x_wconf 77' lang='grc' dir='ltr'>’Ἀμφίπολιν</span> <span class='ocrx_word' id='word_1_257' title='bbox 1223 1795 1348 1866; x_wconf 76' lang='grc' dir='ltr'>Κρατήσας</span> <span class='ocrx_word' id='word_1_258' title='bbox 1363 1795 1388 1846; x_wconf 87' lang='grc' dir='ltr'>δέ</span> <span class='ocrx_word' id='word_1_259' title='bbox 1404 1793 1464 1863; x_wconf 79' lang='grc' dir='ltr'>μετὰ</span> <span class='ocrx_word' id='word_1_260' title='bbox 1476 1797 1553 1846; x_wconf 89' lang='grc' dir='ltr'>ταῦτα</span> <span class='ocrx_word' id='word_1_261' title='bbox 1577 1791 1706 1860; x_wconf 70' lang='grc' dir='ltr'>Ἑλλήνων</span> <span class='ocrx_word' id='word_1_262' title='bbox 1724 1791 1857 1863; x_wconf 84' lang='grc' dir='ltr'>Ἀντίπατρος</span> <span class='ocrx_word' id='word_1_263' title='bbox 1870 1793 1942 1862; x_wconf 51' lang='lat' dir='ltr'>W?-</span> 
     </span>
     <span class='ocr_line' id='line_1_19' title="bbox 393 1869 1939 1944; baseline -0.005 -16"><span class='ocrx_word' id='word_1_264' title='bbox 393 1875 434 1928; x_wconf 80' lang='grc' dir='ltr'>καί</span> <span class='ocrx_word' id='word_1_265' title='bbox 447 1873 492 1940; x_wconf 81' lang='grc' dir='ltr'>τήν</span> <span class='ocrx_word' id='word_1_266' title='bbox 510 1871 858 1942; x_wconf 82' lang='grc' dir='ltr'>Ἀλόννησονπροσεκτήσατο.</span> <span class='ocrx_word' id='word_1_267' title='bbox 897 1870 1020 1941; x_wconf 69' lang='grc' dir='ltr'>Προέκοήε</span> <span class='ocrx_word' id='word_1_268' title='bbox 1036 1869 1062 1923; x_wconf 82' lang='grc' dir='ltr'>δέ</span> <span class='ocrx_word' id='word_1_269' title='bbox 1075 1869 1177 1924; x_wconf 84' lang='grc' dir='ltr'>πλεονε-</span> <span class='ocrx_word' id='word_1_270' title='bbox 1222 1879 1269 1935; x_wconf 87' lang='grc' dir='ltr'>κῶς</span> <span class='ocrx_word' id='word_1_271' title='bbox 1287 1877 1340 1935; x_wconf 88' lang='grc' dir='ltr'>τοῖς</span> <span class='ocrx_word' id='word_1_272' title='bbox 1360 1874 1501 1944; x_wconf 86' lang='grc' dir='ltr'>πράγμασιν</span> <span class='ocrx_word' id='word_1_273' title='bbox 1518 1871 1643 1942; x_wconf 85' lang='grc' dir='ltr'>ίχρήσατο</span> <span class='ocrx_word' id='word_1_274' title='bbox 1667 1872 1787 1943; x_wconf 82' lang='grc' dir='ltr'>μᾶλλονῆ</span> <span class='ocrx_word' id='word_1_275' title='bbox 1808 1873 1939 1942; x_wconf 60' lang='grc' dir='ltr'>φιλανθρώποις,</span> 
     </span>
     <span class='ocr_line' id='line_1_20' title="bbox 393 1913 1941 2023; baseline -0.008 -19"><span class='ocrx_word' id='word_1_276' title='bbox 393 1953 442 2015; x_wconf 86' lang='grc' dir='ltr'>ξίας</span> <span class='ocrx_word' id='word_1_277' title='bbox 457 1953 620 2018; x_wconf 83' lang='grc' dir='ltr'>είςτοσοῦτον</span> <span class='ocrx_word' id='word_1_278' title='bbox 633 1952 696 2003; x_wconf 77' lang='grc' dir='ltr'>ὥστε</span> <span class='ocrx_word' id='word_1_279' title='bbox 709 1949 750 2002; x_wconf 77' lang='grc' dir='ltr'>καί</span> <span class='ocrx_word' id='word_1_280' title='bbox 769 1947 889 2009; x_wconf 77' lang='grc' dir='ltr'>Ἀττικούς</span> <span class='ocrx_word' id='word_1_281' title='bbox 902 1949 1022 2018; x_wconf 86' lang='grc' dir='ltr'>προδότας</span> <span class='ocrx_word' id='word_1_282' title='bbox 1036 1947 1120 2016; x_wconf 87' lang='grc' dir='ltr'>ἔχειν,</span> <span class='ocrx_word' id='word_1_283' title='bbox 1137 1948 1178 2001; x_wconf 81' lang='grc' dir='ltr'>καί</span> <span class='ocrx_word' id='word_1_284' title='bbox 1194 1913 1198 1986; x_wconf 85' lang='grc' dir='ltr'>ί</span> <span class='ocrx_word' id='word_1_285' title='bbox 1222 1952 1319 2023; x_wconf 77' lang='grc' dir='ltr'>Πέμψας</span> <span class='ocrx_word' id='word_1_286' title='bbox 1332 1951 1379 2022; x_wconf 74' lang='grc' dir='ltr'>γὰρ</span> <span class='ocrx_word' id='word_1_287' title='bbox 1394 1950 1427 2012; x_wconf 76' lang='grc' dir='ltr'>εἰς</span> <span class='ocrx_word' id='word_1_288' title='bbox 1442 1949 1541 2016; x_wconf 67' lang='grc' dir='ltr'>Ἀθήνας</span> <span class='ocrx_word' id='word_1_289' title='bbox 1552 1951 1631 2020; x_wconf 65' lang='grc' dir='ltr'>ἐξῄτει</span> <span class='ocrx_word' id='word_1_290' title='bbox 1642 1951 1696 2012; x_wconf 60' lang='lat' dir='ltr'>tube</span> <span class='ocrx_word' id='word_1_291' title='bbox 1712 1953 1765 2004; x_wconf 66' lang='grc' dir='ltr'>δέκα</span> <span class='ocrx_word' id='word_1_292' title='bbox 1777 1950 1873 2020; x_wconf 54' lang='grc' dir='ltr'>ῥήτορος,</span> <span class='ocrx_word' id='word_1_293' title='bbox 1883 1949 1900 1998; x_wconf 66' lang='grc' dir='ltr'>οἵ</span> <span class='ocrx_word' id='word_1_294' title='bbox 1912 1951 1941 2004; x_wconf 72' lang='grc' dir='ltr'>,οἷς</span> 
     </span>
     <span class='ocr_line' id='line_1_21' title="bbox 393 2021 1941 2102; baseline -0.006 -18"><span class='ocrx_word' id='word_1_295' title='bbox 393 2031 422 2084; x_wconf 79' lang='grc' dir='ltr'>τό</span> <span class='ocrx_word' id='word_1_296' title='bbox 442 2031 573 2102; x_wconf 84' lang='grc' dir='ltr'>κεφάλαιον</span> <span class='ocrx_word' id='word_1_297' title='bbox 594 2029 620 2081; x_wconf 86' lang='grc' dir='ltr'>δέ</span> <span class='ocrx_word' id='word_1_298' title='bbox 641 2035 689 2080; x_wconf 89' lang='grc' dir='ltr'>τῶν</span> <span class='ocrx_word' id='word_1_299' title='bbox 707 2027 773 2079; x_wconf 87' lang='grc' dir='ltr'>θλων</span> <span class='ocrx_word' id='word_1_300' title='bbox 790 2029 941 2098; x_wconf 87' lang='grc' dir='ltr'>πραγμάτων</span> <span class='ocrx_word' id='word_1_301' title='bbox 965 2031 1038 2079; x_wconf 89' lang='grc' dir='ltr'>τοῦτο</span> <span class='ocrx_word' id='word_1_302' title='bbox 1053 2021 1082 2092; x_wconf 83' lang='grc' dir='ltr'>ῆν</span> <span class='ocrx_word' id='word_1_303' title='bbox 1097 2026 1175 2098; x_wconf 82' lang='grc' dir='ltr'>αύτῷ,</span> <span class='ocrx_word' id='word_1_304' title='bbox 1222 2031 1370 2083; x_wconf 84' lang='grc' dir='ltr'>Μακεδόνων</span> <span class='ocrx_word' id='word_1_305' title='bbox 1386 2027 1684 2100; x_wconf 79' lang='grc' dir='ltr'>έδόκοονέμπεποδικέναι</span> <span class='ocrx_word' id='word_1_306' title='bbox 1697 2031 1832 2100; x_wconf 82' lang='grc' dir='ltr'>πράγμασιν.</span> <span class='ocrx_word' id='word_1_307' title='bbox 1866 2025 1941 2077; x_wconf 75' lang='grc' dir='ltr'>Ὗκοπε</span> 
     </span>
     <span class='ocr_line' id='line_1_22' title="bbox 393 2103 1941 2180; baseline -0.006 -17"><span class='ocrx_word' id='word_1_308' title='bbox 393 2111 566 2180; x_wconf 84' lang='grc' dir='ltr'>χειρώσασθαι·</span> <span class='ocrx_word' id='word_1_309' title='bbox 579 2107 621 2169; x_wconf 79' lang='grc' dir='ltr'>τάς</span> <span class='ocrx_word' id='word_1_310' title='bbox 646 2105 752 2172; x_wconf 84' lang='grc' dir='ltr'>Ἀθήνας.</span> <span class='ocrx_word' id='word_1_311' title='bbox 794 2105 891 2158; x_wconf 87' lang='grc' dir='ltr'>Ἐδόκει</span> <span class='ocrx_word' id='word_1_312' title='bbox 914 2105 963 2176; x_wconf 85' lang='grc' dir='ltr'>γάρ</span> <span class='ocrx_word' id='word_1_313' title='bbox 991 2105 1091 2168; x_wconf 80' lang='grc' dir='ltr'>ἐξιέναι,</span> <span class='ocrx_word' id='word_1_314' title='bbox 1118 2107 1176 2158; x_wconf 84' lang='grc' dir='ltr'>όταν</span> <span class='ocrx_word' id='word_1_315' title='bbox 1222 2111 1331 2180; x_wconf 83' lang='grc' dir='ltr'>σομένων</span> <span class='ocrx_word' id='word_1_316' title='bbox 1343 2109 1368 2162; x_wconf 80' lang='grc' dir='ltr'>δὲ</span> <span class='ocrx_word' id='word_1_317' title='bbox 1382 2112 1433 2170; x_wconf 88' lang='grc' dir='ltr'>τοῖς</span> <span class='ocrx_word' id='word_1_318' title='bbox 1443 2110 1584 2179; x_wconf 85' lang='grc' dir='ltr'>πράγμασιν</span> <span class='ocrx_word' id='word_1_319' title='bbox 1600 2107 1729 2175; x_wconf 89' lang='grc' dir='ltr'>Ἀθηναίων</span> <span class='ocrx_word' id='word_1_320' title='bbox 1738 2107 1870 2177; x_wconf 81' lang='grc' dir='ltr'>Δημοσθένης</span> <span class='ocrx_word' id='word_1_321' title='bbox 1878 2103 1941 2166; x_wconf 73' lang='grc' dir='ltr'>είλιίη·</span> 
     </span>
     <span class='ocr_line' id='line_1_23' title="bbox 394 2182 1941 2260; baseline -0.005 -20"><span class='ocrx_word' id='word_1_322' title='bbox 394 2187 464 2241; x_wconf 81' lang='grc' dir='ltr'>αύτοὶ</span> <span class='ocrx_word' id='word_1_323' title='bbox 477 2185 510 2260; x_wconf 84' lang='grc' dir='ltr'>μή</span> <span class='ocrx_word' id='word_1_324' title='bbox 527 2188 647 2239; x_wconf 88' lang='grc' dir='ltr'>δύνωνται</span> <span class='ocrx_word' id='word_1_325' title='bbox 667 2185 789 2256; x_wconf 88' lang='grc' dir='ltr'>μάχεσθαι</span> <span class='ocrx_word' id='word_1_326' title='bbox 799 2185 854 2256; x_wconf 78' lang='grc' dir='ltr'>περί</span> <span class='ocrx_word' id='word_1_327' title='bbox 871 2184 944 2250; x_wconf 85' lang='grc' dir='ltr'>αύτῆς</span> <span class='ocrx_word' id='word_1_328' title='bbox 959 2183 1091 2250; x_wconf 83' lang='grc' dir='ltr'>Ἀθηναῖοι,</span> <span class='ocrx_word' id='word_1_329' title='bbox 1131 2185 1179 2240; x_wconf 84' lang='grc' dir='ltr'>ίίαί</span> <span class='ocrx_word' id='word_1_330' title='bbox 1222 2189 1271 2250; x_wconf 75' lang='grc' dir='ltr'>θεὶς</span> <span class='ocrx_word' id='word_1_331' title='bbox 1292 2187 1324 2250; x_wconf 90' lang='grc' dir='ltr'>είς</span> <span class='ocrx_word' id='word_1_332' title='bbox 1343 2188 1481 2257; x_wconf 82' lang='grc' dir='ltr'>Καλαυρίαν</span> <span class='ocrx_word' id='word_1_333' title='bbox 1502 2186 1594 2258; x_wconf 86' lang='grc' dir='ltr'>ἀπέδρα</span> <span class='ocrx_word' id='word_1_334' title='bbox 1618 2187 1659 2240; x_wconf 79' lang='grc' dir='ltr'>καὶ</span> <span class='ocrx_word' id='word_1_335' title='bbox 1685 2190 1726 2239; x_wconf 86' lang='grc' dir='ltr'>τοῦ</span> <span class='ocrx_word' id='word_1_336' title='bbox 1750 2186 1877 2244; x_wconf 87' lang='grc' dir='ltr'>Ποσειδῶνος</span> <span class='ocrx_word' id='word_1_337' title='bbox 1894 2182 1941 2244; x_wconf 74' lang='grc' dir='ltr'>θέτης</span> 
     </span>
     <span class='ocr_line' id='line_1_24' title="bbox 394 2259 1940 2338; baseline -0.01 -9"><span class='ocrx_word' id='word_1_338' title='bbox 394 2269 460 2338; x_wconf 67' lang='grc' dir='ltr'>τάχα</span> <span class='ocrx_word' id='word_1_339' title='bbox 483 2269 512 2318; x_wconf 70' lang='grc' dir='ltr'>ἂν</span> <span class='ocrx_word' id='word_1_340' title='bbox 536 2271 579 2332; x_wconf 68' lang='grc' dir='ltr'>τῆς</span> <span class='ocrx_word' id='word_1_341' title='bbox 602 2265 697 2327; x_wconf 65' lang='grc' dir='ltr'>πόλεως</span> <span class='ocrx_word' id='word_1_342' title='bbox 718 2263 841 2334; x_wconf 66' lang='grc' dir='ltr'>ἇῦῖίῖῑίῑῑ</span> <span class='ocrx_word' id='word_1_343' title='bbox 861 2261 905 2328; x_wconf 63' lang='grc' dir='ltr'>Ἠλῖ</span> <span class='ocrx_word' id='word_1_344' title='bbox 929 2263 1080 2334; x_wconf 41' lang='lat' dir='ltr'>{halapiam</span> <span class='ocrx_word' id='word_1_345' title='bbox 1106 2263 1127 2316; x_wconf 71' lang='grc' dir='ltr'>εἶ</span> <span class='ocrx_word' id='word_1_346' title='bbox 1143 2263 1176 2332; x_wconf 72' lang='grc' dir='ltr'>μὴ</span> <span class='ocrx_word' id='word_1_347' title='bbox 1222 2265 1331 2338; x_wconf 87' lang='grc' dir='ltr'>έγένετο·</span> <span class='ocrx_word' id='word_1_348' title='bbox 1346 2267 1375 2319; x_wconf 86' lang='grc' dir='ltr'>τό</span> <span class='ocrx_word' id='word_1_349' title='bbox 1392 2267 1418 2320; x_wconf 85' lang='grc' dir='ltr'>δέ</span> <span class='ocrx_word' id='word_1_350' title='bbox 1437 2266 1502 2336; x_wconf 83' lang='grc' dir='ltr'>ἱερόν</span> <span class='ocrx_word' id='word_1_351' title='bbox 1523 2265 1616 2319; x_wconf 86' lang='grc' dir='ltr'>ἀσυλον</span> <span class='ocrx_word' id='word_1_352' title='bbox 1639 2265 1723 2320; x_wconf 80' lang='grc' dir='ltr'>ἐδόκει.</span> <span class='ocrx_word' id='word_1_353' title='bbox 1758 2259 1940 2336; x_wconf 76' lang='grc' dir='ltr'>Πέμψαντοςδέθτ</span> 
     </span>
     <span class='ocr_line' id='line_1_25' title="bbox 394 2339 1941 2416; baseline -0.008 -18"><span class='ocrx_word' id='word_1_354' title='bbox 394 2347 550 2416; x_wconf 86' lang='grc' dir='ltr'>Δημοσθένης</span> <span class='ocrx_word' id='word_1_355' title='bbox 564 2345 747 2415; x_wconf 88' lang='grc' dir='ltr'>ἀδωροδόκητος</span> <span class='ocrx_word' id='word_1_356' title='bbox 763 2341 844 2413; x_wconf 88' lang='grc' dir='ltr'>έμεινε</span> <span class='ocrx_word' id='word_1_357' title='bbox 856 2342 897 2395; x_wconf 79' lang='grc' dir='ltr'>καί</span> <span class='ocrx_word' id='word_1_358' title='bbox 914 2343 988 2413; x_wconf 88' lang='grc' dir='ltr'>μόνος</span> <span class='ocrx_word' id='word_1_359' title='bbox 1000 2344 1052 2404; x_wconf 85' lang='grc' dir='ltr'>τοῖς</span> <span class='ocrx_word' id='word_1_360' title='bbox 1065 2343 1177 2395; x_wconf 82' lang='grc' dir='ltr'>Μακεδο-</span> <span class='ocrx_word' id='word_1_361' title='bbox 1221 2347 1386 2416; x_wconf 85' lang='grc' dir='ltr'>πονηρότατον</span> <span class='ocrx_word' id='word_1_362' title='bbox 1407 2344 1561 2416; x_wconf 87' lang='grc' dir='ltr'>Ἀντιπάτρου</span> <span class='ocrx_word' id='word_1_363' title='bbox 1580 2351 1629 2398; x_wconf 89' lang='grc' dir='ltr'>τῶν</span> <span class='ocrx_word' id='word_1_364' title='bbox 1651 2345 1796 2400; x_wconf 72' lang='grc' dir='ltr'>ὑπασπιστῶν</span> <span class='ocrx_word' id='word_1_365' title='bbox 1817 2341 1903 2411; x_wconf 76' lang='grc' dir='ltr'>Ἀρχίαν,</span> <span class='ocrx_word' id='word_1_366' title='bbox 1916 2339 1941 2387; x_wconf 82' lang='grc' dir='ltr'>ῖο</span> 
     </span>
     <span class='ocr_line' id='line_1_26' title="bbox 395 2417 1941 2499; baseline -0.006 -23"><span class='ocrx_word' id='word_1_367' title='bbox 395 2426 470 2485; x_wconf 85' lang='grc' dir='ltr'>νικοῖς</span> <span class='ocrx_word' id='word_1_368' title='bbox 494 2423 578 2484; x_wconf 86' lang='grc' dir='ltr'>θπλοις</span> <span class='ocrx_word' id='word_1_369' title='bbox 603 2423 658 2484; x_wconf 83' lang='grc' dir='ltr'>τοὶνς</span> <span class='ocrx_word' id='word_1_370' title='bbox 679 2421 751 2483; x_wconf 89' lang='grc' dir='ltr'>ίδίους</span> <span class='ocrx_word' id='word_1_371' title='bbox 772 2422 862 2492; x_wconf 89' lang='grc' dir='ltr'>λόγους</span> <span class='ocrx_word' id='word_1_372' title='bbox 884 2420 1011 2484; x_wconf 86' lang='grc' dir='ltr'>ἀντέταξε,</span> <span class='ocrx_word' id='word_1_373' title='bbox 1029 2421 1070 2472; x_wconf 80' lang='grc' dir='ltr'>διά</span> <span class='ocrx_word' id='word_1_374' title='bbox 1089 2422 1177 2482; x_wconf 82' lang='grc' dir='ltr'>παντός</span> <span class='ocrx_word' id='word_1_375' title='bbox 1221 2426 1313 2490; x_wconf 78' lang='grc' dir='ltr'>αὐτόν,</span> <span class='ocrx_word' id='word_1_376' title='bbox 1336 2427 1364 2477; x_wconf 88' lang='grc' dir='ltr'>ἀν</span> <span class='ocrx_word' id='word_1_377' title='bbox 1379 2423 1411 2496; x_wconf 83' lang='grc' dir='ltr'>μὴ</span> <span class='ocrx_word' id='word_1_378' title='bbox 1433 2426 1533 2491; x_wconf 88' lang='grc' dir='ltr'>δύνηται</span> <span class='ocrx_word' id='word_1_379' title='bbox 1551 2427 1639 2499; x_wconf 83' lang='grc' dir='ltr'>τέχνῃ,</span> <span class='ocrx_word' id='word_1_380' title='bbox 1654 2427 1694 2496; x_wconf 76' lang='grc' dir='ltr'>βίᾳ</span> <span class='ocrx_word' id='word_1_381' title='bbox 1714 2424 1843 2494; x_wconf 65' lang='grc' dir='ltr'>καταγάγῃ,</span> <span class='ocrx_word' id='word_1_382' title='bbox 1862 2417 1941 2482; x_wconf 71' lang='grc' dir='ltr'>νοῆσαί</span> 
     </span>
     <span class='ocr_line' id='line_1_27' title="bbox 393 2496 1941 2577; baseline -0.003 -22"><span class='ocrx_word' id='word_1_383' title='bbox 393 2502 587 2574; x_wconf 71' lang='grc' dir='ltr'>ὑπομιμνήσκων</span> <span class='ocrx_word' id='word_1_384' title='bbox 605 2500 743 2568; x_wconf 87' lang='grc' dir='ltr'>Ἀθηναίους</span> <span class='ocrx_word' id='word_1_385' title='bbox 760 2507 808 2554; x_wconf 86' lang='grc' dir='ltr'>τῶν</span> <span class='ocrx_word' id='word_1_386' title='bbox 824 2502 953 2571; x_wconf 88' lang='grc' dir='ltr'>προγόνων</span> <span class='ocrx_word' id='word_1_387' title='bbox 974 2500 1015 2554; x_wconf 79' lang='grc' dir='ltr'>καὶ</span> <span class='ocrx_word' id='word_1_388' title='bbox 1028 2501 1070 2552; x_wconf 85' lang='grc' dir='ltr'>τόν</span> <span class='ocrx_word' id='word_1_389' title='bbox 1083 2520 1109 2552; x_wconf 92' lang='grc' dir='ltr'>τε</span> <span class='ocrx_word' id='word_1_390' title='bbox 1122 2501 1177 2554; x_wconf 90' lang='grc' dir='ltr'>Μα·</span> <span class='ocrx_word' id='word_1_391' title='bbox 1220 2505 1376 2572; x_wconf 79' lang='grc' dir='ltr'>Δημοσθένης</span> <span class='ocrx_word' id='word_1_392' title='bbox 1391 2505 1433 2556; x_wconf 77' lang='grc' dir='ltr'>τὸν</span> <span class='ocrx_word' id='word_1_393' title='bbox 1452 2505 1563 2558; x_wconf 90' lang='grc' dir='ltr'>κίνδυνον</span> <span class='ocrx_word' id='word_1_394' title='bbox 1587 2504 1718 2577; x_wconf 84' lang='grc' dir='ltr'>ἀνέδραμεν</span> <span class='ocrx_word' id='word_1_395' title='bbox 1736 2502 1772 2557; x_wconf 80' lang='grc' dir='ltr'>έπὶ</span> <span class='ocrx_word' id='word_1_396' title='bbox 1787 2501 1824 2555; x_wconf 77' lang='grc' dir='ltr'>τὀν</span> <span class='ocrx_word' id='word_1_397' title='bbox 1842 2499 1903 2570; x_wconf 74' lang='grc' dir='ltr'>βωμόν</span> <span class='ocrx_word' id='word_1_398' title='bbox 1918 2496 1941 2546; x_wconf 72' lang='grc' dir='ltr'>ατί</span> 
     </span>
     <span class='ocr_line' id='line_1_28' title="bbox 395 2575 1940 2652; baseline -0.005 -18"><span class='ocrx_word' id='word_1_399' title='bbox 395 2584 492 2652; x_wconf 81' lang='grc' dir='ltr'>ραθῖονα</span> <span class='ocrx_word' id='word_1_400' title='bbox 508 2581 549 2634; x_wconf 74' lang='grc' dir='ltr'>καί</span> <span class='ocrx_word' id='word_1_401' title='bbox 564 2579 608 2648; x_wconf 81' lang='grc' dir='ltr'>τὴν</span> <span class='ocrx_word' id='word_1_402' title='bbox 625 2581 757 2651; x_wconf 85' lang='grc' dir='ltr'>Σαλαμῖνα</span> <span class='ocrx_word' id='word_1_403' title='bbox 773 2579 814 2631; x_wconf 79' lang='grc' dir='ltr'>καί</span> <span class='ocrx_word' id='word_1_404' title='bbox 837 2579 878 2641; x_wconf 83' lang='grc' dir='ltr'>τάς</span> <span class='ocrx_word' id='word_1_405' title='bbox 900 2578 1025 2638; x_wconf 77' lang='grc' dir='ltr'>Πλαταιὰς</span> <span class='ocrx_word' id='word_1_406' title='bbox 1045 2581 1096 2640; x_wconf 85' lang='grc' dir='ltr'>τοῖς</span> <span class='ocrx_word' id='word_1_407' title='bbox 1118 2579 1178 2641; x_wconf 86' lang='grc' dir='ltr'>νέοις</span> <span class='ocrx_word' id='word_1_408' title='bbox 1221 2581 1303 2634; x_wconf 76' lang='grc' dir='ltr'>πολλά</span> <span class='ocrx_word' id='word_1_409' title='bbox 1319 2580 1439 2634; x_wconf 86' lang='grc' dir='ltr'>κατειπὼν</span> <span class='ocrx_word' id='word_1_410' title='bbox 1465 2579 1635 2652; x_wconf 86' lang='grc' dir='ltr'>Ἀντιπάτρου,</span> <span class='ocrx_word' id='word_1_411' title='bbox 1656 2581 1788 2635; x_wconf 86' lang='grc' dir='ltr'>τελευταίαν</span> <span class='ocrx_word' id='word_1_412' title='bbox 1804 2581 1847 2644; x_wconf 79' lang='grc' dir='ltr'>τοῖς</span> <span class='ocrx_word' id='word_1_413' title='bbox 1861 2575 1940 2638; x_wconf 76' lang='grc' dir='ltr'>Ἐλληευ</span> 
     </span>
     <span class='ocr_line' id='line_1_29' title="bbox 396 2652 1940 2731; baseline -0.005 -18"><span class='ocrx_word' id='word_1_414' title='bbox 396 2659 564 2731; x_wconf 70' lang='grc' dir='ltr'>ἐξηγούμενος.</span> <span class='ocrx_word' id='word_1_415' title='bbox 603 2659 678 2712; x_wconf 83' lang='grc' dir='ltr'>Ὅθεν</span> <span class='ocrx_word' id='word_1_416' title='bbox 692 2659 799 2729; x_wconf 82' lang='grc' dir='ltr'>ήρπαζον</span> <span class='ocrx_word' id='word_1_417' title='bbox 813 2656 856 2718; x_wconf 82' lang='grc' dir='ltr'>τδς</span> <span class='ocrx_word' id='word_1_418' title='bbox 869 2659 925 2727; x_wconf 83' lang='grc' dir='ltr'>παρ’</span> <span class='ocrx_word' id='word_1_419' title='bbox 940 2657 1013 2709; x_wconf 72' lang='grc' dir='ltr'>αἰετοῦ</span> <span class='ocrx_word' id='word_1_420' title='bbox 1031 2657 1178 2728; x_wconf 84' lang='grc' dir='ltr'>συμθουλίας</span> <span class='ocrx_word' id='word_1_421' title='bbox 1222 2657 1323 2724; x_wconf 80' lang='grc' dir='ltr'>έντολὴν</span> <span class='ocrx_word' id='word_1_422' title='bbox 1345 2657 1501 2720; x_wconf 87' lang='grc' dir='ltr'>καταλιπὼν,</span> <span class='ocrx_word' id='word_1_423' title='bbox 1521 2658 1663 2730; x_wconf 74' lang='grc' dir='ltr'>ἐλευθεροῦν</span> <span class='ocrx_word' id='word_1_424' title='bbox 1678 2658 1719 2720; x_wconf 88' lang='grc' dir='ltr'>τάς</span> <span class='ocrx_word' id='word_1_425' title='bbox 1735 2657 1821 2717; x_wconf 86' lang='grc' dir='ltr'>πόλεις,</span> <span class='ocrx_word' id='word_1_426' title='bbox 1835 2652 1907 2722; x_wconf 70' lang='grc' dir='ltr'>έξέφηῑ</span> <span class='ocrx_word' id='word_1_427' title='bbox 1916 2653 1940 2711; x_wconf 67' lang='grc' dir='ltr'>ῦς</span> 
     </span>
     <span class='ocr_line' id='line_1_30' title="bbox 395 2727 1940 2810; baseline -0.005 -18"><span class='ocrx_word' id='word_1_428' title='bbox 395 2741 418 2792; x_wconf 85' lang='grc' dir='ltr'>οί</span> <span class='ocrx_word' id='word_1_429' title='bbox 431 2739 545 2804; x_wconf 88' lang='grc' dir='ltr'>πολῖται,</span> <span class='ocrx_word' id='word_1_430' title='bbox 559 2739 600 2792; x_wconf 83' lang='grc' dir='ltr'>καί</span> <span class='ocrx_word' id='word_1_431' title='bbox 607 2745 656 2792; x_wconf 90' lang='grc' dir='ltr'>τῶν</span> <span class='ocrx_word' id='word_1_432' title='bbox 667 2737 920 2808; x_wconf 87' lang='grc' dir='ltr'>ἀλλωνφιλιππισμδν</span> <span class='ocrx_word' id='word_1_433' title='bbox 930 2737 1091 2807; x_wconf 90' lang='grc' dir='ltr'>καταγνόντες</span> <span class='ocrx_word' id='word_1_434' title='bbox 1102 2738 1177 2808; x_wconf 89' lang='grc' dir='ltr'>μόνον</span> <span class='ocrx_word' id='word_1_435' title='bbox 1205 2727 1340 2808; x_wconf 82' lang='grc' dir='ltr'>Ισφοιγῖδος</span> <span class='ocrx_word' id='word_1_436' title='bbox 1351 2737 1379 2790; x_wconf 81' lang='grc' dir='ltr'>τό</span> <span class='ocrx_word' id='word_1_437' title='bbox 1392 2737 1486 2799; x_wconf 80' lang='grc' dir='ltr'>τοξικόν</span> <span class='ocrx_word' id='word_1_438' title='bbox 1499 2739 1630 2809; x_wconf 83' lang='grc' dir='ltr'>φάρμακον</span> <span class='ocrx_word' id='word_1_439' title='bbox 1643 2740 1771 2810; x_wconf 86' lang='grc' dir='ltr'>γενόμενον</span> <span class='ocrx_word' id='word_1_440' title='bbox 1788 2735 1844 2806; x_wconf 81' lang='grc' dir='ltr'>αύτῷ</span> <span class='ocrx_word' id='word_1_441' title='bbox 1855 2730 1899 2802; x_wconf 72' lang='grc' dir='ltr'>μετά</span> <span class='ocrx_word' id='word_1_442' title='bbox 1908 2746 1940 2794; x_wconf 67' lang='grc' dir='ltr'>τρί-</span> 
     </span>
     <span class='ocr_line' id='line_1_31' title="bbox 396 2811 1939 2888; baseline -0.003 -17"><span class='ocrx_word' id='word_1_443' title='bbox 396 2817 490 2871; x_wconf 85' lang='grc' dir='ltr'>έκεῖνον</span> <span class='ocrx_word' id='word_1_444' title='bbox 521 2816 603 2872; x_wconf 83' lang='grc' dir='ltr'>εύνουν</span> <span class='ocrx_word' id='word_1_445' title='bbox 630 2817 753 2871; x_wconf 88' lang='grc' dir='ltr'>έπίστευον</span> <span class='ocrx_word' id='word_1_446' title='bbox 779 2814 853 2870; x_wconf 82' lang='grc' dir='ltr'>εἶναι.</span> <span class='ocrx_word' id='word_1_447' title='bbox 892 2815 939 2866; x_wconf 88' lang='grc' dir='ltr'>ίίαί</span> <span class='ocrx_word' id='word_1_448' title='bbox 966 2835 1024 2868; x_wconf 88' lang='grc' dir='ltr'>ποτε</span> <span class='ocrx_word' id='word_1_449' title='bbox 1052 2815 1177 2869; x_wconf 83' lang='grc' dir='ltr'>Φιλίππου</span> <span class='ocrx_word' id='word_1_450' title='bbox 1221 2818 1287 2878; x_wconf 90' lang='grc' dir='ltr'>νοίας</span> <span class='ocrx_word' id='word_1_451' title='bbox 1295 2815 1334 2871; x_wconf 81' lang='grc' dir='ltr'>έπί</span> <span class='ocrx_word' id='word_1_452' title='bbox 1346 2818 1459 2883; x_wconf 86' lang='grc' dir='ltr'>τοιαύτην</span> <span class='ocrx_word' id='word_1_453' title='bbox 1475 2818 1527 2888; x_wconf 85' lang='grc' dir='ltr'>βίου</span> <span class='ocrx_word' id='word_1_454' title='bbox 1542 2818 1693 2888; x_wconf 80' lang='grc' dir='ltr'>μεταόολὴν,</span> <span class='ocrx_word' id='word_1_455' title='bbox 1704 2817 1743 2870; x_wconf 85' lang='grc' dir='ltr'>καί</span> <span class='ocrx_word' id='word_1_456' title='bbox 1753 2811 1939 2884; x_wconf 60' lang='grc' dir='ltr'>πρότοῦπειρυθίν·</span> 
     </span>
     <span class='ocr_line' id='line_1_32' title="bbox 395 2887 1938 2968; baseline -0.001 -21"><span class='ocrx_word' id='word_1_457' title='bbox 395 2895 511 2962; x_wconf 86' lang='grc' dir='ltr'>Θηόαίοις</span> <span class='ocrx_word' id='word_1_458' title='bbox 534 2897 700 2968; x_wconf 82' lang='grc' dir='ltr'>πολεμοῦντος</span> <span class='ocrx_word' id='word_1_459' title='bbox 724 2895 765 2949; x_wconf 78' lang='grc' dir='ltr'>καὶ</span> <span class='ocrx_word' id='word_1_460' title='bbox 790 2895 880 2962; x_wconf 90' lang='grc' dir='ltr'>ταύτην</span> <span class='ocrx_word' id='word_1_461' title='bbox 908 2893 1019 2966; x_wconf 81' lang='grc' dir='ltr'>ἀφορμὴν</span> <span class='ocrx_word' id='word_1_462' title='bbox 1048 2895 1110 2948; x_wconf 83' lang='grc' dir='ltr'>κατά</span> <span class='ocrx_word' id='word_1_463' title='bbox 1136 2899 1179 2962; x_wconf 88' lang='grc' dir='ltr'>τῆς</span> <span class='ocrx_word' id='word_1_464' title='bbox 1221 2896 1331 2958; x_wconf 89' lang='grc' dir='ltr'>δουλείας</span> <span class='ocrx_word' id='word_1_465' title='bbox 1347 2895 1507 2958; x_wconf 81' lang='grc' dir='ltr'>ἀπέθανενιθς</span> <span class='ocrx_word' id='word_1_466' title='bbox 1523 2894 1661 2962; x_wconf 88' lang='grc' dir='ltr'>Ἀθηναῖος.</span> <span class='ocrx_word' id='word_1_467' title='bbox 1701 2893 1875 2966; x_wconf 81' lang='grc' dir='ltr'>Ἐμνημόνευσαν</span> <span class='ocrx_word' id='word_1_468' title='bbox 1888 2887 1938 2946; x_wconf 69' lang='grc' dir='ltr'>δίῖίὶ</span> 
     </span>
     <span class='ocr_line' id='line_1_33' title="bbox 398 2962 1939 3046; baseline -0.008 -20"><span class='ocrx_word' id='word_1_469' title='bbox 398 2973 503 3040; x_wconf 81' lang='grc' dir='ltr'>Ἀττικῆς</span> <span class='ocrx_word' id='word_1_470' title='bbox 518 2974 687 3045; x_wconf 84' lang='grc' dir='ltr'>λαμόάνοντος</span> <span class='ocrx_word' id='word_1_471' title='bbox 705 2973 799 3028; x_wconf 86' lang='grc' dir='ltr'>ἔπεισεν</span> <span class='ocrx_word' id='word_1_472' title='bbox 816 2973 830 3025; x_wconf 88' lang='grc' dir='ltr'>δ</span> <span class='ocrx_word' id='word_1_473' title='bbox 850 2972 930 3044; x_wconf 68' lang='grc' dir='ltr'>ῥήτωρ</span> <span class='ocrx_word' id='word_1_474' title='bbox 950 2977 1111 3046; x_wconf 76' lang='grc' dir='ltr'>συμμαχῆσαι</span> <span class='ocrx_word' id='word_1_475' title='bbox 1129 2973 1179 3040; x_wconf 85' lang='grc' dir='ltr'>Θη-</span> <span class='ocrx_word' id='word_1_476' title='bbox 1221 2979 1264 3028; x_wconf 86' lang='grc' dir='ltr'>τοῦ</span> <span class='ocrx_word' id='word_1_477' title='bbox 1276 2975 1377 3046; x_wconf 74' lang='grc' dir='ltr'>ῥήτορος</span> <span class='ocrx_word' id='word_1_478' title='bbox 1388 2973 1473 3044; x_wconf 87' lang='grc' dir='ltr'>ἀρετῆς</span> <span class='ocrx_word' id='word_1_479' title='bbox 1485 2973 1508 3026; x_wconf 87' lang='grc' dir='ltr'>οί</span> <span class='ocrx_word' id='word_1_480' title='bbox 1522 2974 1639 3038; x_wconf 83' lang='grc' dir='ltr'>πολῖται,</span> <span class='ocrx_word' id='word_1_481' title='bbox 1652 2974 1692 3028; x_wconf 81' lang='grc' dir='ltr'>καί</span> <span class='ocrx_word' id='word_1_482' title='bbox 1706 2973 1816 3042; x_wconf 85' lang='grc' dir='ltr'>ἀνδριάντι</span> <span class='ocrx_word' id='word_1_483' title='bbox 1826 2962 1939 3030; x_wconf 75' lang='grc' dir='ltr'>αύτδνίτίμς·</span> 
     </span>
     <span class='ocr_line' id='line_1_34' title="bbox 396 3041 1939 3125; baseline -0.008 -18"><span class='ocrx_word' id='word_1_484' title='bbox 396 3055 482 3118; x_wconf 79' lang='grc' dir='ltr'>ύαίοις.</span> <span class='ocrx_word' id='word_1_485' title='bbox 521 3055 568 3106; x_wconf 80' lang='grc' dir='ltr'>Καί</span> <span class='ocrx_word' id='word_1_486' title='bbox 581 3057 715 3125; x_wconf 86' lang='grc' dir='ltr'>γενομένης</span> <span class='ocrx_word' id='word_1_487' title='bbox 733 3053 758 3107; x_wconf 87' lang='grc' dir='ltr'>έν</span> <span class='ocrx_word' id='word_1_488' title='bbox 775 3055 910 3125; x_wconf 77' lang='grc' dir='ltr'>Χαιρωνείᾳ</span> <span class='ocrx_word' id='word_1_489' title='bbox 925 3055 1006 3124; x_wconf 88' lang='grc' dir='ltr'>μάχης</span> <span class='ocrx_word' id='word_1_490' title='bbox 1028 3053 1070 3106; x_wconf 82' lang='grc' dir='ltr'>καί</span> <span class='ocrx_word' id='word_1_491' title='bbox 1087 3051 1177 3122; x_wconf 87' lang='grc' dir='ltr'>χιλίων</span> <span class='ocrx_word' id='word_1_492' title='bbox 1221 3072 1281 3118; x_wconf 86' lang='grc' dir='ltr'>σαν,</span> <span class='ocrx_word' id='word_1_493' title='bbox 1299 3053 1430 3118; x_wconf 81' lang='grc' dir='ltr'>στήσαντες</span> <span class='ocrx_word' id='word_1_494' title='bbox 1448 3051 1472 3105; x_wconf 90' lang='grc' dir='ltr'>έν</span> <span class='ocrx_word' id='word_1_495' title='bbox 1490 3055 1522 3124; x_wconf 82' lang='grc' dir='ltr'>τῇ</span> <span class='ocrx_word' id='word_1_496' title='bbox 1539 3051 1635 3124; x_wconf 76' lang='grc' dir='ltr'>ἀγορᾷ,</span> <span class='ocrx_word' id='word_1_497' title='bbox 1651 3053 1692 3105; x_wconf 83' lang='grc' dir='ltr'>καί</span> <span class='ocrx_word' id='word_1_498' title='bbox 1706 3053 1805 3104; x_wconf 89' lang='grc' dir='ltr'>τοιοῦτον</span> <span class='ocrx_word' id='word_1_499' title='bbox 1818 3041 1939 3114; x_wconf 72' lang='grc' dir='ltr'>έπιγράήννῐῑί</span> 
     </span>
     <span class='ocr_line' id='line_1_35' title="bbox 397 3119 1937 3204; baseline 0 -20"><span class='ocrx_word' id='word_1_500' title='bbox 397 3133 440 3203; x_wconf 84' lang='grc' dir='ltr'>μὲν</span> <span class='ocrx_word' id='word_1_501' title='bbox 453 3132 627 3202; x_wconf 84' lang='grc' dir='ltr'>ἀναιρεθέντων</span> <span class='ocrx_word' id='word_1_502' title='bbox 643 3130 792 3198; x_wconf 88' lang='grc' dir='ltr'>Ἀθηναίων,</span> <span class='ocrx_word' id='word_1_503' title='bbox 803 3131 921 3184; x_wconf 89' lang='grc' dir='ltr'>δεθέντων</span> <span class='ocrx_word' id='word_1_504' title='bbox 936 3130 963 3183; x_wconf 83' lang='grc' dir='ltr'>δὲ</span> <span class='ocrx_word' id='word_1_505' title='bbox 977 3130 1108 3200; x_wconf 81' lang='grc' dir='ltr'>δισχιλίων</span> <span class='ocrx_word' id='word_1_506' title='bbox 1118 3171 1125 3196; x_wconf 88' lang='grc'>,</span> <span class='ocrx_word' id='word_1_507' title='bbox 1134 3131 1177 3184; x_wconf 86' lang='grc' dir='ltr'>ούκ</span> <span class='ocrx_word' id='word_1_508' title='bbox 1222 3131 1332 3204; x_wconf 86' lang='grc' dir='ltr'>έλεγεῖον</span> <span class='ocrx_word' id='word_1_509' title='bbox 1343 3151 1349 3162; x_wconf 94' lang='grc'><em>·</em></span> <span class='ocrx_word' id='word_1_510' title='bbox 1360 3129 1435 3202; x_wconf 82' lang='grc' dir='ltr'>Εἴπερ</span> <span class='ocrx_word' id='word_1_511' title='bbox 1448 3129 1503 3198; x_wconf 91' lang='grc' dir='ltr'>ίσην</span> <span class='ocrx_word' id='word_1_512' title='bbox 1520 3134 1611 3204; x_wconf 85' lang='grc' dir='ltr'>γνώμῃ</span> <span class='ocrx_word' id='word_1_513' title='bbox 1623 3131 1722 3203; x_wconf 80' lang='grc' dir='ltr'>ῥύμην,</span> <span class='ocrx_word' id='word_1_514' title='bbox 1734 3127 1874 3197; x_wconf 65' lang='grc' dir='ltr'>Δημόσθενες,</span> <span class='ocrx_word' id='word_1_515' title='bbox 1884 3119 1937 3184; x_wconf 69' lang='grc' dir='ltr'>έθίίι</span> 
     </span>
     <span class='ocr_line' id='line_1_36' title="bbox 396 3193 1937 3283; baseline -0.012 -20"><span class='ocrx_word' id='word_1_516' title='bbox 396 3211 501 3283; x_wconf 83' lang='grc' dir='ltr'>ἐμισήθη</span> <span class='ocrx_word' id='word_1_517' title='bbox 519 3211 690 3281; x_wconf 78' lang='grc' dir='ltr'>Δημοσθένης,</span> <span class='ocrx_word' id='word_1_518' title='bbox 713 3208 779 3260; x_wconf 80' lang='grc' dir='ltr'>ἀλλὰ</span> <span class='ocrx_word' id='word_1_519' title='bbox 795 3210 836 3261; x_wconf 83' lang='grc' dir='ltr'>καί</span> <span class='ocrx_word' id='word_1_520' title='bbox 853 3209 895 3261; x_wconf 82' lang='grc' dir='ltr'>τδν</span> <span class='ocrx_word' id='word_1_521' title='bbox 920 3209 1043 3279; x_wconf 87' lang='grc' dir='ltr'>έπιτάφιον</span> <span class='ocrx_word' id='word_1_522' title='bbox 1060 3207 1114 3262; x_wconf 79' lang='grc' dir='ltr'>εἶπε</span> <span class='ocrx_word' id='word_1_523' title='bbox 1129 3215 1177 3262; x_wconf 89' lang='grc' dir='ltr'>τῶν</span> <span class='ocrx_word' id='word_1_524' title='bbox 1223 3212 1305 3266; x_wconf 74' lang='grc' dir='ltr'>οὔποτ’</span> <span class='ocrx_word' id='word_1_525' title='bbox 1321 3211 1350 3264; x_wconf 86' lang='grc' dir='ltr'>ἀν</span> <span class='ocrx_word' id='word_1_526' title='bbox 1371 3208 1500 3276; x_wconf 80' lang='grc' dir='ltr'>Ἑλλήνων</span> <span class='ocrx_word' id='word_1_527' title='bbox 1515 3206 1585 3280; x_wconf 82' lang='grc' dir='ltr'>ῆρξεν</span> <span class='ocrx_word' id='word_1_528' title='bbox 1600 3211 1671 3282; x_wconf 79' lang='grc' dir='ltr'>’Ἀρης</span> <span class='ocrx_word' id='word_1_529' title='bbox 1684 3209 1802 3262; x_wconf 84' lang='grc' dir='ltr'>Μακεδών.</span> <span class='ocrx_word' id='word_1_530' title='bbox 1835 3193 1937 3265; x_wconf 79' lang='grc' dir='ltr'>ίίαίσχεῖο</span> 
     </span>
     <span class='ocr_line' id='line_1_37' title="bbox 397 3273 1938 3360; baseline -0.006 -19"><span class='ocrx_word' id='word_1_531' title='bbox 397 3289 581 3360; x_wconf 83' lang='grc' dir='ltr'>ἀναιρεθέντων,</span> <span class='ocrx_word' id='word_1_532' title='bbox 591 3287 670 3350; x_wconf 80' lang='grc' dir='ltr'>καλῶς</span> <span class='ocrx_word' id='word_1_533' title='bbox 680 3287 851 3358; x_wconf 89' lang='grc' dir='ltr'>φρονησάντων</span> <span class='ocrx_word' id='word_1_534' title='bbox 866 3285 1007 3353; x_wconf 89' lang='grc' dir='ltr'>Ἀθηναίων.</span> <span class='ocrx_word' id='word_1_535' title='bbox 1045 3287 1177 3358; x_wconf 86' lang='grc' dir='ltr'>Ἔγνωσαν</span> <span class='ocrx_word' id='word_1_536' title='bbox 1223 3293 1269 3344; x_wconf 79' lang='grc' dir='ltr'>ὅσα</span> <span class='ocrx_word' id='word_1_537' title='bbox 1279 3291 1377 3360; x_wconf 87' lang='grc' dir='ltr'>λέγεται</span> <span class='ocrx_word' id='word_1_538' title='bbox 1385 3289 1439 3359; x_wconf 76' lang='grc' dir='ltr'>περὶ</span> <span class='ocrx_word' id='word_1_539' title='bbox 1447 3289 1617 3358; x_wconf 86' lang='grc' dir='ltr'>Δημοσθένους</span> <span class='ocrx_word' id='word_1_540' title='bbox 1627 3289 1702 3341; x_wconf 87' lang='grc' dir='ltr'>ταῦτά</span> <span class='ocrx_word' id='word_1_541' title='bbox 1711 3285 1779 3339; x_wconf 80' lang='grc' dir='ltr'>ἔστιν.</span> <span class='ocrx_word' id='word_1_542' title='bbox 1796 3273 1938 3342; x_wconf 66' lang='grc' dir='ltr'>Ἐξύνθνεῐί*</span> 
     </span>
     <span class='ocr_line' id='line_1_38' title="bbox 397 3357 1938 3440; baseline -0.012 -21"><span class='ocrx_word' id='word_1_543' title='bbox 397 3367 444 3439; x_wconf 78' lang='grc' dir='ltr'>γάρ</span> <span class='ocrx_word' id='word_1_544' title='bbox 461 3369 498 3421; x_wconf 87' lang='grc' dir='ltr'>θτι</span> <span class='ocrx_word' id='word_1_545' title='bbox 521 3367 549 3420; x_wconf 80' lang='grc' dir='ltr'>τό</span> <span class='ocrx_word' id='word_1_546' title='bbox 565 3367 607 3438; x_wconf 88' lang='grc' dir='ltr'>μέν</span> <span class='ocrx_word' id='word_1_547' title='bbox 628 3365 659 3420; x_wconf 86' lang='grc' dir='ltr'>τά</span> <span class='ocrx_word' id='word_1_548' title='bbox 677 3365 798 3418; x_wconf 88' lang='grc' dir='ltr'>κάλλιστα</span> <span class='ocrx_word' id='word_1_549' title='bbox 818 3365 997 3436; x_wconf 86' lang='grc' dir='ltr'>συμόουλεῦσαι</span> <span class='ocrx_word' id='word_1_550' title='bbox 1012 3367 1179 3437; x_wconf 83' lang='grc' dir='ltr'>Δημοσθένους</span> <span class='ocrx_word' id='word_1_551' title='bbox 1223 3369 1280 3426; x_wconf 76' lang='grc' dir='ltr'>ἔστι,</span> <span class='ocrx_word' id='word_1_552' title='bbox 1295 3371 1347 3430; x_wconf 88' lang='grc' dir='ltr'>τοῖς</span> <span class='ocrx_word' id='word_1_553' title='bbox 1372 3361 1398 3421; x_wconf 80' lang='grc' dir='ltr'>εδ</span> <span class='ocrx_word' id='word_1_554' title='bbox 1419 3371 1533 3438; x_wconf 76' lang='grc' dir='ltr'>φρονοῦσι</span> <span class='ocrx_word' id='word_1_555' title='bbox 1560 3366 1707 3437; x_wconf 86' lang='grc' dir='ltr'>λογίσασθαι</span> <span class='ocrx_word' id='word_1_556' title='bbox 1726 3365 1794 3429; x_wconf 84' lang='grc' dir='ltr'>πόσης</span> <span class='ocrx_word' id='word_1_557' title='bbox 1813 3357 1895 3423; x_wconf 83' lang='grc' dir='ltr'>όλόγοι</span> <span class='ocrx_word' id='word_1_558' title='bbox 1908 3365 1938 3440; x_wconf 67' lang='grc' dir='ltr'>ομ</span> 
     </span>
     <span class='ocr_line' id='line_1_39' title="bbox 398 3424 1938 3518; baseline -0.003 -20"><span class='ocrx_word' id='word_1_559' title='bbox 398 3445 470 3518; x_wconf 80' lang='grc' dir='ltr'>ἔργον</span> <span class='ocrx_word' id='word_1_560' title='bbox 483 3442 608 3512; x_wconf 81' lang='grc' dir='ltr'>ήν,τδδέ</span> <span class='ocrx_word' id='word_1_561' title='bbox 625 3445 719 3516; x_wconf 86' lang='grc' dir='ltr'>συμόδιν</span> <span class='ocrx_word' id='word_1_562' title='bbox 734 3447 846 3516; x_wconf 83' lang='grc' dir='ltr'>πταῖσμα</span> <span class='ocrx_word' id='word_1_563' title='bbox 858 3447 900 3512; x_wconf 87' lang='grc' dir='ltr'>τῆς</span> <span class='ocrx_word' id='word_1_564' title='bbox 915 3445 1000 3516; x_wconf 89' lang='grc' dir='ltr'>τύχης.</span> <span class='ocrx_word' id='word_1_565' title='bbox 1040 3445 1178 3499; x_wconf 76' lang='grc' dir='ltr'>Κάκεῖνοδ</span> <span class='ocrx_word' id='word_1_566' title='bbox 1222 3445 1356 3518; x_wconf 85' lang='grc' dir='ltr'>ἀνθρώποις</span> <span class='ocrx_word' id='word_1_567' title='bbox 1377 3443 1453 3506; x_wconf 81' lang='grc' dir='ltr'>αἴτιός</span> <span class='ocrx_word' id='word_1_568' title='bbox 1475 3441 1526 3497; x_wconf 89' lang='grc' dir='ltr'>έστι</span> <span class='ocrx_word' id='word_1_569' title='bbox 1548 3447 1680 3514; x_wconf 84' lang='grc' dir='ltr'>προκοπῆς.</span> <span class='ocrx_word' id='word_1_570' title='bbox 1717 3437 1852 3510; x_wconf 73' lang='grc' dir='ltr'>Δημοσθένης</span> <span class='ocrx_word' id='word_1_571' title='bbox 1869 3424 1938 3488; x_wconf 59' lang='grc' dir='ltr'>ῖθιέί</span> 
     </span>
     <span class='ocr_line' id='line_1_40' title="bbox 398 3513 1937 3598; baseline -0.004 -21"><span class='ocrx_word' id='word_1_572' title='bbox 398 3520 428 3577; x_wconf 80' lang='grc' dir='ltr'>αδ</span> <span class='ocrx_word' id='word_1_573' title='bbox 445 3527 488 3590; x_wconf 90' lang='grc' dir='ltr'>τῆς</span> <span class='ocrx_word' id='word_1_574' title='bbox 499 3523 532 3586; x_wconf 88' lang='grc' dir='ltr'>είς</span> <span class='ocrx_word' id='word_1_575' title='bbox 542 3521 586 3589; x_wconf 83' lang='grc' dir='ltr'>τὴν</span> <span class='ocrx_word' id='word_1_576' title='bbox 603 3524 708 3592; x_wconf 84' lang='grc' dir='ltr'>πατρίδα</span> <span class='ocrx_word' id='word_1_577' title='bbox 727 3523 819 3584; x_wconf 84' lang='grc' dir='ltr'>εθνοίας</span> <span class='ocrx_word' id='word_1_578' title='bbox 831 3522 976 3593; x_wconf 88' lang='grc' dir='ltr'>τεκμήριον,</span> <span class='ocrx_word' id='word_1_579' title='bbox 989 3525 1027 3576; x_wconf 81' lang='grc' dir='ltr'>δτι</span> <span class='ocrx_word' id='word_1_580' title='bbox 1043 3522 1179 3578; x_wconf 88' lang='grc' dir='ltr'>ἀποθανού-</span> <span class='ocrx_word' id='word_1_581' title='bbox 1223 3525 1368 3598; x_wconf 79' lang='grc' dir='ltr'>εἰρήκαμεν,</span> <span class='ocrx_word' id='word_1_582' title='bbox 1381 3527 1558 3594; x_wconf 87' lang='grc' dir='ltr'>μαχαιροποιοῦ</span> <span class='ocrx_word' id='word_1_583' title='bbox 1575 3523 1633 3584; x_wconf 87' lang='grc' dir='ltr'>παῖς</span> <span class='ocrx_word' id='word_1_584' title='bbox 1646 3524 1772 3593; x_wconf 85' lang='grc' dir='ltr'>γενόμενος</span> <span class='ocrx_word' id='word_1_585' title='bbox 1790 3513 1883 3587; x_wconf 71' lang='grc' dir='ltr'>τῷίίγῳ</span> <span class='ocrx_word' id='word_1_586' title='bbox 1896 3521 1937 3557; x_wconf 63' lang='grc' dir='ltr'>ῦῖ·</span> 
     </span>
     <span class='ocr_line' id='line_1_41' title="bbox 398 3592 1936 3674; baseline -0.008 -18"><span class='ocrx_word' id='word_1_587' title='bbox 398 3624 441 3672; x_wconf 88' lang='grc' dir='ltr'>σης</span> <span class='ocrx_word' id='word_1_588' title='bbox 460 3603 533 3656; x_wconf 88' lang='grc' dir='ltr'>αύτυῦ</span> <span class='ocrx_word' id='word_1_589' title='bbox 547 3607 590 3670; x_wconf 88' lang='grc' dir='ltr'>τῆς</span> <span class='ocrx_word' id='word_1_590' title='bbox 602 3603 734 3674; x_wconf 81' lang='grc' dir='ltr'>θυγατρός,</span> <span class='ocrx_word' id='word_1_591' title='bbox 751 3604 781 3670; x_wconf 88' lang='grc' dir='ltr'>ῆν</span> <span class='ocrx_word' id='word_1_592' title='bbox 798 3599 853 3672; x_wconf 79' lang='grc' dir='ltr'>εἶχε</span> <span class='ocrx_word' id='word_1_593' title='bbox 876 3603 971 3674; x_wconf 89' lang='grc' dir='ltr'>μόνην,</span> <span class='ocrx_word' id='word_1_594' title='bbox 988 3601 1095 3673; x_wconf 84' lang='grc' dir='ltr'>έύδόμην</span> <span class='ocrx_word' id='word_1_595' title='bbox 1112 3601 1178 3674; x_wconf 89' lang='grc' dir='ltr'>έχων</span> <span class='ocrx_word' id='word_1_596' title='bbox 1223 3606 1328 3668; x_wconf 81' lang='grc' dir='ltr'>στευκὼς</span> <span class='ocrx_word' id='word_1_597' title='bbox 1347 3604 1390 3670; x_wconf 82' lang='grc' dir='ltr'>τῆν</span> <span class='ocrx_word' id='word_1_598' title='bbox 1414 3602 1545 3670; x_wconf 88' lang='grc' dir='ltr'>Ἀθηναίων</span> <span class='ocrx_word' id='word_1_599' title='bbox 1562 3603 1635 3658; x_wconf 91' lang='grc' dir='ltr'>πόλιν</span> <span class='ocrx_word' id='word_1_600' title='bbox 1659 3603 1773 3672; x_wconf 77' lang='grc' dir='ltr'>ἐκόσμησε</span> <span class='ocrx_word' id='word_1_601' title='bbox 1795 3592 1888 3648; x_wconf 70' lang='grc' dir='ltr'>κελεύει</span> <span class='ocrx_word' id='word_1_602' title='bbox 1906 3599 1936 3638; x_wconf 64' lang='grc' dir='ltr'>7ῖὶ</span> 
     </span>
     <span class='ocr_line' id='line_1_42' title="bbox 398 3673 1936 3757; baseline -0.016 -20"><span class='ocrx_word' id='word_1_603' title='bbox 398 3685 489 3757; x_wconf 83' lang='grc' dir='ltr'>ῆμέραν</span> <span class='ocrx_word' id='word_1_604' title='bbox 509 3687 553 3737; x_wconf 92' lang='grc' dir='ltr'>τοῦ</span> <span class='ocrx_word' id='word_1_605' title='bbox 565 3683 676 3746; x_wconf 89' lang='grc' dir='ltr'>πένθους,</span> <span class='ocrx_word' id='word_1_606' title='bbox 689 3682 824 3753; x_wconf 85' lang='grc' dir='ltr'>πυθόμενος</span> <span class='ocrx_word' id='word_1_607' title='bbox 842 3679 978 3754; x_wconf 76' lang='grc' dir='ltr'>ἀνῃρῆσθαι</span> <span class='ocrx_word' id='word_1_608' title='bbox 993 3682 1119 3735; x_wconf 84' lang='grc' dir='ltr'>Φίλιππον</span> <span class='ocrx_word' id='word_1_609' title='bbox 1132 3681 1179 3736; x_wconf 83' lang='grc' dir='ltr'>ύπδ</span> <span class='ocrx_word' id='word_1_610' title='bbox 1222 3683 1374 3744; x_wconf 86' lang='grc' dir='ltr'>Μακεδονίας</span> <span class='ocrx_word' id='word_1_611' title='bbox 1387 3681 1525 3752; x_wconf 89' lang='grc' dir='ltr'>βασιλεῦσιν</span> <span class='ocrx_word' id='word_1_612' title='bbox 1538 3681 1660 3754; x_wconf 85' lang='grc' dir='ltr'>ἀντέσχε,</span> <span class='ocrx_word' id='word_1_613' title='bbox 1674 3681 1771 3732; x_wconf 77' lang='grc' dir='ltr'>καὶτῶν</span> <span class='ocrx_word' id='word_1_614' title='bbox 1785 3673 1881 3746; x_wconf 79' lang='grc' dir='ltr'>μεγίστων</span> <span class='ocrx_word' id='word_1_615' title='bbox 1890 3679 1936 3750; x_wconf 66' lang='grc' dir='ltr'>τμη</span> 
     </span>
     <span class='ocr_line' id='line_1_43' title="bbox 398 3743 1936 3834; baseline -0.008 -16"><span class='ocrx_word' id='word_1_616' title='bbox 398 3765 536 3818; x_wconf 87' lang='grc' dir='ltr'>Παυσανίου</span> <span class='ocrx_word' id='word_1_617' title='bbox 556 3762 739 3834; x_wconf 73' lang='grc' dir='ltr'>μετημφιάσατο</span> <span class='ocrx_word' id='word_1_618' title='bbox 757 3761 798 3814; x_wconf 83' lang='grc' dir='ltr'>καί</span> <span class='ocrx_word' id='word_1_619' title='bbox 812 3765 863 3822; x_wconf 88' lang='grc' dir='ltr'>τοῖς</span> <span class='ocrx_word' id='word_1_620' title='bbox 886 3763 949 3822; x_wconf 88' lang='grc' dir='ltr'>θεοῖς</span> <span class='ocrx_word' id='word_1_621' title='bbox 970 3760 1055 3826; x_wconf 80' lang='grc' dir='ltr'>έθυσε,</span> <span class='ocrx_word' id='word_1_622' title='bbox 1075 3761 1177 3832; x_wconf 81' lang='grc' dir='ltr'>φανερόν</span> <span class='ocrx_word' id='word_1_623' title='bbox 1222 3762 1248 3816; x_wconf 90' lang='grc' dir='ltr'>έν</span> <span class='ocrx_word' id='word_1_624' title='bbox 1266 3766 1318 3825; x_wconf 84' lang='grc' dir='ltr'>τοῖς</span> <span class='ocrx_word' id='word_1_625' title='bbox 1339 3761 1462 3828; x_wconf 76' lang='grc' dir='ltr'>Ἕλλησιν</span> <span class='ocrx_word' id='word_1_626' title='bbox 1484 3761 1592 3828; x_wconf 78' lang='grc' dir='ltr'>ἠξιώθη,</span> <span class='ocrx_word' id='word_1_627' title='bbox 1610 3763 1686 3822; x_wconf 89' lang='grc' dir='ltr'>πάσας</span> <span class='ocrx_word' id='word_1_628' title='bbox 1699 3753 1854 3812; x_wconf 63' lang='grc' dir='ltr'>κατασκευάσας</span> <span class='ocrx_word' id='word_1_629' title='bbox 1869 3743 1936 3832; x_wconf 43' lang='grc' dir='ltr'>θ’έῇῖ</span> 
     </span>
     <span class='ocr_line' id='line_1_44' title="bbox 397 3817 1936 3915; baseline -0.006 -12"><span class='ocrx_word' id='word_1_630' title='bbox 397 3848 500 3914; x_wconf 84' lang='grc' dir='ltr'>ποιήσας</span> <span class='ocrx_word' id='word_1_631' title='bbox 511 3848 550 3899; x_wconf 84' lang='grc' dir='ltr'>δτι</span> <span class='ocrx_word' id='word_1_632' title='bbox 566 3843 610 3912; x_wconf 78' lang='grc' dir='ltr'>τήν</span> <span class='ocrx_word' id='word_1_633' title='bbox 626 3842 709 3910; x_wconf 81' lang='grc' dir='ltr'>κοινὴν</span> <span class='ocrx_word' id='word_1_634' title='bbox 731 3843 843 3914; x_wconf 84' lang='grc' dir='ltr'>εθτυχίαν</span> <span class='ocrx_word' id='word_1_635' title='bbox 859 3842 1000 3915; x_wconf 67' lang='grc' dir='ltr'>ἐπίπροσθεν</span> <span class='ocrx_word' id='word_1_636' title='bbox 1014 3847 1119 3898; x_wconf 84' lang='grc' dir='ltr'>ποιεῖται</span> <span class='ocrx_word' id='word_1_637' title='bbox 1136 3849 1179 3912; x_wconf 87' lang='grc' dir='ltr'>τῆς</span> <span class='ocrx_word' id='word_1_638' title='bbox 1221 3842 1300 3914; x_wconf 86' lang='grc' dir='ltr'>λόγου</span> <span class='ocrx_word' id='word_1_639' title='bbox 1316 3842 1431 3913; x_wconf 88' lang='grc' dir='ltr'>πατρίδας</span> <span class='ocrx_word' id='word_1_640' title='bbox 1457 3841 1532 3914; x_wconf 82' lang='grc' dir='ltr'>αύτῷ.</span> <span class='ocrx_word' id='word_1_641' title='bbox 1571 3841 1720 3895; x_wconf 80' lang='grc' dir='ltr'>Διεδάλλετο</span> <span class='ocrx_word' id='word_1_642' title='bbox 1742 3837 1763 3888; x_wconf 78' lang='grc' dir='ltr'>δ’</span> <span class='ocrx_word' id='word_1_643' title='bbox 1778 3828 1843 3894; x_wconf 64' lang='grc' dir='ltr'>θςῖέ</span> <span class='ocrx_word' id='word_1_644' title='bbox 1862 3817 1936 3906; x_wconf 45' lang='grc' dir='ltr'>ίέῖέῖῖ*</span> 
     </span>
     <span class='ocr_line' id='line_1_45' title="bbox 399 3893 1936 3998; baseline -0.018 -18"><span class='ocrx_word' id='word_1_645' title='bbox 399 3929 459 3990; x_wconf 86' lang='grc' dir='ltr'>ίδίας</span> <span class='ocrx_word' id='word_1_646' title='bbox 473 3927 604 3998; x_wconf 80' lang='grc' dir='ltr'>συμφορᾶς.</span> <span class='ocrx_word' id='word_1_647' title='bbox 646 3921 757 3993; x_wconf 84' lang='grc' dir='ltr'>Ἀντίοχε</span> <span class='ocrx_word' id='word_1_648' title='bbox 777 3924 799 3974; x_wconf 89' lang='grc' dir='ltr'>δ’</span> <span class='ocrx_word' id='word_1_649' title='bbox 815 3922 828 3975; x_wconf 92' lang='grc' dir='ltr'>ό</span> <span class='ocrx_word' id='word_1_650' title='bbox 840 3923 920 3996; x_wconf 79' lang='grc' dir='ltr'>ῥήτωρ</span> <span class='ocrx_word' id='word_1_651' title='bbox 938 3924 979 3976; x_wconf 83' lang='grc' dir='ltr'>καί</span> <span class='ocrx_word' id='word_1_652' title='bbox 994 3924 1054 3996; x_wconf 86' lang='grc' dir='ltr'>μετά</span> <span class='ocrx_word' id='word_1_653' title='bbox 1068 3924 1110 3977; x_wconf 87' lang='grc' dir='ltr'>τδν</span> <span class='ocrx_word' id='word_1_654' title='bbox 1130 3925 1177 3978; x_wconf 69' lang='grc' dir='ltr'>Φι.</span> <span class='ocrx_word' id='word_1_655' title='bbox 1224 3927 1272 3976; x_wconf 90' lang='grc' dir='ltr'>τῶν</span> <span class='ocrx_word' id='word_1_656' title='bbox 1285 3923 1384 3993; x_wconf 85' lang='grc' dir='ltr'>Περσῶν</span> <span class='ocrx_word' id='word_1_657' title='bbox 1399 3927 1493 3992; x_wconf 83' lang='grc' dir='ltr'>φρονῶν</span> <span class='ocrx_word' id='word_1_658' title='bbox 1505 3920 1546 3974; x_wconf 75' lang='grc' dir='ltr'>καὶ</span> <span class='ocrx_word' id='word_1_659' title='bbox 1556 3921 1666 3992; x_wconf 82' lang='grc' dir='ltr'>μηδίζων</span> <span class='ocrx_word' id='word_1_660' title='bbox 1684 3918 1723 3972; x_wconf 80' lang='grc' dir='ltr'>καί</span> <span class='ocrx_word' id='word_1_661' title='bbox 1735 3915 1785 3984; x_wconf 85' lang='grc' dir='ltr'>παρ’</span> <span class='ocrx_word' id='word_1_662' title='bbox 1799 3909 1871 3964; x_wconf 79' lang='grc' dir='ltr'>έτείνον</span> <span class='ocrx_word' id='word_1_663' title='bbox 1877 3893 1936 3965; x_wconf 53' lang='grc' dir='ltr'>λεμίδ</span> 
     </span>
     <span class='ocr_line' id='line_1_46' title="bbox 398 3999 1412 4074; baseline -0.002 -15"><span class='ocrx_word' id='word_1_664' title='bbox 398 4007 489 4060; x_wconf 88' lang='grc' dir='ltr'>λίππου</span> <span class='ocrx_word' id='word_1_665' title='bbox 500 4004 603 4058; x_wconf 87' lang='grc' dir='ltr'>θάνατον</span> <span class='ocrx_word' id='word_1_666' title='bbox 615 4000 656 4055; x_wconf 84' lang='grc' dir='ltr'>καλ</span> <span class='ocrx_word' id='word_1_667' title='bbox 671 3999 818 4072; x_wconf 79' lang='grc' dir='ltr'>Ἀλεξάνδρῳ</span> <span class='ocrx_word' id='word_1_668' title='bbox 827 4003 940 4074; x_wconf 83' lang='grc' dir='ltr'>πατρῴαν</span> <span class='ocrx_word' id='word_1_669' title='bbox 951 4001 1041 4074; x_wconf 80' lang='grc' dir='ltr'>ἔχθραν</span> <span class='ocrx_word' id='word_1_670' title='bbox 1056 4002 1179 4074; x_wconf 86' lang='grc' dir='ltr'>ύποκρίσει</span> <span class='ocrx_word' id='word_1_671' title='bbox 1222 4024 1271 4056; x_wconf 83' lang='grc' dir='ltr'>νων</span> <span class='ocrx_word' id='word_1_672' title='bbox 1285 4003 1412 4074; x_wconf 86' lang='grc' dir='ltr'>χρήματα.</span> 
     </span>
    </p>
   </div>
   <div class='ocr_carea' id='block_1_4' title="bbox 0 0 2074 6084">
    <p class='ocr_par' dir='ltr' id='par_1_4' title="bbox 0 0 2074 6084">
     <span class='ocr_line' id='line_1_47' title="bbox 0 0 2074 6084; baseline 0 0"><span class='ocrx_word' id='word_1_673' title='bbox 0 0 2074 6084; x_wconf 95' lang='lat' dir='ltr'> </span> 
     </span>
    </p>
   </div>
  </div>
 </body>
</html>
