4114 6088
373 486 430 538 5³2
910 474 1052 536 ΣΧΟΛΙΑ
1075 473 1140 534 ΕΙΣ
1161 473 1436 536 ύΠθΙΟΣΘΕΠΠΝ.

372 609 439 662 ἀλλά
463 627 509 664 κατ
543 605 690 678 ένδοιασμδν
714 604 760 672 τὴν
783 608 886 678 γνώμην
908 605 988 660 αύτῶν
1015 605 1152 676 ἐκθέμενος.
1201 605 1275 660 πάλιν
1297 605 1381 668 ἐξιέναι
1392 605 1513 676 πόλεμον.
1552 602 1584 658 '0
1601 604 1766 676 δέθιώρησον
1785 607 1853 670 ὅπως
1873 607 1949 662 ἔλυσε
1964 614 1991 665 τὶ

376 683 475 752 Ἐπειδὴ
489 687 515 739 δέ
529 683 557 738 ἔκ
570 691 618 738 τῶν
633 687 691 754 πρὸς
707 683 794 746 αύτούς
806 684 969 755 ἐγκλημάτων
985 689 1098 754 μισοῦσι,
1113 684 1155 736 καὶ
1199 685 1287 737 δοκούν
1311 684 1423 754 ἐπαχθές.
1462 682 1505 750 Μὴ
1525 683 1574 755 γάρ
1595 686 1739 738 κινδυνεύειν
1758 685 1823 755 ὑμᾶς
1843 685 1990 760 ἐκέλευον]

373 767 447 816 τοῦτο
458 763 573 814 σύστασιν
584 761 637 832 ἔχει
649 767 699 814 τῶν
714 761 860 814 Ὀλυνθίων.
897 760 988 832 Είγάρ
1003 764 1100 832 μισοῦσι
1114 761 1155 814 τδν
1198 763 1328 834 πολεμεῖν,
1343 763 1409 815 ἀλλά
1417 762 1521 817 πλεύσαι
1531 763 1574 816 καὶ
1583 763 1735 834 παραλαθεῖν
1748 763 1793 832 τήν
1804 766 1894 833 πόλιν,
1910 774 1991 828 ὥπερ

372 843 499 898 Φίλιππον
521 841 552 893 δι’
574 843 634 914 άπερ
658 841 742 903 αύτοῖς
766 841 884 911 ἐγκαλεῖ,
905 841 1031 911 πρόδηλον
1057 840 1090 902 ὡς
1110 839 1155 893 ούκ
1199 841 1235 913 ἐρ’
1250 843 1348 913 ἕτοιμον
1361 843 1499 913 καιρδνκαλ
1516 841 1643 895 ἀκίνδυνον
1657 841 1744 905 αύτούς
1760 829 1992 918 έιπαλούμενος,θ

372 921 507 985 ἀδικοῦσιν,
518 919 585 972 ἀλλά
598 921 677 992 μάτην
689 919 856 989 πολεμοῦνται
869 919 911 971 καλ
919 917 960 970 διά
969 922 1041 971 τοῦτο
1054 917 1154 987 βεθαέαν
1198 941 1228 993 γε
1238 921 1342 976 πλεῦσαι
1352 921 1433 983 λέγων
1445 921 1486 974 καλ
1498 921 1661 992 παραλαόεῖν.
1674 923 1749 978 HRS.

372 1001 459 1072 έχουσι
473 997 518 1066 τὴν
533 998 634 1070 ἔχθραν.
653 1001 684 1052 Π.
703 997 832 1068 Ἀναίρεσις
842 1002 885 1064 τῆς
901 997 1043 1059 ἀντιθέσεως
1054 1001 1097 1063 τῆς
1117 997 1155 1052 ότι
1238 997 1435 1074 Ἀμφιπολιτῶν]
1463 1001 1551 1072 Πτῆμα
1571 999 1620 1072 γάρ
1636 998 1768 1070 Ἀθηναίων
1792 1001 1810 1070 ἡ
1834 1001 1988 1076 Ἀμφίςπὶις,

371 1079 418 1132 ούκ
429 1079 519 1140 οέκεῖος
533 1077 547 1128 ύ
560 1076 678 1146 πόλεμος.
690 1075 733 1138 Τίς
749 1075 798 1146 γάρ
811 1076 840 1128 ἀν
857 1074 894 1128 ἔτι
910 1075 1057 1146 τολμήσειεν
1077 1074 1155 1128 ἀλλύ·
1198 1079 1273 1133 Hns.

371 1179 438 1230 τριον
452 1160 534 1230 λέγειν
546 1155 630 1220 αλτδν,
643 1155 694 1208 έπελ
712 1158 800 1207 τοῦτον
813 1155 900 1214 πάντες
912 1153 1030 1218 ἐπόθουνς
1043 1155 1078 1214 C.
1237 1175 1284 1224 11,
1302 1174 1343 1214 ιε.
1364 1157 1526 1229 Πελιύοντες]
1538 1159 1739 1230 προτρεπόμενοι.
1751 1161 1803 1213 ΒΡ.
2049 1195 2050 1226 3

409 1254 452 1302 ιι,
466 1237 491 1292 3.
515 1234 668 1304 Ἀνείλοντο]
686 1233 742 1285 ἀντὶ
754 1236 798 1285 τοῦ
812 1231 943 1286 ἀνέλαθον.
957 1235 988 1286 Ρ.
1237 1253 1279 1302 τι,
1298 1241 1338 1301 ¹4·
1363 1235 1447 1309 Ὗμῶν
1462 1238 1541 1290 αύτῶν
1557 1237 1772 1309 προθυμίαν]ούκ
1786 1239 1843 1296 εἶπε
1858 1249 1990 1314 στρατείαν
2049 1227 2050 1264 3

409 1334 451 1379 ιι,
468 1315 493 1369 ⁵.
518 1311 617 1378 Ἐπειδὴ
629 1313 651 1363 δ’
668 1311 695 1364 έκ
708 1312 773 1382 τῶν]
789 1309 866 1381 ἤγουν
881 1309 998 1364 Ἀττικόν.
1015 1312 1047 1366 C.
1198 1315 1214 1381 ἢ
1226 1316 1346 1388 πόλεμον,
1359 1316 1425 1369 ἀλλά
1438 1318 1585 1389 προθυμίαν,
1604 1317 1637 1378 ιὐς
1649 1319 1721 1388 μέχρι
1741 1323 1785 1371 τοῦ
1799 1321 1932 1393 τολμῆσαι
1947 1329 1991 1398 μέ-

410 1411 453 1459 ιι,
468 1389 832 1464 7.ούδεῖδή]Σωστήσαςτήν
843 1393 1002 1462 γνώμηντῶν
1015 1388 1154 1442 Ὀλυνθίων
1199 1413 1242 1447 νον
1255 1395 1326 1458 ὄντος
1336 1400 1380 1449 τού
1392 1397 1554 1466 κατορθιῗισαι.
1585 1395 1633 1448 Καὶ
1642 1396 1666 1448 τέ
1678 1395 1753 1450 πλέον
1765 1398 1795 1449 ἀν
1805 1397 1872 1470 ἡμῖν
1893 1402 1991 1476 ἀγέτω

371 1475 414 1528 καὶ
428 1473 538 1544 βεθαίοος
557 1473 702 1542 συμμάχους
720 1469 847 1532 ἀποδείξας
866 1471 968 1542 ῖρμαιον
985 1472 1093 1523 ποιεῖται
1105 1475 1154 1523 τῶν
1199 1473 1357 1543 προτείνωσι
1366 1497 1377 1538 ,·
1390 1475 1466 1529 HRS.

374 1548 1155 1622 Ἀθηναίωντδπράγμαιιαίκαιρούτινοςεύιυχίανκαλεῖ·τδγάρ
1237 1569 1279 1616 ιι,
1307 1559 1346 1609 ι5.
1367 1553 1494 1624 Πίχετ’δν
1517 1552 1892 1624 Ἀμρίπολιν]Σχετλιάζοντας
1908 1563 1990 1632 ὥσπερ

371 1634 583 1703 παραπεπτωκότα
590 1636 641 1684 τῶν
647 1631 756 1701 τοχαίων
766 1629 818 1684 ἐστὶ
832 1629 874 1681 καὶ
883 1633 931 1682 τῶν
940 1629 964 1691 ἐξ
970 1629 1155 1700 ἀπροσδοκήτου
1199 1631 1240 1684 καλ
1250 1631 1398 1704 ὀδυρομένου
1412 1632 1442 1686 τ“ο
1453 1631 1521 1704 ῥῆμα
1533 1633 1571 1686 θτι
1582 1631 1623 1685 διά
1633 1632 1751 1704 ῥαθυμίαν
1766 1636 1846 1706 μόνην
1869 1637 1918 1704 ²³³*
1937 1639 1989 1714 ²1¹·

370 1714 565 1784 σομύαινόντενν.
598 1711 683 1764 Παλτδ
694 1709 792 1781 ἀφεῖναι
804 1710 954 1779 αημαντυιόν
964 1708 1015 1762 έστι
1026 1715 1075 1764 τῶν
1087 1709 1157 1780 έχύν-
1198 1711 1298 1782 ρίιτολιν
1312 1711 1452 1766 ἀπώλεσαν.
1466 1714 1546 1766 BEV.

370 1813 420 1848 των
437 1795 478 1847 καὶ
491 1793 611 1864 ἀνυπεριέν
624 1789 929 1863 τιῖικρατεῖνῆδηόντων.
967 1790 1156 1862 Ιίαλπαροξύναι
1237 1808 1283 1856 ιι,
1310 1797 1351 1846 16.
1370 1793 1425 1844 Τῶν
1447 1791 1509 1864 μετά
1532 1794 1609 1844 ταῦτα
1630 1793 1803 1865 πραγμάτων]
1825 1794 1928 1852 ίλίεισΰν
1946 1799 1988 1866 τῆε

370 1872 521 1944 βουλόμενος
536 1870 716 1943 ἀναμιμνήσκει
727 1875 777 1923 τῶν
790 1871 913 1941 προτέρων
924 1868 950 1922 έν
963 1863 1001 1931 οίς
1016 1869 1155 1942 έζημιώθη-
1199 1869 1323 1926 ἀσθένειαν
1336 1877 1379 1926 τοῦ
1389 1873 1515 1928 Φιλίππου
1525 1872 1661 1925 δείκνυσιν
1676 1871 1738 1934 ἀπαξ
1748 1871 1797 1944 γάρ
1814 1872 1935 1943 ἡττηθεὶς
1946 1881 1987 1933 αἶα

370 1973 416 2007 σαν
436 1953 461 2007 οῖ
479 1951 513 2025 μὴ
526 1954 680 2024 χρησάμενοι
692 1952 745 2013 τοῖς
766 1952 867 2020 καιροῖς.
890 1951 1040 2006 BEHRSV.
1079 1949 1154 2004 Ἰδιον
1199 1953 1229 2006 ἀν
1249 1952 1286 2006 έτι
1303 1956 1437 2026 πράγματα
1451 1955 1572 2025 παρέσχεν
1589 1952 1659 2024 ύμῖν.
1697 1953 1744 2006 ίίαὶ
1763 1953 1805 2006 διά
1818 1961 1897 2011 τοῦτο
1914 1962 1989 2026 δηλοῖ

369 2032 539 2103 Δημοσθένους
549 2029 612 2102 μετά
620 2027 670 2095 τὴν
680 2027 802 2092 ἀπόδειξιν
814 2029 964 2098 προτρέπειν.
979 2029 1010 2082 C.
1197 2035 1250 2096 τοῖς
1264 2031 1396 2100 Ἀθηναίοις
1407 2035 1446 2087 ότι
1455 2033 1498 2086 καλ
1509 2037 1551 2085 νῦν
1564 2030 1701 2094 ἐξελθόντες
1712 2031 1863 2102 ἐπισχήσετε
1879 2037 1925 2090 τδν
1938 2039 1985 2092 Φῖ-

409 2129 451 2176 ιι,
474 2129 516 2166 ιο.
536 2111 569 2164 Π]
579 2109 636 2182 γὰρ
646 2109 694 2162 δύ’
710 2109 803 2180 ἥκομεν
821 2107 960 2178 Εύύοεῦσι]
983 2107 1075 2179 Σχῆμα
1092 2107 1155 2162 κατά
1198 2109 1288 2166 λιππον
1300 2113 1394 2175 τούτοις
1405 2111 1493 2166 λοιπδν
1507 2109 1650 2181 ἐπιχειρεῖν.
1665 2112 1741 2164 HRS.

371 2189 507 2262 συστροφὴν
525 2186 807 2258 τδ-καθῑέμπερίθολον.
846 2186 949 2239 Βεύαιοῖ
966 2183 1012 2252 τὴν
1025 2186 1095 2240 λύσιν
1111 2191 1156 2240 τού
1234 2190 1410 2263 Πραγμάτων]
1424 2188 1518 2244 ὧνύπδ
1529 2190 1655 2243 Φιλίππου
1671 2191 1817 2246 πεπόνθατε.
1832 2193 1866 2246 Ρ.

308 2328 314 2336 ,
371 2266 733 2332 θτιούασίκᾶοιούέύύθοεῖς,
746 2265 920 2322 θεικαλοώτολ
934 2264 1085 2334 ἀπέστησαν,
1119 2267 1155 2319 Tb
1236 2288 1279 2336 τι,
1297 2290 1338 2342 ¹7·
1360 2272 1407 2324 Καὶ
1417 2271 1490 2325 πάλιν
1502 2269 1575 2339 ἡνίκα
1583 2269 1676 2334 Πύδνα,
1690 2269 1872 2344 Ποτίδαια-]
1886 2273 1986 2344 Πρῶτον

364 2347 434 2401 πατά
445 2347 576 2402 ἀσύνθετον
588 2349 685 2418 σχῆμα.
699 2347 731 2400 C.
1199 2347 1243 2420 μέν
1255 2349 1280 2403 έν
1295 2352 1367 2421 τάχει
1384 2351 1426 2402 καί
1439 2351 1496 2403 άνευ
1511 2350 1652 2419 συνδέσμων
1669 2348 1779 2410 κατέλεξε
1795 2347 1827 2402 τά
1840 2354 1927 2423 χωρία
1948 2357 1986 2407 δε·

406 2425 527 2480 Εθύοιύσι
541 2426 733 2497 βεθοηθηκότες]
749 2424 855 2492 θηύαῖοι
866 2423 1029 2496 πολεμοῦντες
1038 2426 1155 2479 Λακεδαι-
1198 2429 1285 2492 δοικὼς
1297 2428 1330 2502 μὴ
1346 2431 1423 2500 μέγαν
1437 2427 1578 2500 καταστήσῃ
1592 2428 1726 2482 Φίλιππον·
1744 2427 1800 2482 εἶτα
1809 2429 1840 2481 τά
1855 2430 1936 2486 λοιπά
1948 2434 1986 2488 λέ·

371 2508 466 2580 μονίοις
484 2507 508 2562 έν
522 2507 650 2578 Λεύκτροις
664 2509 709 2572 τῆς
727 2505 847 2568 Βοιωτίας
867 2505 980 2570 έυθιησσν
994 2505 1080 2568 αύτούς
1092 2506 1155 2560 κατὰ
1197 2527 1252 2579 γειν
1263 2509 1437 2582 παρῃτήσατο,
1452 2505 1481 2559 ού
1494 2506 1523 2560 τύ
1538 2509 1616 2577 μῆκος
1628 2511 1671 2560 τού
1683 2506 1761 2578 λόγου
1775 2508 1905 2573 δεδοικὼς,
1919 2510 1985 2564 ἀλλά

364 2589 469 2660 κράτος·
488 2589 545 2642 ὅθεν
559 2586 627 2648 ιύθθς
646 2583 815 2654 διέύησαν-έπλ
831 2583 876 2650 τήν
895 2587 1011 2652 Εόθοιαν,
1030 2586 1064 2648 ὡς
1081 2587 1154 2654 δῆθεν
1198 2587 1227 2640 τ“ο
1241 2588 1347 2658 ρούῆσαι
1360 2587 1403 2640 τδν
1417 2588 1508 2658 δῆμον.
1544 2584 1580 2638 (λθ
1595 2583 1643 2656 μὴν
1658 2584 1724 2638 ἀλλά
1738 2587 1779 2639 ταὶ
1791 2587 1816 2640 έν
1830 2589 1984 2652 τούτοιςαέ-

371 2668 520 2740 βουλόμενοι
534 2667 624 2734 ταύτην
637 2663 854 2736 χειρώσασθαι,«τδ
863 2664 889 2718 δὲ
902 2665 999 2734 ἀληθές,
1010 2665 1053 2718 ἵνα
1064 2666 1154 2732 ταύτην
1198 2665 1232 2728 ξει
1251 2665 1280 2720 τδ
1300 2666 1404 2718 δυνατόν
1426 2670 1475 2718 τῶν
1498 2662 1640 2732 Ἀθηναίων.
1681 2661 1716 2718 Ἥ
1733 2665 1781 2736 γὰρ
1802 2665 1886 2736 τύχη,
1907 2670 1983 2738 ρησλ,

370 2746 488 2810 λαθόντες
502 2745 543 2800 καὶ
554 2743 617 2798 κατὰ
626 2749 675 2796 τῶν
693 2740 824 2810 Ἀθηναίων
838 2743 994 2813 χωρήσουσιν.
1008 2743 1038 2796 Οί
1051 2745 1073 2796 δ’
1089 2743 1155 2812 Ἀθη·
1197 2744 1296 2806 τούτους
1309 2743 1370 2815 έημῖν
1388 2744 1481 2805 πάντας
1496 2742 1553 2804 τοῑις
1565 2742 1662 2814 καιρούς
1675 2744 1870 2814 παρεσκεύασεν·
1894 2745 1983 2800 ούιούν

370 2827 437 2878 ναῖοι
449 2824 552 2892 ἐξῆλθον
566 2822 684 2876 Εύθοεύσι
696 2821 913 2892 συμμαχήσοντες·
929 2821 971 2875 καλ
988 2822 1155 2892 σομδαλόντες
1199 2823 1253 2893 μεθ’
1266 2820 1337 2894 ήμῖιν
1355 2820 1415 2874 είσιν
1429 2821 1454 2874 οἱ
1476 2821 1606 2891 κρείττους.
1644 2821 1693 2890 Ἆρ’
1706 2815 1982 2891 αδηῶύημόοθενες,

370 2903 484 2972 ένίιιησαν
502 2903 579 2965 ούτως
591 2904 655 2956 ώατε
667 2900 709 2954 καὶ
728 2901 840 2953 σπονδῶν
856 2899 942 2963 αύτούς
962 2901 1079 2968 δεηθῆναι
1096 2901 1154 2973 ύπὶρ
1197 2903 1252 2955 καθ’
1267 2903 1371 2954 ἕκαστον
1389 2901 1482 2954 τούτων
1501 2905 1550 2953 τῶν
1562 2900 1662 2970 χωρίων
1676 2899 1726 2952 ἔδει
1743 2898 1865 2970 πολεμεῖν
1882 2902 1926 2954 καὶ
1945 2905 1983 2955 ού

370 2989 421 3035 τῶν
440 2985 616 3048 πεπτωκότων,
639 2982 683 3035 ἵνα
695 2979 818 3042 λαθόντες
834 2981 933 3042 τούτους
948 2979 1152 3052 ἀναχωρήσωσιν.
1198 2997 1246 3041 τως
1259 2977 1284 3032 εἶ
1298 2978 1477 3050 ριλοπόλεμοςς
1498 2977 1552 3030 θδέ
1566 2977 1590 3029 τί
1607 2995 1696 3047 ρησινς
1716 2975 1753 3029 έν]
1770 2982 1806 3049 τῷ
1821 2981 1913 3050 πρώτῳ
1928 2985 1983 3050 μιᾶς

373 3060 568 3124 Ἐπανελθύντες
581 3062 604 3113 δ’
614 3061 641 3115 έκ
651 3065 695 3127 τῆς
703 3061 759 3130 μάχ
760 3079 788 3126 ης
797 3055 907 3132 εύρον-έν
913 3063 973 3122 -ταῖς
994 3059 1102 3126 Ἀθήναις
1111 3061 1154 3114 δύο
1198 3057 1260 3130 ἡμῖν
1274 3057 1357 3122 έξόδου
1369 3059 1445 3130 μόνης
1458 3057 1520 3119 ἔδει,
1537 3055 1578 3108 καλ
1591 3057 1703 3126 δεύτερον
1716 3057 1809 3127 χωρίον
1822 3056 1869 3110 σῖικ
1881 3060 1912 3110 ἀν
1921 3057 1982 3125 ήνύ·

365 3140 480 3212 πρίσύεις
489 3146 538 3193 τῶν
553 3137 742 3210 Ἀμφιπολιτῶν,
760 3135 855 3208 Ἱέρακα
868 3138 910 3190 καὶ
923 3138 1090 3208 Στρατοκλέα,
1106 3159 1152 3194 ποι-
1197 3138 1279 3209 χλησε
1296 3138 1433 3199 Φίλιππος·
1454 3135 1476 3190 εἰ
1494 3135 1542 3206 γάρ
1555 3139 1628 3190 τούτο
1646 3135 1750 3202 συνέθη,
1767 3135 1838 3207 ῥᾴονι
1856 3138 1900 3190 καὶ
1919 3139 1982 3193 πολε

365 3214 1152 3290 ρακαλούνταςώστεέξελθεῖνκαλκαταλαύεῖντήνἈμφίπολιν,
1197 3219 1359 3289 ταπεινοτέρῳ
1373 3221 1416 3269 νύν
1437 3217 1466 3270 ἀν
1481 3215 1659 3287 έχρώμεθατῷ
1674 3213 1802 3288 Φιλίππρ.
1839 3219 1926 3288 Αέγεις
1939 3215 1981 3272 οὐν

368 3297 556 3368 πολεμουμένην
569 3295 616 3349 ύπδ
626 3294 762 3348 Φιλίππου.
773 3295 888 3348 BERSP.
1197 3295 1259 3368 ἡμῖν
1274 3296 1374 3367 ίσχυρδν
1387 3295 1430 3348 τδν
1444 3294 1569 3349 Φίλιππον
1581 3299 1690 3348 τοσαῦτα
1705 3294 1881 3366 προειληφότα-
1916 3297 1981 3353 Ὅδέ

404 3375 493 3428 Πολλέι
504 3375 545 3428 διδ
556 3378 600 3428 τοῖν
610 3373 806 3444 παραδείγματος
818 3371 901 3440 ήνυσε.
936 3371 1017 3426 Τούτο
1028 3372 1076 3446 γάρ
1091 3373 1153 3430 ίδιον
1198 3376 1261 3430 κατὰ
1272 3377 1397 3448 σύγκρισιν
1409 3375 1438 3428 τύ
1450 3373 1594 3428 ἀντιπῖπτον
1606 3375 1724 3445 παρέτεμε
1736 3373 1776 3426 διά
1788 3379 1842 3440 τού,
1857 3377 1924 3430 πολύ
1934 3379 1981 3449 γἐρ

368 3455 538 3526 Δημοσθένους
555 3455 597 3508 καί
623 3453 788 3518 θουκυδέδου,
811 3452 843 3506 «τδ
865 3453 897 3506 δι’
922 3452 1017 3524 ἀλέγων
1035 3453 1153 3527 ῥημάτων
1197 3455 1272 3510 αύτδν
1284 3457 1454 3526 ταπεινότερον
1470 3453 1689 3525 έσχομεν,ώςκσλ
1700 3457 1742 3506 νῖν
1754 3451 1791 3506 έτι
1808 3455 1883 3518 όντσς
1899 3477 1980 3512 ταπει-

365 3534 452 3589 πολλά
466 3535 578 3608 νοήματα
590 3534 714 3605 συνάγειν.
737 3533 841 3604 Πρῶτον
846 3532 895 3604 μέν
907 3527 951 3586 ούν
963 3532 1112 3589 οἰκειότατον
1124 3537 1153 3590 τδ
1198 3539 1241 3587 νοῦ
1255 3535 1296 3588 καλ
1309 3534 1496 3604 καταδεεστέραν
1507 3536 1551 3599 τῆς
1561 3530 1671 3596 πόλεως,
1683 3532 1740 3586 τότε
1752 3531 1806 3599 δίη
1822 3537 1868 3586 νῦν
1884 3536 1979 3606 μιῖλλον

368 3614 531 3686 παράδειγμα.
569 3613 670 3684 Πρῶτον
686 3611 821 3684 γάρέλαύε
836 3612 865 3666 εδ
879 3618 928 3666 τῶν
942 3613 1054 3668 Εύθοίων
1071 3617 1153 3670 διαθε-
1197 3617 1227 3668 ἀν
1247 3616 1417 3685 ταπεινοτέρου
1438 3613 1611 3674 καταστάντος.
1649 3610 1872 3682 Σημαντιωέιτατον
1894 3615 1922 3668 δὲ
1939 3621 1978 3683 τῆς

367 3695 491 3767 θλημένον
509 3695 543 3756 ύις
565 3693 618 3765 ίχει
635 3693 660 3748 έν
677 3699 714 3766 τῷ
729 3693 784 3764 περὶ
799 3694 919 3765 στεράνου
938 3693 985 3766 (ρ,
1006 3693 1073 3764 σόη,
1092 3700 1150 3763 10)·
1196 3695 1323 3748 Φιλίππου
1337 3693 1509 3760 ταπεινότητος
1525 3687 1760 3761 καλτδέχρώμεθα.
1798 3689 1859 3744 Καθ’
1878 3689 1915 3746 ὧν
1933 3695 1980 3765 γύρ

369 3797 383 3824 ε
398 3773 456 3827 Οὐδ’
470 3771 506 3828 ὄν
526 3773 574 3829 ίιπδ
587 3773 729 3846 θεμίσωνος
753 3773 795 3826 καὶ
818 3773 946 3844 θεοδιύρου
962 3773 1017 3844 περὶ
1039 3772 1152 3846 Ὢρωπδν
1197 3771 1305 3836 ἐξουσίαν
1320 3771 1412 3844 ἔχομεν
1427 3773 1441 3824 θ
1452 3789 1476 3824 τι
1488 3770 1628 3842 βουλόμεθα
1637 3770 1761 3840 πράττειν,
1771 3770 1833 3824 ιατά
1846 3773 1941 3826 τούτων
1952 3775 1979 3827 ιδ

370 3875 382 3902 ε
398 3851 514 3922 ἠδίκησθε
529 3852 709 3923 ἀνεμνήσθητε.
724 3875 736 3902 ιι
759 3851 853 3906 Οὐκοῦν
868 3843 929 3924 μηδέ
947 3851 1083 3916 Ὀλυνθίοις
1095 3873 1154 3926 μνη·
1196 3854 1304 3924 χρῆσθαι
1316 3852 1433 3924 λέγομεν·
1447 3850 1486 3902 διδ
1497 3849 1539 3903 καὶ
1552 3849 1604 3912 τοῖς
1617 3848 1697 3920 φίλοις
1707 3849 1814 3919 χρῆσθαι
1824 3849 1935 3923 λέγομεν
1944 3855 1979 3906 θεν

367 3931 515 3998 σικακήσητι
524 3936 584 4003 γοῦν
595 3931 650 3986 είτι
659 3932 713 4003 περὶ
723 3930 787 4001 ήμὶς
800 3929 942 4002 ἐξήμαρτον.
963 3931 1079 4002 Δεύτερον
1096 3933 1152 4002 βού-
1196 3931 1228 3984 τά
1250 3933 1371 3985 δοκοῦντα
1391 3929 1453 4001 ἡμῖν
1474 3927 1646 4000 ύπουργούαιν.
1694 3927 1818 3982 Ἐκαστσν
1840 3927 1869 3983 δέ
1889 3929 1979 3984 τούτων

368 4009 437 4064 λεται
455 4015 538 4066 πεῖσαι
557 4012 613 4073 τούς
637 4009 775 4078 Ἀθηναίους
791 4008 898 4072 έξελθεῖν
916 4009 950 4072 είς
966 4010 1009 4063 τδν
1030 4010 1150 4083 πόλεμον.
1195 4011 1315 4064 δείκνυσιν
1329 4011 1369 4063 ὅτι
1380 4007 1471 4079 σχεδδν
1482 4005 1617 4064 ἐπιτάττειν
1637 4005 1738 4078 είχομεν
1754 4012 1791 4078 τῷ
1807 4005 1930 4082 Φιλέταπρ
1942 4013 1981 4064 ταί

371 4089 514 4162 Ἀνίμνησεν
528 4087 572 4146 ούν
588 4091 674 4155 αύτούς
686 4091 770 4153 ἐξόδου
782 4093 825 4156 τῆς
838 4089 926 4157 αύτῆς,
939 4083 992 4162 ένή
1008 4091 1153 4160 στρατεύσας
1193 4091 1284 4162 μόρους
1296 4090 1353 4161 παρ’
1368 4087 1442 4141 αύτού
1453 4087 1551 4141 λαθεῖν.
1590 4085 1696 4158 ίίαέγάρ
1715 4085 1780 4157 παρὰ
1798 4092 1849 4140 τῶν
1864 4091 1979 4160 πρότερον

368 4169 475 4242 θδήμος
485 4173 643 4243 κατώρθωσε.
679 4170 723 4223 Διδ
736 4169 777 4223 καλ
791 4168 860 4222 εἶπεν
883 4167 992 4240 ιεέγθιρ
1010 4170 1152 4242 θθ’ί]κομεν
1197 4169 1320 4240 ἀρξάντων
1340 4167 1492 4228 Μακεδονίας
1512 4166 1662 4238 ἐπράττομεν
1680 4167 1775 4236 φόρους.
1813 4163 1845 4218 Τί
1865 4187 1926 4222 ποτε
1939 4165 1979 4222 ού·

372 4272 384 4298 ο
400 4249 517 4305 Εύόοεύσι
541 4249 718 4322 βεόοηθηκότες
735 4271 764 4314 ν,
780 4247 865 4309 αύτούς
879 4247 1002 4319 έμραίνων
1020 4245 1085 4301 εἶναι
1099 4249 1154 4311 τούς
1198 4248 1277 4302 αἴτιον
1296 4249 1340 4301 τού
1355 4243 1388 4318 μή
1407 4248 1487 4300 πάντα
1500 4247 1635 4318 συμθήναις
1650 4243 1667 4312 θη
1683 4243 1788 4317 ῥᾳθυμία
1803 4249 1848 4312 τῆς
1870 4248 1978 4311 πόλεως,

368 4329 569 4398 στρατεύσαντας.
605 4329 696 4399 Τρίτον
711 4327 824 4396 τοιαύτης
847 4326 1013 4398 έμνημύνευσε
1028 4328 1110 4398 μάχης
1127 4329 1152 4383 έν
1196 4330 1229 4381 δι’
1243 4327 1273 4393 ἢν
1284 4327 1375 4396 ηύξήθη
1387 4326 1523 4388 Φίλιππος·
1536 4325 1578 4380 καλ
1590 4327 1689 4380 δίδωσιν
1702 4326 1731 4378 ού
1744 4323 1790 4392 τήν
1803 4327 1886 4396 τύχην
1903 4327 1979 4382 εῖτ-ων

368 4401 385 4478 ᾖ
406 4409 571 4478 κατώρθωσαν
593 4405 704 4478 ἀρθέντες
731 4407 816 4478 μόνον.
863 4405 990 4467 Δείσαντες
1007 4404 1055 4476 γὰρ
1074 4405 1152 4460 αὐτῶν
1194 4403 1262 4461 εῖναι
1281 4409 1325 4473 τῆς
1337 4403 1463 4458 Φιλίππου
1476 4405 1617 4476 δυνάμεως,
1633 4403 1699 4456 ἀλλά
1712 4403 1768 4466 τούς
1785 4401 1979 4471 'malm-d

368 4482 414 4550 τήν
430 4485 518 4558 ίροδον
539 4485 646 4553 Θηύαῖοι
661 4488 706 4552 τῆς
720 4487 806 4556 Ἰχώρας
824 4483 1016 4555 ἀπηλλάγησαν,
1058 4483 1152 4540 (λλπούν
1196 4485 1245 4558 γάρ
1256 4480 1347 4552 ηύξήθη
1363 4483 1403 4536 διά
1417 4484 1532 4550 τούτους,
1548 4484 1588 4538 ἐπὶ
1600 4484 1694 4547 τούτοις
1703 4479 1758 4538 ἐστλ
1767 4481 1814 4536 ααλ
1830 4483 1862 4540 τ“ο
1877 4485 1978 4540 καταλύ-

368 4566 414 4620 κάν
437 4569 479 4620 νύν
506 4565 640 4636 ἐξέλθωμεν
662 4565 747 4636 μόνον,
770 4563 818 4635 οθχ
839 4563 1000 4631 ύποοτήσεται
1019 4559 1151 4626 Φίλιππος.
1197 4585 1238 4620 σαι
1252 4563 1393 4636 τὴνρώμην
1407 4567 1450 4630 τῆς
1462 4563 1621 4624 Μακεδονίας.
1636 4561 1713 4616 ΗΠδ,

368 4644 490 4717 Τέταρτον
501 4645 559 4716 πρδς
573 4645 668 4706 τούτοις
680 4645 857 4715 συναρίθμησιν
868 4641 941 4696 αύτδν
954 4645 1007 4705 τοῖς
1017 4643 1073 4695 τότε
1085 4661 1155 4714 στρα-
1236 4661 1277 4710 ιι,
1294 4655 1336 4712 17.
1356 4643 1460 4711 Πύδνα]
1472 4642 1501 4696 τδ
1513 4645 1556 4694 νύν
1570 4641 1664 4712 Πέτρος.
1677 4639 1730 4696 131³.

368 4723 481 4790 τεύσιισι,
498 4729 615 4794 τεχνικῶς
630 4723 722 4794 σρόδρα
733 4722 765 4776 τδ
778 4720 917 4786 ’ἀξιόπιστον
933 4719 1012 4794 έαυτῷ
1025 4721 1153 4792 προσκτώ·
1233 4718 1368 4791 Ποτίδαια]
1382 4719 1398 4788 ἡ
1414 4725 1457 4774 νύν
1471 4719 1580 4792 Βέρροια.
1595 4719 1648 4776 BP.

370 4819 450 4872 μενος.
493 4797 523 4852 ‘0
545 4800 594 4872 γὰρ
619 4797 783 4872 Ἀριστοτέλης
802 4799 862 4872 ρησλ
878 4799 930 4854 δεῖν
951 4800 994 4854 τδν
1015 4799 1153 4872 σύμθουλον
1234 4819 1277 4868 τι,
1296 4805 1337 4858 ιθ.
1357 4795 1634 4873 Πολιορκούμενα]ύπδ
1645 4793 1780 4854 Φιλίππου.
1796 4797 1828 4852 P.

371 4877 436 4930 ούτω
449 4879 623 4950 αομθοολεύειν
635 4879 668 4942 ὡς
682 4877 767 4932 έαυτδν
782 4879 907 4952 μέλλοντα
918 4881 1045 4934 κοινωνεῖν
1062 4879 1155 4942 τούτοις
1236 4895 1278 4946 ιτ,
1293 4897 1337 4936 20.
1356 4879 1411 4933 Ἐνὶ
1424 4885 1459 4952 τῷ
1471 4879 1578 4952 πρώτῳ]
1593 4877 1674 4950 ὥσπερ
1694 4877 1840 4932 ἀντιπῖπτον
1854 4877 1928 4942 λύει,
1939 4877 1977 4930 θντ

370 4952 406 5026 ἀρ’
420 4955 457 5018 οίς
470 4959 577 5011 ποιεῖται
595 4955 640 5024 τήν
654 4957 806 5030 συμθουλήν.
843 4957 943 5021 Τούτοις
962 4957 1010 5032 γάρ
1029 4959 1154 5013 πείθονται
1198 4957 1232 5032 μή
1245 4959 1301 5032 εῖπη
1318 4959 1335 5012 ό
1350 4957 1487 5026 Ἀθηναῖος·
1502 4957 1604 5020 καὶπῶς
1624 4955 1752 5027 ἠδυνάμην
1767 4953 1977 5024 τοσούτοιςένιεζι

371 5033 469 5102 μᾶλλον
491 5037 530 5097 ούς
552 5037 581 5088 δν
604 5037 692 5108 δρῶσιν
715 5037 826 5110 ἑτοίμους
845 5037 917 5101 ὄντας
937 5040 1097 5110 συμμετέχειν
1117 5035 1153 5092 ὧν
1198 5027 1263 5114 αύτῷ
1283 5040 1417 5111 βοηθήσεις
1439 5037 1524 5110 έπάγει
1538 5039 1574 5100 ώς
1588 5037 1642 5101 δτι,
1665 5035 1686 5090 εἰ
1703 5035 1740 5089 ένὶ
1761 5037 1978 5108 μόνηιτῷτηιόιυι
2049 5063 2050 5068 =

370 5109 543 5182 συμύουλεύειν
556 5113 687 5186 έγνώκασι.
702 5117 734 5170 Π.
1198 5119 1327 5192 προθύμως
1359 5114 1524 5186 έθοηθήσατε,
1551 5115 1595 5170 ούκ
1624 5117 1655 5169 ἀν
1682 5117 1726 5170 τού
1751 5115 1867 5186 δευτέρου
1892 5113 1975 5187 ξριτσ.

408 5204 451 5253 τι,
469 5205 511 5244 ιι.
528 5191 643 5262 Παρῆσαν
661 5193 856 5266 Ἀμφιπολιτῶν]
874 5193 939 5246 Ἀλλ’
954 5193 1056 5265 έπαχθές
1069 5190 1110 5260 ἦν,
1132 5191 1155 5250 ὦ
1198 5198 1322 5250 BETCV.

369 5269 536 5356 μημύσθινις,
560 5269 666 5344 ύπόγυον
684 5275 711 5328 ίκ
729 5275 875 5346 στρατηγίας
893 5273 996 5339 ήκοντας
1018 5273 1051 5334 εἰς
1072 5276 1153 5346 ἕτερον
1240 5292 1281 5339 τι,
1296 5276 1339 5329 σθ.
1360 5271 1431 5326 mk
1447 5270 1587 5346 μέλλοντα]
1602 5271 1697 5344 ’Ὥσπερ
1710 5269 1847 5344 ύπογράρει
1861 5273 1903 5326 καὶ
1914 5289 1976 5344 w
