4158 6114
852 451 1099 512 FRAGMENTA.

182 585 293 646 αὐλαίαν
305 587 409 653 καλεῖν,
425 584 564 664 Ὑπερίδου
586 584 700 650 εἰπόντας
719 587 745 643 ἐν
759 586 797 661 τῷ
811 587 877 642 κατὰ
892 583 952 643 Πα-
997 591 1049 660 κγ’.
1069 583 1201 660 Νεμέας
1225 581 1374 660 αὐλητρίδος
1400 582 1554 657 μνημονεύει
1579 582 1719 662 Ὑπερίδης
1745 590 1769 645 έν

180 675 324 753 τροκλέους·
337 699 349 726 ν
361 676 384 732 ol
396 671 423 730 δέ
437 671 510 731 ἐννέα
524 672 645 749 ἄρχοντες
654 673 786 728 εἱστιῶντο
798 671 823 727 έν
837 675 954 750 τῇσταᾷ,
997 673 1035 747 τῷ
1047 667 1115 726 κατδι
1132 667 1326 746 Πατροκλέους,
1347 671 1369 726 εί
1383 669 1496 746 γνήσιος.
1511 668 1546 727 ‘0
1561 669 1587 726 δέ
1602 669 1727 745 Πολέμων
1744 676 1771 731 έν

181 759 401 840 περιφραξάμενοί
412 783 436 815 τι
451 757 527 836 μέρος
539 759 618 828 αὐτῆς
629 755 735 834 αὐλαίᾳ.
753 783 765 808 ν

222 849 335 906 Cosmns
351 847 542 920 lndopleustes
561 864 591 919 p.
623 845 732 919 197,E
752 845 798 903 ed.
815 843 954 902 hinniet:

182 927 244 992 ’tin
259 932 369 998 αὐλαίας
388 933 464 990 καλεῖ
481 929 526 995 τὰς
537 929 667 1008 κορτένας.
680 928 771 996 Ούτως
786 928 814 987 δέ
834 930 956 988 καλοῦσιν

184 1017 264 1084 αὐτδς
284 1016 329 1074 καί
352 1018 375 1075 οί
398 1013 489 1083 έξωθεν
511 1014 639 1086 Ἀττικοί,
667 1015 783 1093 λέγοντες
806 1013 914 1073 αὐλαίαν
928 1012 958 1070 τὸ

185 1103 252 1179 μέγα
270 1102 315 1160 καὶ
329 1100 445 1160 ποικίλαν
463 1100 669 1178 παραπέτασμα.
683 1100 823 1180 Ὑπερίδης
836 1104 851 1158 ὁ
872 1099 958 1179 ῥήτωρ

185 1191 211 1246 έν
227 1193 263 1265 τῷ
273 1186 339 1246 κατὰ
355 1185 537 1266 Πατροκλέους
549 1185 629 1266 λύγῳ·
644 1213 656 1238 ι
670 1189 693 1246 οἱ
708 1186 735 1245 δέ
750 1186 823 1245 ίννέα
837 1185 959 1263 ἄρχοντες

186 1276 318 1333 εἱστιῶντο
331 1276 402 1352 έντῆ
416 1279 480 1352 στοᾷ
492 1318 501 1349 ,
515 1271 673 1352 φραξάμενοί
688 1295 713 1330 τι
728 1271 804 1351 μέρος
818 1274 897 1342 αὐτῆς
911 1272 959 1328 αὐ-

185 1361 259 1418 λαία.
274 1387 287 1412 s

226 1421 313 1506 heht.
327 1449 381 1505 Αα.
398 1464 427 1520 p.
444 1445 510 1515 463,
527 1453 561 1513 si
584 1457 613 1502 et
633 1446 681 1514 ³3,
706 1465 748 1516 7:
771 1442 909 1502 Αὐλαία·
930 1441 960 1500 τδ

187 1537 233 1604 τῆς
256 1536 352 1603 σκηνῆς
366 1529 572 1609 παραπέτασμα.
592 1529 728 1609 Κέχρηται
744 1529 771 1590 δέ
792 1531 863 1609 αὐτῷ
879 1528 960 1588 Ὑπε-

188 1619 273 1700 ρείδης
283 1622 310 1678 έν
323 1621 361 1698 τῷ
370 1617 439 1676 κατὰ
452 1616 641 1696 Πατροκλέους.
656 1621 697 1680 Cf.
711 1619 821 1677 Suidtts.

545 1732 608 1784 ¹77·

229 1809 328 1864 Pollux
344 1807 399 1876 ΠΙ,
412 1825 446 1877 αρ
467 1825 473 1861 :
487 1806 585 1864 Τοῦτον
601 1805 627 1862 δέ
645 1807 701 1886 (se.
718 1805 867 1880 vitricum)
885 1805 963 1863 Ὑπε-

190 1893 260 1971 ρίδης
279 1891 460 1970 Πατροκλέους
477 1890 521 1950 έπί
540 1891 706 1970 προαγωγείρ
730 1895 882 1969 κατηγορῶν
906 1913 963 1966 μη-

189 1980 305 2052 τρυιὸν
321 1979 449 2055 κέκληκε,
471 1978 517 2036 καί
531 1977 689 2054 Θεόπομπος
706 1983 720 2037 δ
740 1977 854 2056 κωμικὸς
867 1979 894 2035 έν
917 1979 961 2035 El·

190 2065 268 2145 νύν·

547 2172 558 2208 ι
583 2151 609 2208 8.

249 2259 437 2329 Ηονραατοεία
466 2273 474 2314 :
502 2171 667 2315 Πάύνιον·
700 2255 840 2334 Ὑπερίδης
869 2259 895 2315 ἔν
926 2257 964 2332 τῷ

191 2341 260 2398 κατὰ
274 2339 472 2418 Πατροκλέους,
494 2341 516 2398 εί
538 2343 652 2419 γνήσιος.
670 2342 858 2422 Ἀπολλόδωρος
882 2344 909 2400 έν
927 2345 964 2420 τῷ

191 2421 250 2506 περί
265 2429 372 2504 έταιρῶν
386 2417 457 2504 Αἶγα
472 2427 592 2506 λέγεσθαί
602 2451 666 2509 φησι
679 2429 777 2502 ταύτην
791 2431 837 2500 τὴν
860 2427 964 2507 ἑταίραν

192 2512 235 2571 διδ
249 2514 278 2572 τὸ
287 2515 443 2574 Θάλλοντδν
452 2515 569 2586 κάπηλον
582 2525 751 2595 καταφαγεῖν·
761 2516 800 2575 ὅτι
814 2515 864 2596 γδρ
878 2518 965 2595 θαλλῷ

192 2599 327 2678 χαίρουσιν
340 2602 367 2658 αί
381 2591 469 2678 αἶγες,
483 2603 528 2659 καί
547 2603 682 2682 Σοφοκλῆς
704 2603 829 2679 Ποιμέσιν
888 2601 966 2660 Ἐστι

194 2688 221 2745 δέ
237 2689 314 2758 αὐτῆς
329 2685 420 2764 μνήμη
434 2687 479 2744 καί
492 2689 517 2744 έν
531 2691 564 2766 τῇ
586 2689 721 2768 καιμιρδίφ.
739 2689 889 2767 Ἀντιφάνης
905 2687 933 2746 δέ
953 2693 966 2746 ὁ

194 2772 315 2854 νεώτερος
329 2775 355 2832 έν
368 2775 406 2852 τῷ
425 2772 486 2852 περί
499 2776 607 2850 έταιρῶν
623 2773 669 2846 τῆν
684 2774 793 2834 hirede
807 2797 870 2853 φησι
891 2777 967 2850 Πρα-

194 2859 297 2930 σκήνιον
318 2859 521 2936 ἐπονομάζεσθαι
535 2859 619 2919 διὰτὸ
633 2861 723 2929 ίξωθεν
734 2865 817 2920 δακεῖν
833 2864 967 2940 εὐμορφο-

192 2945 269 3024 τέραν
280 2936 357 3011 εἶναι.

233 3036 383 3092 Athenaeus
397 3035 479 3104 XIII,
496 3053 526 3110 p.
539 3035 606 3106 587,
620 3038 644 3091 Α
659 3055 665 3090 :
682 3031 795 3093 Ναννίου
808 3032 834 3092 δέ
848 3031 968 3112 Ὑπερεί-

195 3120 240 3192 δης
257 3119 410 3196 μνημονεύει
420 3123 446 3178 έν
457 3121 494 3199 τῷ
508 3121 575 3178 κατὰ
590 3119 779 3200 Πατροκλέους.

550 3245 614 3298 ¹79·

237 3321 425 3395 Harpocratio
452 3339 458 3374 ε
483 3317 611 3394 Νεμέας
637 3317 815 3396 Χαράδρα.
846 3305 976 3396 Αίσχίνης

195 3406 254 3484 περὶ
265 3411 310 3475 τῆς
323 3403 472 3484 πρεσύείας.
484 3403 563 3464 Οὕτω
573 3403 650 3469 τόπος
662 3427 700 3470 τις
712 3405 829 3462 ἐκαλεῖτο
843 3406 869 3461 ἐν
887 3407 970 3463 Πελο·

196 3491 325 3572 ποννήσῳ·
343 3493 475 3562 ιπλησίον
487 3495 533 3562 τῆς
543 3491 647 3568 Νεμέας
655 3491 789 3570 χαράδρας
803 3488 935 3570 »Ἔφορος
945 3493 971 3550 έν

519 3641 522 3648 “
557 3660 609 3706 ιιι.

227 3732 359 3794 tiyperides
383 3733 408 3782 in
424 3746 458 3781 or.
479 3745 528 3795 qun
548 3733 682 3782 Patroclem
707 3731 815 3781 lenocinii
833 3731 927 3780 incuset
946 3735 972 3781 et

196 3802 365 3866 Theopompus
387 3803 493 3854 corninus
506 3803 530 3851 in
551 3805 610 3851 Pure
624 3803 736 3851 vitricum
756 3801 865 3865 μητρυιάν
876 3804 969 3850 νοσειιε.

560 3889 612 3936 178.

228 3965 370 4014 Nunnium.
390 3963 523 4024 Hyperides
542 3963 567 4012 in
585 3977 621 4011 or.
637 3963 720 4011 contre
742 3962 892 4022 Prtrooiem,
913 3964 933 4011 si
951 3965 971 4012 ei

198 4031 323 4081 trihnends
332 4041 386 4082 εει.
399 4033 555 4094 Apollodorus
568 4032 628 4081 libro
638 4033 673 4080 De
684 4032 773 4082 Soortis
785 4033 845 4080 hune
862 4033 972 4081 meretri·

196 4115 249 4150 oem
259 4103 335 4164 Αἶγα,
348 4115 464 4165 capram,
478 4101 567 4150 distem
579 4103 652 4150 luisse
667 4107 797 4161 memorat,
814 4101 878 4162 qnod
895 4103 972 4150 Thalli

198 4172 311 4232 cauponis
321 4171 384 4220 hom
396 4170 556 4220 absumsissst.
571 4171 667 4220 scillcet
681 4183 759 4230 ooproe
770 4171 846 4232 θαλλῷ
861 4169 911 4217 sire
924 4175 973 4218 ter·

200 4241 297 4288 mitihns
310 4242 369 4290 olem
383 4241 543 4298 delectentur,
561 4246 587 4289 ut
603 4241 640 4290 vel
656 4240 784 4301 Sophocles
800 4240 822 4286 in
838 4239 975 4290 pastoribus

198 4311 259 4359 eit...
281 4309 367 4358 Nannii
382 4310 407 4358 in
418 4309 536 4358 oomoedis
554 4323 650 4371 qnoque
671 4309 760 4356 mentio
777 4307 811 4357 ht.
828 4309 975 4368 Antiphanes

201 4379 346 4439 rerojnnior
363 4378 387 4427 ln
405 4391 477 4440 opere
500 4381 535 4428 tte
556 4379 734 4434 meretrieihns,
754 4377 873 4426 Nonninm
893 4379 975 4428 scribit

202 4447 354 4495 t’roseenium
364 4448 533 4508 cognominari,
541 4447 605 4508 quod
611 4448 759 4497 extrinsecus
767 4449 859 4495 tautum
873 4447 976 4496 formose

200 4529 251 4564 esse
268 4515 395 4566 rideretur.

562 4597 613 4642 179.

232 4673 325 4733 Νεμέας
337 4671 456 4734 Χαράδρα.
478 4669 599 4720 dinehlnes
614 4674 648 4719 De
669 4669 726 4718 tntsn
737 4671 852 4731 legatione
867 4670 894 4732 (ς
908 4671 974 4734 tua).

202 4745 244 4790 tint
264 4743 328 4789 toene
343 4739 366 4789 in
384 4741 545 4801 Peloponneso
566 4753 572 4786 :
595 4757 608 4782 ν
627 4741 721 4788 ilemeoe
747 4740 817 4788 inesse
833 4741 940 4800 vicinus,
964 4761 975 4784 ι

200 4811 235 4858 sit
248 4809 369 4871 Ephorus,
394 4809 455 4858 libro
474 4821 543 4857 κνιιι.
569 4811 663 4858 Nemeto
685 4809 694 4867 (
701 4809 851 4869 tremendis)
871 4809 976 4858 tihieinm

202 4879 310 4927 meminit
332 4878 464 4940 Hyperides
478 4880 503 4927 in
517 4883 577 4926 orat.
592 4881 674 4927 eontra
694 4879 839 4939 Patroclon,
856 4878 877 4926 si
894 4883 975 4927 tamen

202 4960 230 4997 es
243 4948 345 5009 legitima
362 4948 400 4995 sit.
414 4948 526 4996 Polemon
542 4947 636 4996 veroin
657 4947 693 4996 his
706 4959 761 5009 qum
778 4949 808 4995 do
829 4947 974 4998 Athenarum

201 5029 256 5064 erce
268 5017 406 5078 τετίματαί,
417 5018 514 5078 exponit
523 5015 659 5076 decretum,
670 5030 719 5078 quo
733 5017 977 5074 mrehnturttthenis,

202 5099 233 5134 no
253 5099 336 5148 servo,
363 5085 487 5147 libertina,
510 5087 621 5135 meretrix
639 5087 676 5136 vet
703 5085 800 5134 tibicina
819 5099 905 5134 nomen
927 5087 978 5136 testi

201 5156 385 5219 quinquenmiis
403 5155 484 5206 terret.
495 5158 565 5206 tieote
573 5155 644 5219 igitur
656 5168 748 5218 qnoerss
760 5155 802 5218 qui
818 5155 870 5206 tneo
883 5155 978 5206 tibicine

999 763 1052 821 τοῖς
1062 754 1121 832 περί
1135 760 1182 826 τῆς
1204 755 1369 832 ἀκροπολεως
1391 755 1560 833 παρατίθεται
1578 756 1700 836 ψήφισμα
1715 759 1772 816 καθ’

1000 840 1014 898 δ
1039 841 1164 920 ἀπείρητο
1190 841 1326 912 Ἀθήνησιν
1347 841 1427 917 ὄνομα
1449 843 1629 922 πεντετηρίδος
1658 845 1772 903 τίθεσθαι

1001 927 1078 1005 δούλη
1099 927 1117 998 ἢ
1139 927 1297 1008 ἀπελευθέρα
1316 927 1462 1006 ῆπύρνῃῆ
1483 931 1627 1008 αὐλητρίδι·
1647 931 1716 1000 άξιον
1730 926 1773 990 οὐν

1001 1019 1132 1094 ἀπορῆσαι
1145 1019 1200 1082 πῶς
1214 1018 1294 1082 οὕτως
1307 1016 1453 1089 ὠνομάζετο
1468 1020 1484 1085 ἡ
1495 1017 1627 1096 αὐλητρίς.

1041 1105 1189 1160 Athenaeus
1202 1103 1286 1173 XIII,
1298 1123 1330 1178 p.
1343 1101 1411 1174 587,
1424 1102 1466 1161 C:
1480 1103 1534 1160 Καί
1546 1104 1678 1178 Νεμεάδος
1693 1104 1719 1162 δέ
1729 1109 1774 1175 τῆς

1003 1186 1157 1266 αὐλητρίδος
1178 1185 1332 1266 Ὑπερείδης
1358 1186 1514 1263 μνημονεύει
1536 1191 1561 1245 έν
1576 1193 1613 1267 τῷ
1633 1188 1700 1248 κατύ
1717 1193 1775 1250 Πα-

1002 1273 1147 1354 τροκλέους.

1357 1364 1421 1420 τδα.

1044 1461 1233 1534 Ηατροανεεία
1248 1479 1255 1514 τ
1268 1456 1447 1532 Πάνδημος
1462 1457 1648 1536 Ἀφροδίτη·
1665 1459 1776 1538 Ὑπερί-

1005 1545 1051 1614 δης
1065 1547 1091 1602 έν
1102 1547 1140 1622 τῷ
1152 1543 1220 1601 κατά
1231 1542 1428 1622 Πατροκλέους,
1447 1547 1469 1602 εί
1485 1543 1597 1620 γνήσιος.
1614 1544 1778 1605 Ἀπολλόδω-

1007 1652 1046 1708 ρος
1060 1632 1086 1688 έν
1097 1633 1135 1708 τῷ
1145 1630 1204 1708 περὶ
1213 1633 1277 1688 θεῶν
1287 1630 1423 1706 πάνδημόν
1433 1653 1510 1709 φησιν
1521 1631 1641 1702 Ἀθήνησι
1651 1636 1779 1704 κληθῆναι

1005 1715 1053 1788 τὴν
1068 1717 1250 1795 ὐφιδρυθεῑσαν
1263 1715 1322 1793 περί
1334 1715 1381 1787 τὴν
1401 1717 1513 1796 ἀρχαίαν
1528 1719 1624 1796 άγορδιν
1635 1719 1677 1776 διδι
1690 1722 1720 1780 τὸ
1734 1725 1777 1779 έν-

1005 1807 1088 1861 ταύθα
1109 1801 1194 1861 πάντα
1209 1801 1259 1860 τὸν
1283 1803 1364 1877 δῆμον
1388 1803 1543 1880 συνάγεσθαι
1564 1803 1594 1860 τὸ
1619 1807 1730 1863 παλαιὸν
1751 1810 1778 1865 έν

1006 1895 1062 1954 ταῖς
1077 1889 1243 1962 έκκλησίαις,
1257 1887 1287 1956 ἃς
1301 1891 1408 1949 ἐκάλουν
1431 1889 1536 1970 ἀγοράς.
1553 1891 1697 1970 Νίκανδρος
1711 1894 1737 1949 έν
1753 1895 1779 1958 ς’

1010 1977 1216 2052 Κολοφωνιακῶν
1231 1975 1339 2035 Σόλωνά
1350 1999 1413 2056 φησι
1429 1975 1539 2052 σώματα
1555 1977 1720 2054 ἀγοράσαντα
1735 1982 1779 2038 εὐ-

1007 2067 1094 2140 πρεπῆ
1110 2062 1151 2120 tri
1162 2061 1256 2140 στέγης
1280 2067 1375 2133 στῆσαι
1391 2062 1433 2121 διὰ
1447 2061 1603 2135 relictione,
1621 2065 1666 2121 καὶ
1688 2067 1716 2122 ἐκ
1727 2071 1779 2126 τῶν

1007 2149 1210 2228 περιγενομένων
1221 2150 1366 2227 χρημάτων
1380 2141 1535 2228 ίδρύαασθαι
1551 2150 1700 2230 Ἀφροδίτης
1713 2177 1779 2210 παν-

1008 2239 1092 2312 δῆμον
1105 2236 1183 2316 ἱερόν.
1197 2235 1276 2296 Ἐστι
1286 2236 1312 2294 δέ
1327 2236 1463 2312 πάνδημον
1476 2237 1626 2315 πάγκοινον.

1365 2343 1426 2399 181.

1048 2447 1236 2519 Harpocratio
1251 2464 1277 2500 ν.
1294 2441 1460 2520 παράθοστον
1471 2465 1498 2518 p.
1517 2446 1612 2520 146,6
1627 2443 1782 2503 εἘκαλεῖτο

1009 2529 1038 2588 δέ
1048 2553 1086 2596 τις
1099 2533 1125 2589 έν
1139 2540 1191 2596 τοῖς
1203 2533 1337 2610 νυμφικοῖς
1354 2529 1491 2604 δαιμονίοις
1505 2530 1550 2590 καί
1564 2533 1661 2602 κλίνη
1674 2555 1739 2610 παρ
1748 2533 1784 2588 ά-

1010 2609 1188 2687 6υστος,ιῆς
1203 2617 1333 2692 μέμνηται
1343 2615 1484 2694 Ὑπερίδης
1499 2620 1524 2676 έν
1547 2619 1584 2695 τῷ
1598 2617 1666 2674 κατὰ
1679 2620 1785 2696 Πατρα-

1010 2704 1108 2769 κλέους.
1125 2703 1184 2782 (ci.
1201 2707 1366 2780 Antiphoni.
1383 2707 1418 2761 fr.
1443 2705 1507 2780 43.)
1531 2707 1631 2761 Pollux
1654 2709 1709 2780 ΙΙΙ,
1728 2707 1784 2774 433

1012 2791 1065 2851 Καί
1077 2789 1108 2862 δὴ
1132 2789 1177 2848 καί
1197 2789 1273 2860 κλίνη
1284 2813 1323 2854 τις
1336 2789 1486 2865 ὠνομάζετο
1499 2789 1600 2868 γαμική
1612 2835 1621 2864 ,
1645 2791 1690 2850 καί
1709 2792 1785 2869 ἑτέρα

1010 2875 1190 2956 παράύυατος,
1208 2876 1225 2948 ῆ
1241 2877 1285 2934 καὶ
1305 2874 1371 2946 αὐτὴ
1391 2875 1548 2956 στρώννυται
1562 2881 1588 2936 έν
1603 2883 1641 2958 τῷ
1661 2879 1786 2958 δωματίῳ

1012 2963 1100 3044 «ὐπέρ
1114 2967 1158 3022 τοῦ
1179 2961 1225 3035 τὴν
1240 2964 1323 3021 παῖδα
1343 2962 1379 3039 μὴ
1396 2966 1546 3040 ἀθυμῆσαι,
1564 2991 1576 3016 ν
1597 2967 1632 3030 ὠς
1646 2963 1787 3046 Ὑπερίδης

1012 3051 1071 3130 έφη.

1380 3139 1443 3196 ιῦα.

1054 3236 1241 3310 Ηενρααιαεέο
1262 3253 1268 3290 :
1293 3231 1532 3310 dropiarutov.
1549 3233 1689 3310 Ὑπερίδης
1708 3238 1734 3292 έν
1752 3238 1788 3310 τῷ

1014 3319 1082 3378 κατδ
1103 3319 1292 3398 Πατροκλέους.
1316 3318 1379 3379 Ὅτι
1401 3319 1431 3378 τὸ
1451 3318 1585 3393 Ἀθήνησιν
1612 3321 1789 3400 Φορόαντιίον

1014 3406 1153 3482 ὠνομάσθη
1171 3405 1223 3464 αἰπύ
1247 3405 1399 3485 Φόρύαντος
1426 3407 1625 3483 βασιλεύσαντος
1647 3409 1789 3487 Ιίαυρῆτων

1016 3495 1060 3551 καὶ
1080 3492 1124 3552 ὐπ’
1145 3493 1288 3572 Ἐρεχθέως
1305 3494 1498 3571 ἀναιρεθέντος,
1511 3497 1654 3566 δεδήλωκεν
1676 3496 1789 3575 Ἄνδρων

1014 3656 1452 3706 demendiotsiuerit.—1Nemssdis
1469 3657 1571 3706 tibiciuro
1591 3660 1722 3722 Hyperides
1739 3675 1790 3710 me·

1014 3725 1082 3773 minit
1095 3725 1118 3772 ln
1131 3728 1191 3773 oret.
1204 3724 1259 3773 sdr.
1272 3727 1410 3776 turronem.

1377 3809 1428 3853 tto.

1046 3875 1167 3938 Πάνδημος
1187 3877 1312 3940 Ἆρροδίτη,
1330 3883 1410 3930 Venus
1429 3879 1574 3942 orrlyiuayn.
1587 3881 1787 3944 ttyperidenorst.

1015 3949 1097 3994 oontre
1111 3947 1259 4007 Pniroolem,
1273 3949 1292 3997 si
1305 3949 1376 3997 modo
1387 3951 1495 4009 genuina.
1514 3951 1671 4012 Apollodorus
1685 3953 1707 4000 in
1720 3967 1793 4014 opero

1018 4017 1051 4064 De
1069 4016 1115 4064 diis
1128 4015 1250 4078 Πάνδημον
1271 4019 1304 4066 sit
1323 4021 1463 4080 appetistsrn
1482 4021 1591 4077 dtlrsnis.
1607 4035 1661 4084 qnae
1682 4023 1792 4072 dediontn

1016 4089 1067 4133 eret
1079 4085 1109 4133 ud
1130 4085 1209 4135 iorum
1224 4089 1306 4146 vetus,
1325 4089 1390 4149 quod
1408 4089 1446 4137 hio
1464 4089 1522 4136 oiim
1545 4091 1647 4150 populus
1664 4093 1742 4140 omnis
1761 4093 1791 4141 nrl

1017 4155 1158 4212 ooncionoe,
1171 4169 1231 4216 quos
1246 4157 1297 4204 torn
1316 4157 1449 4218 roonhant,
1470 4161 1617 4208 conveniret.
1637 4161 1754 4210 Nicander
1767 4163 1791 4209 in

1016 4227 1084 4271 sexto
1099 4225 1330 4284 colophoninoorum
1341 4230 1425 4275 auctor
1442 4232 1494 4286 est,
1507 4229 1618 4277 Solonem
1634 4229 1665 4280 oh
1675 4228 1790 4288 iuvenum

1018 4293 1138 4341 libidinem
1150 4307 1231 4343 servus
1238 4295 1337 4356 egregius
1347 4297 1527 4357 iormmemptas
1539 4299 1562 4345 in
1570 4297 1628 4344 oeltn
1635 4298 1791 4358 prostituisse,

1018 4375 1045 4410 nc
1058 4363 1087 4411 ds
1101 4365 1204 4424 pecuniis
1217 4365 1315 4414 residuis
1331 4366 1442 4415 Pendenri
1454 4369 1553 4416 veneris
1569 4367 1648 4416 ionum
1661 4367 1790 4417 dedicasse.

1018 4434 1059 4481 mr
1071 4446 1127 4482 vero
1140 4434 1257 4496 πάνδημον
1268 4436 1380 4484 omnibns
1392 4449 1526 4484 rorrrmune.

1381 4517 1429 4561 itit.

1052 4588 1106 4633 Erat
1119 4587 1189 4634 etiarn
1211 4588 1286 4636 lectus
1300 4587 1396 4648 qnidam
1412 4589 1436 4636 in
1450 4589 1520 4637 domo
1534 4589 1632 4650 nnptinli
1649 4589 1793 4652 παράουστος

1020 4653 1165 4774 φργρρὲίρρριρὶ,
1181 4657 1251 4716 cny'ns
1265 4658 1408 4706 mentionem
1422 4659 1477 4706 ineit
1490 4658 1619 4719 liyprrides
1636 4665 1696 4708 orst.
1712 4665 1794 4708 mntra

1051 4794 1154 4851 Qnirlnrn
1172 4795 1246 4844 lentus
1257 4795 1385 4844 roonbntnr
1399 4796 1525 4858 nuptialis,
1538 4797 1599 4844 nlius
1613 4811 1669 4846 roro
1687 4799 1793 4859 παρέδυ·

1020 4881 1082 4924 στος,
1096 4865 1136 4924 nui
1150 4868 1174 4914 et
1191 4866 1240 4925 ipso
1256 4865 1280 4914 iu
1295 4866 1400 4914 thslmno
1416 4867 1539 4928 sternitur,
1556 4879 1585 4916 ne
1600 4869 1677 4928 puella
1688 4871 1794 4918 nnirnrnn

1020 4934 1179 4996 despondent,
1193 4939 1220 4982 nt
1233 4935 1362 4998 Hyperides
1371 4936 1457 4997 inquit.

1386 5017 1436 5060 182.

1052 5087 1214 5148 Φορθαντεῐον.
1228 5087 1360 5149 llyperides
1369 5087 1392 5134 in
1404 5089 1465 5135 orst.
1476 5092 1557 5136 oontro
1567 5089 1709 5139 Patroclum.
1723 5091 1794 5139 l‘hon

1024 5156 1135 5206 honteum
1150 5156 1247 5208 nitrenis
1258 5161 1419 5221 nuncupatum
1429 5157 1459 5208 de
1471 5159 1604 5210 tenerrime
1614 5163 1729 5212 coretum
1743 5176 1796 5222 rege

1712 463 1772 514 ιιι
1870 431 1877 442 ’
