<?xml version="1.0" encoding="UTF-8"?>
<!DOCTYPE html PUBLIC "-//W3C//DTD XHTML 1.0 Transitional//EN"
    "http://www.w3.org/TR/xhtml1/DTD/xhtml1-transitional.dtd">
<html xmlns="http://www.w3.org/1999/xhtml" xml:lang="en" lang="en">
 <head>
  <title>
</title>
<meta http-equiv="Content-Type" content="text/html;charset=utf-8" />
  <meta name='ocr-system' content='tesseract 3.04.00' />
  <meta name='ocr-capabilities' content='ocr_page ocr_carea ocr_par ocr_line ocrx_word'/>
</head>
<body>
  <div class='ocr_page' id='page_1' title='image "./oratoresatticia00unkngoog_0686.png"; bbox 0 0 3934 6350; ppageno 0'>
   <div class='ocr_carea' id='block_1_1' title="bbox 1095 240 1492 302">
    <p class='ocr_par' dir='ltr' id='par_1_1' title="bbox 1095 240 1492 302">
     <span class='ocr_line' id='line_1_1' title="bbox 1095 240 1492 302; baseline -0.005 0"><span class='ocrx_word' id='word_1_1' title='bbox 1095 243 1172 302; x_wconf 67' lang='lat' dir='ltr'>xxi.</span> <span class='ocrx_word' id='word_1_2' title='bbox 1197 240 1297 302; x_wconf 72' lang='grc' dir='ltr'>ίίλἸᾺ</span> <span class='ocrx_word' id='word_1_3' title='bbox 1323 243 1492 301; x_wconf 65' lang='lat' dir='ltr'>mmor.</span> 
     </span>
    </p>
   </div>
   <div class='ocr_carea' id='block_1_2' title="bbox 347 369 1644 4841">
    <p class='ocr_par' dir='ltr' id='par_1_2' title="bbox 347 369 1644 600">
     <span class='ocr_line' id='line_1_2' title="bbox 347 369 1644 446; baseline -0.003 -19"><span class='ocrx_word' id='word_1_4' title='bbox 347 397 349 408; x_wconf 73' lang='lat'>¹</span> <span class='ocrx_word' id='word_1_5' title='bbox 486 375 567 446; x_wconf 74' lang='grc' dir='ltr'>ῥήτωρ</span> <span class='ocrx_word' id='word_1_6' title='bbox 579 375 638 444; x_wconf 79' lang='grc' dir='ltr'>φησὶ</span> <span class='ocrx_word' id='word_1_7' title='bbox 655 373 803 444; x_wconf 85' lang='grc' dir='ltr'>βουλόμενος</span> <span class='ocrx_word' id='word_1_8' title='bbox 817 373 892 436; x_wconf 81' lang='grc' dir='ltr'>δείξαι</span> <span class='ocrx_word' id='word_1_9' title='bbox 905 376 942 426; x_wconf 80' lang='grc' dir='ltr'>ότι</span> <span class='ocrx_word' id='word_1_10' title='bbox 952 373 1041 444; x_wconf 75' lang='grc' dir='ltr'>Μειδία</span> <span class='ocrx_word' id='word_1_11' title='bbox 1055 373 1154 444; x_wconf 81' lang='grc' dir='ltr'>οδδεμία</span> <span class='ocrx_word' id='word_1_12' title='bbox 1165 369 1194 440; x_wconf 80' lang='grc' dir='ltr'>ῆν</span> <span class='ocrx_word' id='word_1_13' title='bbox 1209 375 1267 442; x_wconf 88' lang='grc' dir='ltr'>πρό·</span> <span class='ocrx_word' id='word_1_14' title='bbox 1351 373 1418 436; x_wconf 78' lang='grc' dir='ltr'>5ήυ,</span> <span class='ocrx_word' id='word_1_15' title='bbox 1441 388 1481 424; x_wconf 74' lang='grc' dir='ltr'>τε.</span> <span class='ocrx_word' id='word_1_16' title='bbox 1502 370 1553 438; x_wconf 83' lang='grc' dir='ltr'>Τήν</span> <span class='ocrx_word' id='word_1_17' title='bbox 1574 393 1585 443; x_wconf 86' lang='grc' dir='ltr'>μ</span> <span class='ocrx_word' id='word_1_18' title='bbox 1643 375 1644 422; x_wconf 69' lang='grc' dir='ltr'>ί</span> 
     </span>
     <span class='ocr_line' id='line_1_3' title="bbox 486 447 1644 522; baseline 0.001 -18"><span class='ocrx_word' id='word_1_19' title='bbox 486 471 556 522; x_wconf 73' lang='grc' dir='ltr'>φασνς</span> <span class='ocrx_word' id='word_1_20' title='bbox 571 455 614 504; x_wconf 83' lang='grc' dir='ltr'>τοῦ</span> <span class='ocrx_word' id='word_1_21' title='bbox 633 447 667 521; x_wconf 76' lang='grc' dir='ltr'>μή</span> <span class='ocrx_word' id='word_1_22' title='bbox 687 450 838 516; x_wconf 82' lang='grc' dir='ltr'>ἀπαντῆσαι,</span> <span class='ocrx_word' id='word_1_23' title='bbox 860 451 891 502; x_wconf 85' lang='grc' dir='ltr'>δι’</span> <span class='ocrx_word' id='word_1_24' title='bbox 910 448 946 504; x_wconf 82' lang='grc' dir='ltr'>ὧν</span> <span class='ocrx_word' id='word_1_25' title='bbox 965 453 1103 518; x_wconf 68' lang='grc' dir='ltr'>συνίστησιν</span> <span class='ocrx_word' id='word_1_26' title='bbox 1118 453 1156 504; x_wconf 79' lang='grc' dir='ltr'>ότι</span> <span class='ocrx_word' id='word_1_27' title='bbox 1173 452 1270 512; x_wconf 89' lang='grc' dir='ltr'>δικαίως</span> <span class='ocrx_word' id='word_1_28' title='bbox 1316 450 1391 512; x_wconf 81' lang='grc' dir='ltr'>Ἔθος</span> <span class='ocrx_word' id='word_1_29' title='bbox 1405 448 1434 517; x_wconf 78' lang='grc' dir='ltr'>ἦν</span> <span class='ocrx_word' id='word_1_30' title='bbox 1450 451 1505 513; x_wconf 82' lang='grc' dir='ltr'>τοθς</span> <span class='ocrx_word' id='word_1_31' title='bbox 1522 457 1585 504; x_wconf 80' lang='grc' dir='ltr'>κατα</span> <span class='ocrx_word' id='word_1_32' title='bbox 1643 472 1644 498; x_wconf 70' lang='lat'>1</span> 
     </span>
     <span class='ocr_line' id='line_1_4' title="bbox 489 529 1644 600; baseline 0 -18"><span class='ocrx_word' id='word_1_33' title='bbox 489 531 563 583; x_wconf 66' lang='grc' dir='ltr'>αὐτοῦ</span> <span class='ocrx_word' id='word_1_34' title='bbox 577 531 751 600; x_wconf 75' lang='grc' dir='ltr'>κατεδιῄτησεν</span> <span class='ocrx_word' id='word_1_35' title='bbox 765 529 779 581; x_wconf 93' lang='grc' dir='ltr'>ό</span> <span class='ocrx_word' id='word_1_36' title='bbox 793 530 916 599; x_wconf 81' lang='grc' dir='ltr'>Στράτων.</span> <span class='ocrx_word' id='word_1_37' title='bbox 1169 565 1171 568; x_wconf 94' lang='grc'>-</span> <span class='ocrx_word' id='word_1_38' title='bbox 1315 531 1424 594; x_wconf 79' lang='grc' dir='ltr'>κεῖσθαι,</span> <span class='ocrx_word' id='word_1_39' title='bbox 1439 529 1582 600; x_wconf 72' lang='grc' dir='ltr'>ἀντιλαχεῖν</span> <span class='ocrx_word' id='word_1_40' title='bbox 1643 569 1644 572; x_wconf 23' lang='lat'>¹</span> 
     </span>
    </p>

    <p class='ocr_par' dir='ltr' id='par_1_3' title="bbox 487 607 1644 1153">
     <span class='ocr_line' id='line_1_5' title="bbox 525 607 1644 680; baseline 0 -20"><span class='ocrx_word' id='word_1_41' title='bbox 525 609 585 672; x_wconf 72' lang='grc'>541,</span> <span class='ocrx_word' id='word_1_42' title='bbox 600 613 645 670; x_wconf 76' lang='grc' dir='ltr'>τίς.</span> <span class='ocrx_word' id='word_1_43' title='bbox 661 607 790 678; x_wconf 86' lang='grc' dir='ltr'>Ἐπισχτῖν</span> <span class='ocrx_word' id='word_1_44' title='bbox 803 607 883 662; x_wconf 80' lang='grc' dir='ltr'>έδεῖτό</span> <span class='ocrx_word' id='word_1_45' title='bbox 895 609 956 680; x_wconf 86' lang='grc' dir='ltr'>μου]</span> <span class='ocrx_word' id='word_1_46' title='bbox 970 607 1024 678; x_wconf 83' lang='grc' dir='ltr'>Οθχ</span> <span class='ocrx_word' id='word_1_47' title='bbox 1033 608 1047 660; x_wconf 93' lang='grc' dir='ltr'>ό</span> <span class='ocrx_word' id='word_1_48' title='bbox 1056 609 1169 672; x_wconf 82' lang='grc' dir='ltr'>λίτιδίσς,</span> <span class='ocrx_word' id='word_1_49' title='bbox 1183 608 1211 662; x_wconf 84' lang='grc' dir='ltr'>οδ</span> <span class='ocrx_word' id='word_1_50' title='bbox 1221 608 1269 678; x_wconf 82' lang='grc' dir='ltr'>γὰρ</span> <span class='ocrx_word' id='word_1_51' title='bbox 1315 609 1371 661; x_wconf 89' lang='grc' dir='ltr'>σθαι</span> <span class='ocrx_word' id='word_1_52' title='bbox 1384 607 1428 674; x_wconf 88' lang='grc' dir='ltr'>τήν</span> <span class='ocrx_word' id='word_1_53' title='bbox 1444 609 1521 679; x_wconf 82' lang='grc' dir='ltr'>κρίσιν</span> <span class='ocrx_word' id='word_1_54' title='bbox 1540 610 1581 662; x_wconf 79' lang='grc' dir='ltr'>καὶ</span> <span class='ocrx_word' id='word_1_55' title='bbox 1643 631 1644 660; x_wconf 73' lang='lat'>1</span> 
     </span>
     <span class='ocr_line' id='line_1_6' title="bbox 488 685 1644 758; baseline 0.002 -20"><span class='ocrx_word' id='word_1_56' title='bbox 488 691 578 757; x_wconf 84' lang='grc' dir='ltr'>παρῆν,</span> <span class='ocrx_word' id='word_1_57' title='bbox 589 685 646 738; x_wconf 88' lang='grc' dir='ltr'>ἀλλ’</span> <span class='ocrx_word' id='word_1_58' title='bbox 659 686 806 757; x_wconf 87' lang='grc' dir='ltr'>όΣτράτων,</span> <span class='ocrx_word' id='word_1_59' title='bbox 820 688 936 754; x_wconf 88' lang='grc' dir='ltr'>δηλονότι</span> <span class='ocrx_word' id='word_1_60' title='bbox 944 688 1036 756; x_wconf 83' lang='grc' dir='ltr'>λέγων,</span> <span class='ocrx_word' id='word_1_61' title='bbox 1055 709 1065 736; x_wconf 82' lang='grc' dir='ltr'>ι</span> <span class='ocrx_word' id='word_1_62' title='bbox 1079 687 1138 749; x_wconf 86' lang='grc' dir='ltr'>ἴσως</span> <span class='ocrx_word' id='word_1_63' title='bbox 1148 687 1198 753; x_wconf 84' lang='grc' dir='ltr'>ἥξει</span> <span class='ocrx_word' id='word_1_64' title='bbox 1209 687 1269 758; x_wconf 73' lang='grc' dir='ltr'>μετὰ</span> <span class='ocrx_word' id='word_1_65' title='bbox 1314 688 1344 740; x_wconf 81' lang='grc' dir='ltr'>Οἱ</span> <span class='ocrx_word' id='word_1_66' title='bbox 1358 688 1383 742; x_wconf 79' lang='grc' dir='ltr'>δέ</span> <span class='ocrx_word' id='word_1_67' title='bbox 1395 693 1467 742; x_wconf 75' lang='grc' dir='ltr'>τοῦτο</span> <span class='ocrx_word' id='word_1_68' title='bbox 1486 693 1588 742; x_wconf 68' lang='grc' dir='ltr'>ποιοῦντι</span> <span class='ocrx_word' id='word_1_69' title='bbox 1643 709 1644 740; x_wconf 71' lang='grc' dir='ltr'>ι</span> 
     </span>
     <span class='ocr_line' id='line_1_7' title="bbox 492 764 1644 840; baseline 0.002 -26"><span class='ocrx_word' id='word_1_70' title='bbox 492 789 503 814; x_wconf 76' lang='grc' dir='ltr'>ι</span> <span class='ocrx_word' id='word_1_71' title='bbox 518 767 618 836; x_wconf 82' lang='grc' dir='ltr'>μικρὸν,</span> <span class='ocrx_word' id='word_1_72' title='bbox 635 764 668 836; x_wconf 85' lang='grc' dir='ltr'>μή</span> <span class='ocrx_word' id='word_1_73' title='bbox 682 768 784 830; x_wconf 78' lang='grc' dir='ltr'>σπεῦδε,</span> <span class='ocrx_word' id='word_1_74' title='bbox 799 765 831 836; x_wconf 85' lang='grc' dir='ltr'>μὴ</span> <span class='ocrx_word' id='word_1_75' title='bbox 841 765 936 837; x_wconf 82' lang='grc' dir='ltr'>ἀθάμιι·</span> <span class='ocrx_word' id='word_1_76' title='bbox 954 767 1018 819; x_wconf 75' lang='grc' dir='ltr'>τίνα</span> <span class='ocrx_word' id='word_1_77' title='bbox 1030 767 1093 840; x_wconf 84' lang='grc' dir='ltr'>λόσῃ</span> <span class='ocrx_word' id='word_1_78' title='bbox 1103 765 1147 832; x_wconf 87' lang='grc' dir='ltr'>τήν</span> <span class='ocrx_word' id='word_1_79' title='bbox 1160 766 1270 820; x_wconf 83' lang='grc' dir='ltr'>ίναντίαν</span> <span class='ocrx_word' id='word_1_80' title='bbox 1315 765 1447 835; x_wconf 83' lang='grc' dir='ltr'>ἀληθείαις.</span> <span class='ocrx_word' id='word_1_81' title='bbox 1464 766 1589 836; x_wconf 83' lang='grc' dir='ltr'>’λντέλαχε</span> <span class='ocrx_word' id='word_1_82' title='bbox 1643 797 1644 816; x_wconf 60' lang='grc' dir='ltr'>τ</span> 
     </span>
     <span class='ocr_line' id='line_1_8' title="bbox 488 845 1589 916; baseline 0.001 -20"><span class='ocrx_word' id='word_1_83' title='bbox 488 845 577 908; x_wconf 84' lang='grc' dir='ltr'>δόξαν,</span> <span class='ocrx_word' id='word_1_84' title='bbox 593 847 623 910; x_wconf 86' lang='grc' dir='ltr'>ἣν</span> <span class='ocrx_word' id='word_1_85' title='bbox 638 845 776 916; x_wconf 78' lang='grc' dir='ltr'>θπίσπειρεν</span> <span class='ocrx_word' id='word_1_86' title='bbox 794 845 808 897; x_wconf 97' lang='lat'>6</span> <span class='ocrx_word' id='word_1_87' title='bbox 827 845 928 908; x_wconf 75' lang='grc' dir='ltr'>Μειδίας</span> <span class='ocrx_word' id='word_1_88' title='bbox 941 847 996 916; x_wconf 87' lang='grc' dir='ltr'>περί</span> <span class='ocrx_word' id='word_1_89' title='bbox 1009 850 1052 898; x_wconf 82' lang='grc' dir='ltr'>τοῦ</span> <span class='ocrx_word' id='word_1_90' title='bbox 1070 845 1226 916; x_wconf 85' lang='grc' dir='ltr'>Στράτωνος,</span> <span class='ocrx_word' id='word_1_91' title='bbox 1239 847 1285 912; x_wconf 47' lang='grc' dir='ltr'>ῶς,</span> <span class='ocrx_word' id='word_1_92' title='bbox 1316 845 1363 916; x_wconf 82' lang='grc' dir='ltr'>μὴν</span> <span class='ocrx_word' id='word_1_93' title='bbox 1377 847 1491 916; x_wconf 82' lang='grc' dir='ltr'>ὤμοσεν,</span> <span class='ocrx_word' id='word_1_94' title='bbox 1514 846 1589 900; x_wconf 88' lang='grc' dir='ltr'>ίιπόνο</span> 
     </span>
     <span class='ocr_line' id='line_1_9' title="bbox 488 922 1644 995; baseline -0.002 -19"><span class='ocrx_word' id='word_1_95' title='bbox 488 923 554 976; x_wconf 75' lang='grc' dir='ltr'>ἔστιν</span> <span class='ocrx_word' id='word_1_96' title='bbox 565 922 652 993; x_wconf 88' lang='grc' dir='ltr'>έχθρδς</span> <span class='ocrx_word' id='word_1_97' title='bbox 669 923 757 987; x_wconf 79' lang='grc' dir='ltr'>αιἐτοθ,</span> <span class='ocrx_word' id='word_1_98' title='bbox 774 924 879 976; x_wconf 88' lang='grc' dir='ltr'>δείκνυσι</span> <span class='ocrx_word' id='word_1_99' title='bbox 896 925 938 976; x_wconf 85' lang='grc' dir='ltr'>καί</span> <span class='ocrx_word' id='word_1_100' title='bbox 954 924 1011 994; x_wconf 81' lang='grc' dir='ltr'>όπέρ</span> <span class='ocrx_word' id='word_1_101' title='bbox 1022 924 1125 976; x_wconf 80' lang='grc' dir='ltr'>δίειδίου</span> <span class='ocrx_word' id='word_1_102' title='bbox 1134 925 1270 994; x_wconf 90' lang='grc' dir='ltr'>πράττοντα</span> <span class='ocrx_word' id='word_1_103' title='bbox 1315 925 1347 986; x_wconf 82' lang='grc' dir='ltr'>ίος</span> <span class='ocrx_word' id='word_1_104' title='bbox 1367 923 1410 976; x_wconf 85' lang='grc' dir='ltr'>οθκ</span> <span class='ocrx_word' id='word_1_105' title='bbox 1431 923 1590 995; x_wconf 83' lang='grc' dir='ltr'>ίπεξέρχεται.</span> <span class='ocrx_word' id='word_1_106' title='bbox 1643 951 1644 974; x_wconf 71' lang='grc' dir='ltr'>ι</span> 
     </span>
     <span class='ocr_line' id='line_1_10' title="bbox 488 1001 1644 1072; baseline -0.003 -18"><span class='ocrx_word' id='word_1_107' title='bbox 488 1003 531 1055; x_wconf 77' lang='grc' dir='ltr'>τὸν</span> <span class='ocrx_word' id='word_1_108' title='bbox 553 1002 694 1072; x_wconf 80' lang='grc' dir='ltr'>Στράτωνα.</span> <span class='ocrx_word' id='word_1_109' title='bbox 744 1001 905 1072; x_wconf 80' lang='grc' dir='ltr'>Βραδόνοντος</span> <span class='ocrx_word' id='word_1_110' title='bbox 931 1001 978 1072; x_wconf 79' lang='grc' dir='ltr'>γὰρ</span> <span class='ocrx_word' id='word_1_111' title='bbox 993 1001 1067 1056; x_wconf 75' lang='grc' dir='ltr'>αὐτοῦ</span> <span class='ocrx_word' id='word_1_112' title='bbox 1086 1002 1216 1072; x_wconf 77' lang='grc' dir='ltr'>παρεκάλει</span> <span class='ocrx_word' id='word_1_113' title='bbox 1241 1022 1270 1072; x_wconf 89' lang='grc' dir='ltr'>με</span> <span class='ocrx_word' id='word_1_114' title='bbox 1315 1002 1592 1072; x_wconf 76' lang='grc' dir='ltr'>ίπεξελθεῖν,οδκῶμοι</span> <span class='ocrx_word' id='word_1_115' title='bbox 1643 1043 1644 1062; x_wconf 83' lang='grc'>,</span> 
     </span>
     <span class='ocr_line' id='line_1_11' title="bbox 487 1069 1644 1153; baseline -0.003 -19"><span class='ocrx_word' id='word_1_116' title='bbox 487 1082 545 1142; x_wconf 86' lang='grc' dir='ltr'>τέως</span> <span class='ocrx_word' id='word_1_117' title='bbox 559 1080 685 1149; x_wconf 81' lang='grc' dir='ltr'>ίπισχεῖν,</span> <span class='ocrx_word' id='word_1_118' title='bbox 701 1079 915 1151; x_wconf 85' lang='grc' dir='ltr'>ίπσγγελλόμενος</span> <span class='ocrx_word' id='word_1_119' title='bbox 927 1083 965 1134; x_wconf 83' lang='grc' dir='ltr'>ότι</span> <span class='ocrx_word' id='word_1_120' title='bbox 980 1079 1037 1142; x_wconf 82' lang='grc' dir='ltr'>ἴσως</span> <span class='ocrx_word' id='word_1_121' title='bbox 1052 1079 1184 1133; x_wconf 79' lang='grc' dir='ltr'>έλεόσεται.</span> <span class='ocrx_word' id='word_1_122' title='bbox 1315 1084 1399 1153; x_wconf 79' lang='grc' dir='ltr'>τειίνρῳ</span> <span class='ocrx_word' id='word_1_123' title='bbox 1412 1069 1464 1136; x_wconf 73' lang='grc' dir='ltr'>ἐστὶ</span> <span class='ocrx_word' id='word_1_124' title='bbox 1475 1081 1505 1134; x_wconf 81' lang='grc' dir='ltr'>τίι</span> <span class='ocrx_word' id='word_1_125' title='bbox 1520 1083 1562 1146; x_wconf 86' lang='grc' dir='ltr'>τῆς</span> <span class='ocrx_word' id='word_1_126' title='bbox 1582 1082 1592 1132; x_wconf 86' lang='grc' dir='ltr'>δ</span> <span class='ocrx_word' id='word_1_127' title='bbox 1643 1103 1644 1141; x_wconf 62' lang='grc' dir='ltr'>γ</span> 
     </span>
    </p>

    <p class='ocr_par' dir='ltr' id='par_1_4' title="bbox 488 1157 1644 1464">
     <span class='ocr_line' id='line_1_12' title="bbox 524 1157 1593 1230; baseline -0.001 -19"><span class='ocrx_word' id='word_1_128' title='bbox 524 1159 586 1223; x_wconf 71' lang='grc'>541,</span> <span class='ocrx_word' id='word_1_129' title='bbox 601 1159 645 1212; x_wconf 80' lang='grc' dir='ltr'>υ5.</span> <span class='ocrx_word' id='word_1_130' title='bbox 662 1157 765 1212; x_wconf 80' lang='grc' dir='ltr'>Ἔπειτα</span> <span class='ocrx_word' id='word_1_131' title='bbox 777 1157 809 1221; x_wconf 90' lang='grc' dir='ltr'>είς</span> <span class='ocrx_word' id='word_1_132' title='bbox 820 1157 865 1224; x_wconf 78' lang='grc' dir='ltr'>τήν</span> <span class='ocrx_word' id='word_1_133' title='bbox 876 1159 1192 1230; x_wconf 79' lang='grc' dir='ltr'>θστεραίανάναόαλέσθαι]</span> <span class='ocrx_word' id='word_1_134' title='bbox 1203 1159 1268 1226; x_wconf 75' lang='grc' dir='ltr'>’ίίδη</span> <span class='ocrx_word' id='word_1_135' title='bbox 1315 1159 1353 1211; x_wconf 85' lang='grc' dir='ltr'>διδ</span> <span class='ocrx_word' id='word_1_136' title='bbox 1371 1160 1413 1212; x_wconf 82' lang='grc' dir='ltr'>καί</span> <span class='ocrx_word' id='word_1_137' title='bbox 1427 1159 1494 1229; x_wconf 85' lang='grc' dir='ltr'>λέγει</span> <span class='ocrx_word' id='word_1_138' title='bbox 1517 1181 1527 1206; x_wconf 82' lang='grc'>1</span> <span class='ocrx_word' id='word_1_139' title='bbox 1552 1179 1593 1229; x_wconf 90' lang='grc' dir='ltr'>κυρ</span> 
     </span>
     <span class='ocr_line' id='line_1_13' title="bbox 489 1235 1592 1308; baseline 0 -18"><span class='ocrx_word' id='word_1_140' title='bbox 489 1256 519 1308; x_wconf 85' lang='grc' dir='ltr'>με</span> <span class='ocrx_word' id='word_1_141' title='bbox 533 1237 574 1290; x_wconf 84' lang='grc' dir='ltr'>καί</span> <span class='ocrx_word' id='word_1_142' title='bbox 594 1236 639 1302; x_wconf 80' lang='grc' dir='ltr'>τήν</span> <span class='ocrx_word' id='word_1_143' title='bbox 658 1237 808 1308; x_wconf 82' lang='grc' dir='ltr'>προθεσμίαν</span> <span class='ocrx_word' id='word_1_144' title='bbox 832 1235 899 1304; x_wconf 87' lang='grc' dir='ltr'>ήξίου</span> <span class='ocrx_word' id='word_1_145' title='bbox 923 1237 1079 1308; x_wconf 83' lang='grc' dir='ltr'>παραθαίνειν</span> <span class='ocrx_word' id='word_1_146' title='bbox 1102 1236 1116 1288; x_wconf 92' lang='lat'>6</span> <span class='ocrx_word' id='word_1_147' title='bbox 1138 1237 1268 1308; x_wconf 75' lang='grc' dir='ltr'>Στράτων,</span> <span class='ocrx_word' id='word_1_148' title='bbox 1315 1236 1442 1308; x_wconf 81' lang='grc' dir='ltr'>ἀνώμοτος</span> <span class='ocrx_word' id='word_1_149' title='bbox 1466 1236 1592 1307; x_wconf 75' lang='grc' dir='ltr'>ἀπηνέχθη</span> 
     </span>
     <span class='ocr_line' id='line_1_14' title="bbox 488 1313 1410 1386; baseline 0 -20"><span class='ocrx_word' id='word_1_150' title='bbox 488 1317 586 1386; x_wconf 72' lang='grc' dir='ltr'>φάσκων</span> <span class='ocrx_word' id='word_1_151' title='bbox 601 1337 611 1364; x_wconf 83' lang='grc' dir='ltr'>ι</span> <span class='ocrx_word' id='word_1_152' title='bbox 629 1313 697 1368; x_wconf 83' lang='grc' dir='ltr'>οθδέν</span> <span class='ocrx_word' id='word_1_153' title='bbox 713 1313 739 1366; x_wconf 85' lang='grc' dir='ltr'>ίκ</span> <span class='ocrx_word' id='word_1_154' title='bbox 755 1318 810 1385; x_wconf 78' lang='grc' dir='ltr'>μιᾶς</span> <span class='ocrx_word' id='word_1_155' title='bbox 827 1314 916 1386; x_wconf 74' lang='grc' dir='ltr'>ἡμέρας</span> <span class='ocrx_word' id='word_1_156' title='bbox 926 1315 1055 1386; x_wconf 89' lang='grc' dir='ltr'>γενήσεται</span> <span class='ocrx_word' id='word_1_157' title='bbox 1067 1315 1172 1384; x_wconf 79' lang='grc' dir='ltr'>βλάάος,</span> <span class='ocrx_word' id='word_1_158' title='bbox 1187 1315 1267 1386; x_wconf 80' lang='grc' dir='ltr'>αὔριον</span> <span class='ocrx_word' id='word_1_159' title='bbox 1314 1333 1410 1386; x_wconf 89' lang='grc' dir='ltr'>χουσιν.</span> 
     </span>
     <span class='ocr_line' id='line_1_15' title="bbox 490 1391 1644 1464; baseline -0.002 -21"><span class='ocrx_word' id='word_1_160' title='bbox 490 1393 712 1464; x_wconf 75' lang='grc' dir='ltr'>ιάκουσόμεθα.»</span> <span class='ocrx_word' id='word_1_161' title='bbox 1351 1395 1419 1458; x_wconf 78' lang='grc' dir='ltr'>5ήα,</span> <span class='ocrx_word' id='word_1_162' title='bbox 1443 1393 1484 1445; x_wconf 87' lang='grc'>13.</span> <span class='ocrx_word' id='word_1_163' title='bbox 1509 1391 1575 1444; x_wconf 72' lang='grc' dir='ltr'>Ἀλλ’</span> <span class='ocrx_word' id='word_1_164' title='bbox 1643 1413 1644 1441; x_wconf 73' lang='lat'>1</span> 
     </span>
    </p>

    <p class='ocr_par' dir='ltr' id='par_1_5' title="bbox 488 1470 1644 1701">
     <span class='ocr_line' id='line_1_16' title="bbox 528 1470 1581 1544; baseline -0.001 -20"><span class='ocrx_word' id='word_1_165' title='bbox 528 1474 588 1538; x_wconf 83' lang='grc' dir='ltr'>5ή1,</span> <span class='ocrx_word' id='word_1_166' title='bbox 610 1477 653 1530; x_wconf 81' lang='grc'>116.</span> <span class='ocrx_word' id='word_1_167' title='bbox 676 1470 718 1534; x_wconf 81' lang='grc' dir='ltr'>Ὦς</span> <span class='ocrx_word' id='word_1_168' title='bbox 732 1471 783 1525; x_wconf 74' lang='grc' dir='ltr'>οὔτ’</span> <span class='ocrx_word' id='word_1_169' title='bbox 800 1471 850 1542; x_wconf 84' lang='grc' dir='ltr'>ίγίυ</span> <span class='ocrx_word' id='word_1_170' title='bbox 870 1473 1038 1544; x_wconf 76' lang='grc' dir='ltr'>συνεχώρουν]</span> <span class='ocrx_word' id='word_1_171' title='bbox 1061 1472 1270 1542; x_wconf 83' lang='grc' dir='ltr'>ίίολιορκοόμενον</span> <span class='ocrx_word' id='word_1_172' title='bbox 1316 1473 1444 1543; x_wconf 78' lang='grc' dir='ltr'>Σορίζεται</span> <span class='ocrx_word' id='word_1_173' title='bbox 1468 1470 1581 1524; x_wconf 73' lang='grc' dir='ltr'>ἐνταῦθα.</span> 
     </span>
     <span class='ocr_line' id='line_1_17' title="bbox 489 1549 1644 1622; baseline -0.003 -18"><span class='ocrx_word' id='word_1_174' title='bbox 489 1551 580 1621; x_wconf 85' lang='grc' dir='ltr'>είσάγει</span> <span class='ocrx_word' id='word_1_175' title='bbox 593 1553 746 1621; x_wconf 84' lang='grc' dir='ltr'>πανταχόθεν</span> <span class='ocrx_word' id='word_1_176' title='bbox 759 1549 801 1602; x_wconf 83' lang='grc' dir='ltr'>τδν</span> <span class='ocrx_word' id='word_1_177' title='bbox 814 1551 945 1620; x_wconf 85' lang='grc' dir='ltr'>Στράτωνα</span> <span class='ocrx_word' id='word_1_178' title='bbox 958 1551 1128 1622; x_wconf 86' lang='grc' dir='ltr'>Δημοσθίνης,</span> <span class='ocrx_word' id='word_1_179' title='bbox 1143 1549 1269 1604; x_wconf 78' lang='grc' dir='ltr'>ἀπειθοῦν·</span> <span class='ocrx_word' id='word_1_180' title='bbox 1315 1552 1369 1604; x_wconf 84' lang='grc' dir='ltr'>καθ’</span> <span class='ocrx_word' id='word_1_181' title='bbox 1385 1551 1471 1604; x_wconf 78' lang='grc' dir='ltr'>ίαυτοῦ</span> <span class='ocrx_word' id='word_1_182' title='bbox 1482 1551 1564 1620; x_wconf 80' lang='grc' dir='ltr'>κυρίαν</span> <span class='ocrx_word' id='word_1_183' title='bbox 1580 1569 1597 1604; x_wconf 83' lang='grc' dir='ltr'>τ</span> <span class='ocrx_word' id='word_1_184' title='bbox 1643 1556 1644 1600; x_wconf 68' lang='lat' dir='ltr'>i</span> 
     </span>
     <span class='ocr_line' id='line_1_18' title="bbox 488 1625 1644 1701; baseline -0.003 -17"><span class='ocrx_word' id='word_1_185' title='bbox 488 1649 528 1692; x_wconf 81' lang='grc' dir='ltr'>τος</span> <span class='ocrx_word' id='word_1_186' title='bbox 538 1630 648 1684; x_wconf 77' lang='grc' dir='ltr'>Μειδίου.</span> <span class='ocrx_word' id='word_1_187' title='bbox 686 1629 814 1700; x_wconf 86' lang='grc' dir='ltr'>Πρόδηλον</span> <span class='ocrx_word' id='word_1_188' title='bbox 826 1625 869 1682; x_wconf 82' lang='grc' dir='ltr'>οόν</span> <span class='ocrx_word' id='word_1_189' title='bbox 886 1632 925 1684; x_wconf 87' lang='grc' dir='ltr'>ότι</span> <span class='ocrx_word' id='word_1_190' title='bbox 940 1631 1006 1682; x_wconf 86' lang='grc' dir='ltr'>άκων</span> <span class='ocrx_word' id='word_1_191' title='bbox 1020 1629 1201 1701; x_wconf 82' lang='grc' dir='ltr'>κατεδιῄτησεν.</span> <span class='ocrx_word' id='word_1_192' title='bbox 1314 1631 1366 1692; x_wconf 89' lang='grc' dir='ltr'>δίας</span> <span class='ocrx_word' id='word_1_193' title='bbox 1379 1631 1417 1682; x_wconf 87' lang='grc' dir='ltr'>ότι</span> <span class='ocrx_word' id='word_1_194' title='bbox 1436 1627 1470 1700; x_wconf 85' lang='grc' dir='ltr'>μή</span> <span class='ocrx_word' id='word_1_195' title='bbox 1489 1628 1581 1698; x_wconf 77' lang='grc' dir='ltr'>ὀμόσας</span> <span class='ocrx_word' id='word_1_196' title='bbox 1643 1652 1644 1698; x_wconf 76' lang='grc' dir='ltr'>γ</span> 
     </span>
    </p>

    <p class='ocr_par' dir='ltr' id='par_1_6' title="bbox 486 1707 1644 1859">
     <span class='ocr_line' id='line_1_19' title="bbox 524 1707 1644 1780; baseline -0.004 -18"><span class='ocrx_word' id='word_1_197' title='bbox 524 1711 583 1773; x_wconf 73' lang='grc'>541,</span> <span class='ocrx_word' id='word_1_198' title='bbox 598 1724 642 1778; x_wconf 77' lang='lat'>27.</span> <span class='ocrx_word' id='word_1_199' title='bbox 657 1709 705 1776; x_wconf 88' lang='grc' dir='ltr'>Τῆς</span> <span class='ocrx_word' id='word_1_200' title='bbox 719 1709 746 1761; x_wconf 82' lang='grc' dir='ltr'>δέ</span> <span class='ocrx_word' id='word_1_201' title='bbox 758 1710 821 1779; x_wconf 86' lang='grc' dir='ltr'>ῶρας</span> <span class='ocrx_word' id='word_1_202' title='bbox 834 1708 965 1780; x_wconf 89' lang='grc' dir='ltr'>ίγίγνετο]</span> <span class='ocrx_word' id='word_1_203' title='bbox 983 1709 1111 1762; x_wconf 89' lang='grc' dir='ltr'>Τουτίστιν</span> <span class='ocrx_word' id='word_1_204' title='bbox 1122 1707 1270 1780; x_wconf 78' lang='grc' dir='ltr'>ήδικάσιμος</span> <span class='ocrx_word' id='word_1_205' title='bbox 1314 1709 1526 1779; x_wconf 74' lang='grc' dir='ltr'>καταγνωσθέντος</span> <span class='ocrx_word' id='word_1_206' title='bbox 1544 1707 1599 1760; x_wconf 78' lang='grc' dir='ltr'>δέαί</span> <span class='ocrx_word' id='word_1_207' title='bbox 1643 1716 1644 1758; x_wconf 63' lang='grc' dir='ltr'>ζ</span> 
     </span>
     <span class='ocr_line' id='line_1_20' title="bbox 486 1785 1644 1859; baseline 0 -19"><span class='ocrx_word' id='word_1_208' title='bbox 486 1789 539 1859; x_wconf 76' lang='grc' dir='ltr'>ιὐρα</span> <span class='ocrx_word' id='word_1_209' title='bbox 552 1794 601 1842; x_wconf 88' lang='grc' dir='ltr'>τῶν</span> <span class='ocrx_word' id='word_1_210' title='bbox 621 1790 750 1854; x_wconf 78' lang='grc' dir='ltr'>διαιτητῶν</span> <span class='ocrx_word' id='word_1_211' title='bbox 768 1787 940 1858; x_wconf 79' lang='grc' dir='ltr'>παρεληλύθει.</span> <span class='ocrx_word' id='word_1_212' title='bbox 1314 1792 1357 1856; x_wconf 89' lang='grc' dir='ltr'>τῆς</span> <span class='ocrx_word' id='word_1_213' title='bbox 1367 1789 1469 1856; x_wconf 89' lang='grc' dir='ltr'>διαίτης.</span> <span class='ocrx_word' id='word_1_214' title='bbox 1511 1785 1541 1839; x_wconf 80' lang='lat'>&#39;0</span> <span class='ocrx_word' id='word_1_215' title='bbox 1554 1788 1600 1856; x_wconf 77' lang='grc' dir='ltr'>δέη</span> <span class='ocrx_word' id='word_1_216' title='bbox 1643 1809 1644 1832; x_wconf 78' lang='grc' dir='ltr'>ι</span> 
     </span>
    </p>

    <p class='ocr_par' dir='ltr' id='par_1_7' title="bbox 488 1865 1644 2100">
     <span class='ocr_line' id='line_1_21' title="bbox 524 1865 1600 1943; baseline -0.007 -19"><span class='ocrx_word' id='word_1_217' title='bbox 524 1873 585 1935; x_wconf 68' lang='grc'>541,</span> <span class='ocrx_word' id='word_1_218' title='bbox 601 1875 645 1926; x_wconf 77' lang='grc' dir='ltr'>αθ.</span> <span class='ocrx_word' id='word_1_219' title='bbox 665 1870 843 1943; x_wconf 81' lang='grc' dir='ltr'>Κατεδιήτησε]</span> <span class='ocrx_word' id='word_1_220' title='bbox 860 1868 920 1941; x_wconf 83' lang='grc' dir='ltr'>μετά</span> <span class='ocrx_word' id='word_1_221' title='bbox 935 1871 1075 1940; x_wconf 85' lang='grc' dir='ltr'>δυσχερείας</span> <span class='ocrx_word' id='word_1_222' title='bbox 1089 1870 1268 1941; x_wconf 75' lang='grc' dir='ltr'>ἀναγνωστέον.</span> <span class='ocrx_word' id='word_1_223' title='bbox 1314 1865 1339 1920; x_wconf 90' lang='grc' dir='ltr'>ίν</span> <span class='ocrx_word' id='word_1_224' title='bbox 1352 1868 1431 1940; x_wconf 74' lang='grc' dir='ltr'>τούτῳ</span> <span class='ocrx_word' id='word_1_225' title='bbox 1444 1866 1600 1936; x_wconf 82' lang='grc' dir='ltr'>συνωμολόγι</span> 
     </span>
     <span class='ocr_line' id='line_1_22' title="bbox 488 1945 1644 2022; baseline -0.006 -20"><span class='ocrx_word' id='word_1_226' title='bbox 488 1951 523 2002; x_wconf 84' lang='grc' dir='ltr'>Οίι</span> <span class='ocrx_word' id='word_1_227' title='bbox 539 1950 588 2022; x_wconf 77' lang='grc' dir='ltr'>γάρ</span> <span class='ocrx_word' id='word_1_228' title='bbox 602 1949 669 2020; x_wconf 86' lang='grc' dir='ltr'>ίχων</span> <span class='ocrx_word' id='word_1_229' title='bbox 690 1951 744 2002; x_wconf 81' lang='grc' dir='ltr'>δτι</span> <span class='ocrx_word' id='word_1_230' title='bbox 768 1948 858 2022; x_wconf 87' lang='grc' dir='ltr'>ποιήσῃ</span> <span class='ocrx_word' id='word_1_231' title='bbox 875 1949 917 2002; x_wconf 85' lang='grc' dir='ltr'>καί</span> <span class='ocrx_word' id='word_1_232' title='bbox 935 1950 982 2002; x_wconf 69' lang='grc' dir='ltr'>ποτ’</span> <span class='ocrx_word' id='word_1_233' title='bbox 998 1950 1118 2018; x_wconf 86' lang='grc' dir='ltr'>τράπηται</span> <span class='ocrx_word' id='word_1_234' title='bbox 1139 1950 1181 2002; x_wconf 79' lang='grc' dir='ltr'>καὶ</span> <span class='ocrx_word' id='word_1_235' title='bbox 1203 1951 1269 2004; x_wconf 86' lang='grc' dir='ltr'>ἀκων</span> <span class='ocrx_word' id='word_1_236' title='bbox 1351 1947 1412 2010; x_wconf 79' lang='grc' dir='ltr'>θήυ.</span> <span class='ocrx_word' id='word_1_237' title='bbox 1429 1947 1458 1999; x_wconf 89' lang='grc'>15</span> <span class='ocrx_word' id='word_1_238' title='bbox 1487 1945 1600 2007; x_wconf 84' lang='grc' dir='ltr'>Φυλάξας</span> <span class='ocrx_word' id='word_1_239' title='bbox 1643 1963 1644 2009; x_wconf 66' lang='grc' dir='ltr'>γ</span> 
     </span>
     <span class='ocr_line' id='line_1_23' title="bbox 489 2024 1644 2100; baseline -0.006 -18"><span class='ocrx_word' id='word_1_240' title='bbox 489 2029 657 2100; x_wconf 82' lang='grc' dir='ltr'>κατεδιήτησε.</span> <span class='ocrx_word' id='word_1_241' title='bbox 1314 2024 1587 2084; x_wconf 79' lang='grc' dir='ltr'>τάκοινάδεοικοθντας</span> <span class='ocrx_word' id='word_1_242' title='bbox 1643 2025 1644 2074; x_wconf 67' lang='lat' dir='ltr'>i</span> 
     </span>
    </p>

    <p class='ocr_par' dir='ltr' id='par_1_8' title="bbox 488 2099 1644 2644">
     <span class='ocr_line' id='line_1_24' title="bbox 523 2099 1644 2176; baseline -0.009 -14"><span class='ocrx_word' id='word_1_243' title='bbox 523 2106 589 2173; x_wconf 76' lang='grc' dir='ltr'>Ἤδη</span> <span class='ocrx_word' id='word_1_244' title='bbox 601 2107 623 2158; x_wconf 84' lang='grc' dir='ltr'>δ’</span> <span class='ocrx_word' id='word_1_245' title='bbox 635 2105 734 2176; x_wconf 80' lang='grc' dir='ltr'>έσπίρας</span> <span class='ocrx_word' id='word_1_246' title='bbox 744 2103 818 2172; x_wconf 84' lang='grc' dir='ltr'>οόσης</span> <span class='ocrx_word' id='word_1_247' title='bbox 826 2103 1056 2176; x_wconf 77' lang='grc' dir='ltr'>καίσκότουςήθθχ</span> <span class='ocrx_word' id='word_1_248' title='bbox 1067 2103 1149 2166; x_wconf 75' lang='grc' dir='ltr'>άπλῶς</span> <span class='ocrx_word' id='word_1_249' title='bbox 1160 2104 1267 2176; x_wconf 82' lang='grc' dir='ltr'>έοπίρας,</span> <span class='ocrx_word' id='word_1_250' title='bbox 1316 2103 1389 2164; x_wconf 85' lang='grc' dir='ltr'>Ἔθσς</span> <span class='ocrx_word' id='word_1_251' title='bbox 1407 2101 1433 2156; x_wconf 63' lang='lat' dir='ltr'>a}</span> <span class='ocrx_word' id='word_1_252' title='bbox 1447 2099 1476 2169; x_wconf 86' lang='grc' dir='ltr'>ήν</span> <span class='ocrx_word' id='word_1_253' title='bbox 1489 2102 1514 2155; x_wconf 82' lang='grc' dir='ltr'>ἐν</span> <span class='ocrx_word' id='word_1_254' title='bbox 1530 2100 1603 2172; x_wconf 73' lang='grc' dir='ltr'>ἡμέρα</span> <span class='ocrx_word' id='word_1_255' title='bbox 1643 2101 1644 2168; x_wconf 74' lang='grc' dir='ltr'>ί</span> 
     </span>
     <span class='ocr_line' id='line_1_25' title="bbox 489 2177 1644 2254; baseline -0.004 -18"><span class='ocrx_word' id='word_1_256' title='bbox 489 2183 556 2237; x_wconf 78' lang='grc' dir='ltr'>ἀλλὰ</span> <span class='ocrx_word' id='word_1_257' title='bbox 569 2186 611 2238; x_wconf 78' lang='grc' dir='ltr'>καί</span> <span class='ocrx_word' id='word_1_258' title='bbox 622 2183 706 2245; x_wconf 81' lang='grc' dir='ltr'>νυκτός</span> <span class='ocrx_word' id='word_1_259' title='bbox 724 2182 865 2254; x_wconf 82' lang='grc' dir='ltr'>ἀρξαμάνης·</span> <span class='ocrx_word' id='word_1_260' title='bbox 882 2183 922 2235; x_wconf 77' lang='grc' dir='ltr'>διδ</span> <span class='ocrx_word' id='word_1_261' title='bbox 934 2187 1006 2236; x_wconf 75' lang='grc' dir='ltr'>τοῦτο</span> <span class='ocrx_word' id='word_1_262' title='bbox 1020 2183 1068 2254; x_wconf 80' lang='grc' dir='ltr'>γὰρ</span> <span class='ocrx_word' id='word_1_263' title='bbox 1084 2185 1113 2236; x_wconf 75' lang='grc' dir='ltr'>τό</span> <span class='ocrx_word' id='word_1_264' title='bbox 1128 2205 1138 2231; x_wconf 82' lang='grc' dir='ltr'>ι</span> <span class='ocrx_word' id='word_1_265' title='bbox 1155 2187 1241 2246; x_wconf 81' lang='grc' dir='ltr'>σκότος</span> <span class='ocrx_word' id='word_1_266' title='bbox 1256 2209 1266 2234; x_wconf 79' lang='grc' dir='ltr'>ι</span> <span class='ocrx_word' id='word_1_267' title='bbox 1314 2181 1369 2241; x_wconf 71' lang='grc' dir='ltr'>τους</span> <span class='ocrx_word' id='word_1_268' title='bbox 1382 2177 1521 2246; x_wconf 77' lang='grc' dir='ltr'>διαιτητάς,</span> <span class='ocrx_word' id='word_1_269' title='bbox 1535 2180 1578 2230; x_wconf 84' lang='grc' dir='ltr'>ἵνα</span> <span class='ocrx_word' id='word_1_270' title='bbox 1591 2197 1604 2231; x_wconf 90' lang='grc' dir='ltr'>τ</span> <span class='ocrx_word' id='word_1_271' title='bbox 1643 2180 1644 2246; x_wconf 48' lang='grc' dir='ltr'>ί</span> 
     </span>
     <span class='ocr_line' id='line_1_26' title="bbox 489 2257 1644 2332; baseline -0.006 -16"><span class='ocrx_word' id='word_1_272' title='bbox 489 2261 618 2332; x_wconf 81' lang='grc' dir='ltr'>ἀπήνεγκε.</span> <span class='ocrx_word' id='word_1_273' title='bbox 657 2259 847 2326; x_wconf 78' lang='grc' dir='ltr'>ίίακοήθειανδδ</span> <span class='ocrx_word' id='word_1_274' title='bbox 860 2263 995 2330; x_wconf 80' lang='grc' dir='ltr'>κατηγορεῖ</span> <span class='ocrx_word' id='word_1_275' title='bbox 1007 2265 1051 2312; x_wconf 81' lang='grc' dir='ltr'>τοῦ</span> <span class='ocrx_word' id='word_1_276' title='bbox 1062 2260 1173 2314; x_wconf 79' lang='grc' dir='ltr'>Μειδίου.</span> <span class='ocrx_word' id='word_1_277' title='bbox 1183 2261 1270 2313; x_wconf 84' lang='grc' dir='ltr'>Τοιαίι-</span> <span class='ocrx_word' id='word_1_278' title='bbox 1314 2259 1399 2331; x_wconf 84' lang='grc' dir='ltr'>ῆπρθς</span> <span class='ocrx_word' id='word_1_279' title='bbox 1407 2261 1479 2330; x_wconf 82' lang='grc' dir='ltr'>χάριν</span> <span class='ocrx_word' id='word_1_280' title='bbox 1493 2257 1605 2327; x_wconf 76' lang='grc' dir='ltr'>ήδίέχθ</span> <span class='ocrx_word' id='word_1_281' title='bbox 1643 2281 1644 2298; x_wconf 70' lang='grc' dir='ltr'>ι</span> 
     </span>
     <span class='ocr_line' id='line_1_27' title="bbox 489 2333 1644 2410; baseline -0.005 -18"><span class='ocrx_word' id='word_1_282' title='bbox 489 2357 534 2406; x_wconf 83' lang='grc' dir='ltr'>την</span> <span class='ocrx_word' id='word_1_283' title='bbox 552 2339 602 2410; x_wconf 75' lang='grc' dir='ltr'>γάρ</span> <span class='ocrx_word' id='word_1_284' title='bbox 619 2341 684 2409; x_wconf 83' lang='grc' dir='ltr'>ῶραν</span> <span class='ocrx_word' id='word_1_285' title='bbox 700 2337 854 2406; x_wconf 70' lang='grc' dir='ltr'>ἀπήντησεν,</span> <span class='ocrx_word' id='word_1_286' title='bbox 878 2337 904 2392; x_wconf 89' lang='grc' dir='ltr'>ίν</span> <span class='ocrx_word' id='word_1_287' title='bbox 923 2333 1032 2410; x_wconf 79' lang='grc' dir='ltr'>ήάδόκει</span> <span class='ocrx_word' id='word_1_288' title='bbox 1052 2337 1160 2392; x_wconf 80' lang='grc' dir='ltr'>ἀπαντᾶν</span> <span class='ocrx_word' id='word_1_289' title='bbox 1181 2338 1269 2410; x_wconf 77' lang='grc' dir='ltr'>καὶμὴ</span> <span class='ocrx_word' id='word_1_290' title='bbox 1313 2337 1467 2392; x_wconf 82' lang='grc' dir='ltr'>θπακοθσωσι</span> <span class='ocrx_word' id='word_1_291' title='bbox 1483 2337 1523 2390; x_wconf 87' lang='grc' dir='ltr'>καί</span> <span class='ocrx_word' id='word_1_292' title='bbox 1537 2335 1606 2406; x_wconf 79' lang='grc' dir='ltr'>ἀποκγ</span> <span class='ocrx_word' id='word_1_293' title='bbox 1643 2358 1644 2386; x_wconf 77' lang='grc' dir='ltr'>ι</span> 
     </span>
     <span class='ocr_line' id='line_1_28' title="bbox 489 2414 1644 2490; baseline -0.005 -20"><span class='ocrx_word' id='word_1_294' title='bbox 489 2417 612 2473; x_wconf 77' lang='grc' dir='ltr'>ἀπαντᾶν·</span> <span class='ocrx_word' id='word_1_295' title='bbox 630 2417 738 2472; x_wconf 78' lang='grc' dir='ltr'>ἀπαντᾶν</span> <span class='ocrx_word' id='word_1_296' title='bbox 754 2417 858 2489; x_wconf 82' lang='grc' dir='ltr'>μίν,ίν’</span> <span class='ocrx_word' id='word_1_297' title='bbox 873 2417 920 2490; x_wconf 85' lang='grc' dir='ltr'>ίχῃ</span> <span class='ocrx_word' id='word_1_298' title='bbox 932 2421 976 2471; x_wconf 80' lang='grc' dir='ltr'>τοῦ</span> <span class='ocrx_word' id='word_1_299' title='bbox 986 2419 1111 2484; x_wconf 77' lang='grc' dir='ltr'>διαιτητοῦ</span> <span class='ocrx_word' id='word_1_300' title='bbox 1123 2421 1270 2488; x_wconf 76' lang='grc' dir='ltr'>κατηγορεῖν</span> <span class='ocrx_word' id='word_1_301' title='bbox 1314 2421 1410 2488; x_wconf 84' lang='grc' dir='ltr'>πρῶτον</span> <span class='ocrx_word' id='word_1_302' title='bbox 1418 2414 1466 2470; x_wconf 78' lang='grc' dir='ltr'>ἀπό</span> <span class='ocrx_word' id='word_1_303' title='bbox 1478 2420 1526 2468; x_wconf 84' lang='grc' dir='ltr'>τῶν</span> <span class='ocrx_word' id='word_1_304' title='bbox 1539 2415 1606 2467; x_wconf 80' lang='grc' dir='ltr'>διαιτ</span> <span class='ocrx_word' id='word_1_305' title='bbox 1643 2422 1644 2464; x_wconf 77' lang='grc' dir='ltr'>ί</span> 
     </span>
     <span class='ocr_line' id='line_1_29' title="bbox 489 2491 1607 2566; baseline -0.004 -18"><span class='ocrx_word' id='word_1_306' title='bbox 489 2497 527 2548; x_wconf 87' lang='grc' dir='ltr'>ότι</span> <span class='ocrx_word' id='word_1_307' title='bbox 542 2493 724 2560; x_wconf 79' lang='grc' dir='ltr'>ἀπαντήσαντος</span> <span class='ocrx_word' id='word_1_308' title='bbox 746 2493 840 2565; x_wconf 85' lang='grc' dir='ltr'>ίρήμην</span> <span class='ocrx_word' id='word_1_309' title='bbox 858 2495 1034 2566; x_wconf 76' lang='grc' dir='ltr'>καττδιήτησε,</span> <span class='ocrx_word' id='word_1_310' title='bbox 1054 2493 1087 2564; x_wconf 86' lang='grc' dir='ltr'>μή</span> <span class='ocrx_word' id='word_1_311' title='bbox 1112 2493 1205 2548; x_wconf 77' lang='grc' dir='ltr'>ἀπατᾶν</span> <span class='ocrx_word' id='word_1_312' title='bbox 1226 2497 1268 2562; x_wconf 82' lang='grc' dir='ltr'>δέ,</span> <span class='ocrx_word' id='word_1_313' title='bbox 1313 2494 1353 2548; x_wconf 71' lang='grc' dir='ltr'>ὑπ’</span> <span class='ocrx_word' id='word_1_314' title='bbox 1365 2493 1443 2548; x_wconf 80' lang='grc' dir='ltr'>αθτῶν</span> <span class='ocrx_word' id='word_1_315' title='bbox 1455 2491 1607 2564; x_wconf 85' lang='grc' dir='ltr'>διοικοόμενα</span> 
     </span>
     <span class='ocr_line' id='line_1_30' title="bbox 488 2566 1644 2644; baseline -0.003 -20"><span class='ocrx_word' id='word_1_316' title='bbox 488 2573 530 2625; x_wconf 81' lang='grc' dir='ltr'>’ίνα</span> <span class='ocrx_word' id='word_1_317' title='bbox 545 2570 579 2644; x_wconf 82' lang='grc' dir='ltr'>μὴ</span> <span class='ocrx_word' id='word_1_318' title='bbox 593 2572 739 2626; x_wconf 79' lang='grc' dir='ltr'>καταλαδίυν</span> <span class='ocrx_word' id='word_1_319' title='bbox 755 2571 797 2642; x_wconf 81' lang='grc' dir='ltr'>ίμί</span> <span class='ocrx_word' id='word_1_320' title='bbox 813 2571 941 2642; x_wconf 79' lang='grc' dir='ltr'>προδήλως</span> <span class='ocrx_word' id='word_1_321' title='bbox 953 2572 1058 2643; x_wconf 77' lang='grc' dir='ltr'>ηττηθῆ.</span> <span class='ocrx_word' id='word_1_322' title='bbox 1314 2571 1515 2642; x_wconf 82' lang='grc' dir='ltr'>ίκάστηνρυλήν.</span> <span class='ocrx_word' id='word_1_323' title='bbox 1553 2566 1608 2622; x_wconf 70' lang='grc' dir='ltr'>(λόει</span> <span class='ocrx_word' id='word_1_324' title='bbox 1643 2572 1644 2620; x_wconf 79' lang='grc' dir='ltr'>ί</span> 
     </span>
    </p>

    <p class='ocr_par' dir='ltr' id='par_1_9' title="bbox 488 2645 1644 3114">
     <span class='ocr_line' id='line_1_31' title="bbox 526 2645 1644 2730; baseline -0.003 -26"><span class='ocrx_word' id='word_1_325' title='bbox 526 2652 591 2716; x_wconf 78' lang='grc' dir='ltr'>5ήα,</span> <span class='ocrx_word' id='word_1_326' title='bbox 607 2667 632 2706; x_wconf 77' lang='grc' dir='ltr'>κ.</span> <span class='ocrx_word' id='word_1_327' title='bbox 656 2650 761 2720; x_wconf 83' lang='grc' dir='ltr'>Πρδςτδ</span> <span class='ocrx_word' id='word_1_328' title='bbox 779 2657 828 2704; x_wconf 87' lang='grc' dir='ltr'>τῶν</span> <span class='ocrx_word' id='word_1_329' title='bbox 843 2649 971 2722; x_wconf 79' lang='grc' dir='ltr'>ἀρχόντων</span> <span class='ocrx_word' id='word_1_330' title='bbox 987 2649 1094 2721; x_wconf 77' lang='grc' dir='ltr'>οίκημα]</span> <span class='ocrx_word' id='word_1_331' title='bbox 1113 2649 1193 2705; x_wconf 83' lang='grc' dir='ltr'>Ὅπου</span> <span class='ocrx_word' id='word_1_332' title='bbox 1213 2652 1271 2704; x_wconf 84' lang='grc' dir='ltr'>συλ-</span> <span class='ocrx_word' id='word_1_333' title='bbox 1314 2651 1439 2730; x_wconf 79' lang='grc' dir='ltr'>ίδίδοσαν,</span> <span class='ocrx_word' id='word_1_334' title='bbox 1457 2645 1527 2717; x_wconf 83' lang='grc' dir='ltr'>δςήν</span> <span class='ocrx_word' id='word_1_335' title='bbox 1541 2649 1609 2702; x_wconf 84' lang='grc' dir='ltr'>ίνδίκ</span> <span class='ocrx_word' id='word_1_336' title='bbox 1643 2669 1644 2701; x_wconf 75' lang='lat'>1</span> 
     </span>
     <span class='ocr_line' id='line_1_32' title="bbox 490 2724 1610 2801; baseline -0.002 -19"><span class='ocrx_word' id='word_1_337' title='bbox 490 2729 605 2801; x_wconf 88' lang='grc' dir='ltr'>λέγονται</span> <span class='ocrx_word' id='word_1_338' title='bbox 630 2727 654 2780; x_wconf 88' lang='grc' dir='ltr'>οί</span> <span class='ocrx_word' id='word_1_339' title='bbox 673 2729 807 2799; x_wconf 84' lang='grc' dir='ltr'>άρχοντες,</span> <span class='ocrx_word' id='word_1_340' title='bbox 822 2729 881 2792; x_wconf 84' lang='grc' dir='ltr'>ίνα,</span> <span class='ocrx_word' id='word_1_341' title='bbox 902 2729 926 2781; x_wconf 90' lang='grc' dir='ltr'>εί</span> <span class='ocrx_word' id='word_1_342' title='bbox 944 2747 979 2790; x_wconf 89' lang='grc' dir='ltr'>τις</span> <span class='ocrx_word' id='word_1_343' title='bbox 995 2729 1074 2782; x_wconf 86' lang='grc' dir='ltr'>δίοιτο</span> <span class='ocrx_word' id='word_1_344' title='bbox 1090 2727 1187 2793; x_wconf 73' lang='grc' dir='ltr'>αλτῶν,</span> <span class='ocrx_word' id='word_1_345' title='bbox 1207 2729 1269 2800; x_wconf 82' lang='grc' dir='ltr'>εὓρί·</span> <span class='ocrx_word' id='word_1_346' title='bbox 1314 2724 1358 2781; x_wconf 82' lang='grc' dir='ltr'>οόν</span> <span class='ocrx_word' id='word_1_347' title='bbox 1373 2729 1513 2800; x_wconf 72' lang='grc' dir='ltr'>κακούργως</span> <span class='ocrx_word' id='word_1_348' title='bbox 1533 2727 1610 2798; x_wconf 82' lang='grc' dir='ltr'>έρίλα</span> 
     </span>
     <span class='ocr_line' id='line_1_33' title="bbox 489 2805 1610 2879; baseline -0.002 -18"><span class='ocrx_word' id='word_1_349' title='bbox 489 2826 603 2861; x_wconf 81' lang='grc' dir='ltr'>σεωνται·</span> <span class='ocrx_word' id='word_1_350' title='bbox 627 2806 677 2860; x_wconf 75' lang='grc' dir='ltr'>ἔδει</span> <span class='ocrx_word' id='word_1_351' title='bbox 699 2805 746 2878; x_wconf 81' lang='grc' dir='ltr'>γάρ</span> <span class='ocrx_word' id='word_1_352' title='bbox 768 2806 812 2873; x_wconf 83' lang='grc' dir='ltr'>τήν</span> <span class='ocrx_word' id='word_1_353' title='bbox 832 2807 998 2874; x_wconf 83' lang='grc' dir='ltr'>δεαιτηθεῖσαν</span> <span class='ocrx_word' id='word_1_354' title='bbox 1013 2807 1082 2872; x_wconf 90' lang='grc' dir='ltr'>δίκην</span> <span class='ocrx_word' id='word_1_355' title='bbox 1101 2805 1271 2878; x_wconf 77' lang='grc' dir='ltr'>ἀπογραφῆναι</span> <span class='ocrx_word' id='word_1_356' title='bbox 1314 2809 1520 2879; x_wconf 79' lang='grc' dir='ltr'>Σκιροφοριῶνος,</span> <span class='ocrx_word' id='word_1_357' title='bbox 1532 2807 1561 2874; x_wconf 88' lang='grc' dir='ltr'>ῆν</span> <span class='ocrx_word' id='word_1_358' title='bbox 1573 2827 1610 2862; x_wconf 92' lang='grc' dir='ltr'>τιν</span> 
     </span>
     <span class='ocr_line' id='line_1_34' title="bbox 488 2881 1612 2958; baseline -0.004 -16"><span class='ocrx_word' id='word_1_359' title='bbox 488 2886 611 2957; x_wconf 83' lang='grc' dir='ltr'>τταράτῶν</span> <span class='ocrx_word' id='word_1_360' title='bbox 624 2885 761 2957; x_wconf 89' lang='grc' dir='ltr'>ἀρχόντων.</span> <span class='ocrx_word' id='word_1_361' title='bbox 802 2885 872 2941; x_wconf 82' lang='grc' dir='ltr'>Ἐκεῖ</span> <span class='ocrx_word' id='word_1_362' title='bbox 881 2887 924 2958; x_wconf 78' lang='grc' dir='ltr'>μέν</span> <span class='ocrx_word' id='word_1_363' title='bbox 936 2881 979 2939; x_wconf 77' lang='grc' dir='ltr'>οθν</span> <span class='ocrx_word' id='word_1_364' title='bbox 991 2885 1109 2939; x_wconf 83' lang='grc' dir='ltr'>κατίλαόε</span> <span class='ocrx_word' id='word_1_365' title='bbox 1121 2886 1163 2938; x_wconf 89' lang='grc' dir='ltr'>τδν</span> <span class='ocrx_word' id='word_1_366' title='bbox 1176 2889 1269 2954; x_wconf 84' lang='grc' dir='ltr'>διαιτη·</span> <span class='ocrx_word' id='word_1_367' title='bbox 1314 2889 1453 2958; x_wconf 77' lang='grc' dir='ltr'>νομίζουσι,</span> <span class='ocrx_word' id='word_1_368' title='bbox 1466 2887 1507 2938; x_wconf 84' lang='grc' dir='ltr'>καί</span> <span class='ocrx_word' id='word_1_369' title='bbox 1518 2887 1573 2939; x_wconf 91' lang='grc' dir='ltr'>τότε</span> <span class='ocrx_word' id='word_1_370' title='bbox 1585 2881 1612 2951; x_wconf 70' lang='grc' dir='ltr'>ήι.</span> 
     </span>
     <span class='ocr_line' id='line_1_35' title="bbox 491 2964 1644 3036; baseline 0 -18"><span class='ocrx_word' id='word_1_371' title='bbox 491 2965 535 3031; x_wconf 81' lang='grc' dir='ltr'>τήν</span> <span class='ocrx_word' id='word_1_372' title='bbox 555 2966 601 3033; x_wconf 89' lang='grc' dir='ltr'>ήδη</span> <span class='ocrx_word' id='word_1_373' title='bbox 628 2965 813 3036; x_wconf 79' lang='grc' dir='ltr'>ἀναχωροῦντα.</span> <span class='ocrx_word' id='word_1_374' title='bbox 860 2965 953 3019; x_wconf 76' lang='grc' dir='ltr'>Οὐκοῦν</span> <span class='ocrx_word' id='word_1_375' title='bbox 973 2964 994 3018; x_wconf 89' lang='grc' dir='ltr'>εί</span> <span class='ocrx_word' id='word_1_376' title='bbox 1015 2966 1114 3026; x_wconf 82' lang='grc' dir='ltr'>σκότους</span> <span class='ocrx_word' id='word_1_377' title='bbox 1132 2967 1201 3028; x_wconf 86' lang='grc' dir='ltr'>όντυς</span> <span class='ocrx_word' id='word_1_378' title='bbox 1215 2969 1270 3021; x_wconf 90' lang='grc' dir='ltr'>τότε</span> <span class='ocrx_word' id='word_1_379' title='bbox 1313 2971 1393 3034; x_wconf 87' lang='grc' dir='ltr'>τητῶν</span> <span class='ocrx_word' id='word_1_380' title='bbox 1407 2964 1450 3018; x_wconf 76' lang='grc' dir='ltr'>οὐκ</span> <span class='ocrx_word' id='word_1_381' title='bbox 1462 2964 1576 3031; x_wconf 88' lang='grc' dir='ltr'>ἀπήντων</span> <span class='ocrx_word' id='word_1_382' title='bbox 1592 2965 1612 3018; x_wconf 83' lang='grc' dir='ltr'>έτ</span> <span class='ocrx_word' id='word_1_383' title='bbox 1643 2987 1644 2994; x_wconf 53' lang='grc'><strong>“</strong></span> 
     </span>
     <span class='ocr_line' id='line_1_36' title="bbox 489 3044 1644 3114; baseline 0 -18"><span class='ocrx_word' id='word_1_384' title='bbox 489 3044 623 3114; x_wconf 84' lang='grc' dir='ltr'>ἀνεχώρει,</span> <span class='ocrx_word' id='word_1_385' title='bbox 640 3044 763 3114; x_wconf 87' lang='grc' dir='ltr'>πρόδηλον</span> <span class='ocrx_word' id='word_1_386' title='bbox 778 3046 816 3097; x_wconf 84' lang='grc' dir='ltr'>ότι</span> <span class='ocrx_word' id='word_1_387' title='bbox 831 3045 935 3114; x_wconf 84' lang='grc' dir='ltr'>βραδέως</span> <span class='ocrx_word' id='word_1_388' title='bbox 951 3044 1133 3114; x_wconf 75' lang='grc' dir='ltr'>κατεδιῄτησεν.</span> <span class='ocrx_word' id='word_1_389' title='bbox 1313 3045 1380 3098; x_wconf 83' lang='grc' dir='ltr'>κέναι</span> <span class='ocrx_word' id='word_1_390' title='bbox 1391 3044 1434 3096; x_wconf 86' lang='grc' dir='ltr'>τδν</span> <span class='ocrx_word' id='word_1_391' title='bbox 1451 3045 1533 3114; x_wconf 85' lang='grc' dir='ltr'>μῆνα,</span> <span class='ocrx_word' id='word_1_392' title='bbox 1548 3045 1608 3114; x_wconf 79' lang='grc' dir='ltr'>ὅπερ</span> <span class='ocrx_word' id='word_1_393' title='bbox 1643 3065 1644 3096; x_wconf 77' lang='grc' dir='ltr'>ι</span> 
     </span>
    </p>

    <p class='ocr_par' dir='ltr' id='par_1_10' title="bbox 490 3121 1644 3352">
     <span class='ocr_line' id='line_1_37' title="bbox 525 3121 1644 3196; baseline 0.001 -22"><span class='ocrx_word' id='word_1_394' title='bbox 525 3123 586 3186; x_wconf 80' lang='grc' dir='ltr'>5ήα,</span> <span class='ocrx_word' id='word_1_395' title='bbox 605 3127 629 3186; x_wconf 81' lang='grc' dir='ltr'>ή.</span> <span class='ocrx_word' id='word_1_396' title='bbox 647 3121 690 3184; x_wconf 82' lang='grc' dir='ltr'>Ὦς</span> <span class='ocrx_word' id='word_1_397' title='bbox 706 3121 757 3192; x_wconf 86' lang='grc' dir='ltr'>ίγὼ</span> <span class='ocrx_word' id='word_1_398' title='bbox 771 3129 818 3176; x_wconf 87' lang='grc' dir='ltr'>τῶν</span> <span class='ocrx_word' id='word_1_399' title='bbox 831 3123 1036 3194; x_wconf 79' lang='grc' dir='ltr'>παραγενομένων</span> <span class='ocrx_word' id='word_1_400' title='bbox 1050 3121 1129 3193; x_wconf 74' lang='grc' dir='ltr'>τινος]</span> <span class='ocrx_word' id='word_1_401' title='bbox 1146 3121 1195 3188; x_wconf 83' lang='grc' dir='ltr'>Τήν</span> <span class='ocrx_word' id='word_1_402' title='bbox 1211 3141 1269 3196; x_wconf 85' lang='grc' dir='ltr'>σεμ-</span> <span class='ocrx_word' id='word_1_403' title='bbox 1313 3122 1447 3194; x_wconf 81' lang='grc' dir='ltr'>γὰραθτδν</span> <span class='ocrx_word' id='word_1_404' title='bbox 1468 3122 1599 3194; x_wconf 85' lang='grc' dir='ltr'>προλαόὼν</span> <span class='ocrx_word' id='word_1_405' title='bbox 1643 3145 1644 3182; x_wconf 77' lang='grc' dir='ltr'>ι</span> 
     </span>
     <span class='ocr_line' id='line_1_38' title="bbox 490 3198 1611 3275; baseline 0.001 -22"><span class='ocrx_word' id='word_1_406' title='bbox 490 3203 580 3268; x_wconf 87' lang='grc' dir='ltr'>νότητα</span> <span class='ocrx_word' id='word_1_407' title='bbox 598 3201 639 3252; x_wconf 81' lang='grc' dir='ltr'>καί</span> <span class='ocrx_word' id='word_1_408' title='bbox 663 3199 708 3266; x_wconf 85' lang='grc' dir='ltr'>τῆν</span> <span class='ocrx_word' id='word_1_409' title='bbox 730 3201 887 3270; x_wconf 77' lang='grc' dir='ltr'>σωφροσύνην</span> <span class='ocrx_word' id='word_1_410' title='bbox 908 3198 951 3265; x_wconf 83' lang='grc' dir='ltr'>τὴν</span> <span class='ocrx_word' id='word_1_411' title='bbox 972 3199 1058 3252; x_wconf 79' lang='grc' dir='ltr'>ίαιτοῦ</span> <span class='ocrx_word' id='word_1_412' title='bbox 1076 3201 1209 3267; x_wconf 85' lang='grc' dir='ltr'>δείκνυσιν,</span> <span class='ocrx_word' id='word_1_413' title='bbox 1231 3205 1269 3256; x_wconf 87' lang='grc' dir='ltr'>ότι</span> <span class='ocrx_word' id='word_1_414' title='bbox 1313 3201 1448 3256; x_wconf 86' lang='grc' dir='ltr'>ἀκόλουθον</span> <span class='ocrx_word' id='word_1_415' title='bbox 1463 3201 1521 3275; x_wconf 81' lang='grc' dir='ltr'>δόξῃ</span> <span class='ocrx_word' id='word_1_416' title='bbox 1533 3201 1562 3256; x_wconf 81' lang='grc' dir='ltr'>τό</span> <span class='ocrx_word' id='word_1_417' title='bbox 1577 3200 1611 3273; x_wconf 85' lang='grc' dir='ltr'>μή</span> 
     </span>
     <span class='ocr_line' id='line_1_39' title="bbox 491 3277 1616 3352; baseline 0.004 -22"><span class='ocrx_word' id='word_1_418' title='bbox 491 3279 591 3339; x_wconf 84' lang='grc' dir='ltr'>σκότους</span> <span class='ocrx_word' id='word_1_419' title='bbox 602 3277 672 3338; x_wconf 89' lang='grc' dir='ltr'>όντυς</span> <span class='ocrx_word' id='word_1_420' title='bbox 689 3277 717 3330; x_wconf 82' lang='grc' dir='ltr'>οθ</span> <span class='ocrx_word' id='word_1_421' title='bbox 729 3282 821 3347; x_wconf 83' lang='grc' dir='ltr'>παρῆν,</span> <span class='ocrx_word' id='word_1_422' title='bbox 838 3277 895 3330; x_wconf 87' lang='grc' dir='ltr'>ἀλλ’</span> <span class='ocrx_word' id='word_1_423' title='bbox 909 3277 972 3332; x_wconf 87' lang='grc' dir='ltr'>οίκοι</span> <span class='ocrx_word' id='word_1_424' title='bbox 985 3279 1109 3349; x_wconf 77' lang='grc' dir='ltr'>διίτριὸεν.</span> <span class='ocrx_word' id='word_1_425' title='bbox 1314 3280 1416 3352; x_wconf 80' lang='grc' dir='ltr'>ἀκρεόῶς</span> <span class='ocrx_word' id='word_1_426' title='bbox 1430 3280 1518 3336; x_wconf 86' lang='grc' dir='ltr'>είδίναε</span> <span class='ocrx_word' id='word_1_427' title='bbox 1532 3283 1592 3336; x_wconf 88' lang='grc' dir='ltr'>πότε</span> <span class='ocrx_word' id='word_1_428' title='bbox 1606 3303 1616 3352; x_wconf 87' lang='grc' dir='ltr'>ρ</span> 
     </span>
    </p>

    <p class='ocr_par' dir='ltr' id='par_1_11' title="bbox 488 3353 1618 3668">
     <span class='ocr_line' id='line_1_40' title="bbox 524 3353 1616 3430; baseline 0.003 -20"><span class='ocrx_word' id='word_1_429' title='bbox 524 3359 585 3420; x_wconf 75' lang='grc' dir='ltr'>ὅήυ,</span> <span class='ocrx_word' id='word_1_430' title='bbox 599 3361 626 3413; x_wconf 90' lang='grc'>6.</span> <span class='ocrx_word' id='word_1_431' title='bbox 651 3353 709 3420; x_wconf 86' lang='grc' dir='ltr'>Οίός</span> <span class='ocrx_word' id='word_1_432' title='bbox 724 3376 751 3412; x_wconf 86' lang='grc' dir='ltr'>τε</span> <span class='ocrx_word' id='word_1_433' title='bbox 768 3354 797 3424; x_wconf 86' lang='grc' dir='ltr'>ήν</span> <span class='ocrx_word' id='word_1_434' title='bbox 812 3359 901 3412; x_wconf 86' lang='grc' dir='ltr'>πείθειν</span> <span class='ocrx_word' id='word_1_435' title='bbox 914 3358 1004 3429; x_wconf 83' lang='grc' dir='ltr'>αθτδν]</span> <span class='ocrx_word' id='word_1_436' title='bbox 1023 3357 1151 3429; x_wconf 83' lang='grc' dir='ltr'>Ἐπειρτῖτο</span> <span class='ocrx_word' id='word_1_437' title='bbox 1164 3361 1204 3412; x_wconf 77' lang='grc' dir='ltr'>καί</span> <span class='ocrx_word' id='word_1_438' title='bbox 1216 3359 1270 3414; x_wconf 82' lang='grc' dir='ltr'>ίπτ-</span> <span class='ocrx_word' id='word_1_439' title='bbox 1313 3359 1348 3412; x_wconf 80' lang='grc' dir='ltr'>(λθ</span> <span class='ocrx_word' id='word_1_440' title='bbox 1358 3361 1389 3412; x_wconf 84' lang='grc' dir='ltr'>δι’</span> <span class='ocrx_word' id='word_1_441' title='bbox 1404 3359 1516 3430; x_wconf 81' lang='grc' dir='ltr'>ἀφέλειαν</span> <span class='ocrx_word' id='word_1_442' title='bbox 1530 3361 1573 3413; x_wconf 84' lang='grc' dir='ltr'>καί</span> <span class='ocrx_word' id='word_1_443' title='bbox 1585 3359 1616 3413; x_wconf 83' lang='grc' dir='ltr'>ἀπ</span> 
     </span>
     <span class='ocr_line' id='line_1_41' title="bbox 488 3434 1617 3509; baseline 0.002 -21"><span class='ocrx_word' id='word_1_444' title='bbox 488 3435 565 3505; x_wconf 88' lang='grc' dir='ltr'>χείρει</span> <span class='ocrx_word' id='word_1_445' title='bbox 587 3436 677 3490; x_wconf 84' lang='grc' dir='ltr'>πείθειν</span> <span class='ocrx_word' id='word_1_446' title='bbox 702 3434 787 3498; x_wconf 76' lang='grc' dir='ltr'>εῶτοθς</span> <span class='ocrx_word' id='word_1_447' title='bbox 803 3441 874 3509; x_wconf 79' lang='grc' dir='ltr'>κοινῆ</span> <span class='ocrx_word' id='word_1_448' title='bbox 897 3437 1038 3508; x_wconf 79' lang='grc' dir='ltr'>μεταθεῖναι</span> <span class='ocrx_word' id='word_1_449' title='bbox 1057 3434 1102 3503; x_wconf 82' lang='grc' dir='ltr'>τήν</span> <span class='ocrx_word' id='word_1_450' title='bbox 1126 3437 1205 3508; x_wconf 73' lang='grc' dir='ltr'>ψῆφον</span> <span class='ocrx_word' id='word_1_451' title='bbox 1224 3437 1269 3502; x_wconf 88' lang='grc' dir='ltr'>τήν</span> <span class='ocrx_word' id='word_1_452' title='bbox 1350 3441 1411 3504; x_wconf 78' lang='grc' dir='ltr'>όήυ,</span> <span class='ocrx_word' id='word_1_453' title='bbox 1437 3445 1477 3495; x_wconf 82' lang='grc'>18.</span> <span class='ocrx_word' id='word_1_454' title='bbox 1501 3439 1590 3500; x_wconf 85' lang='grc' dir='ltr'>Πείσας</span> <span class='ocrx_word' id='word_1_455' title='bbox 1616 3461 1617 3468; x_wconf 49' lang='lat'>¹</span> 
     </span>
     <span class='ocr_line' id='line_1_42' title="bbox 488 3516 1618 3590; baseline -0.003 -20"><span class='ocrx_word' id='word_1_456' title='bbox 488 3518 699 3582; x_wconf 85' lang='grc' dir='ltr'>καταδικάσασαν,</span> <span class='ocrx_word' id='word_1_457' title='bbox 712 3517 753 3570; x_wconf 86' lang='grc' dir='ltr'>καί</span> <span class='ocrx_word' id='word_1_458' title='bbox 765 3522 863 3584; x_wconf 89' lang='grc' dir='ltr'>ποιῆσαι</span> <span class='ocrx_word' id='word_1_459' title='bbox 876 3516 950 3584; x_wconf 82' lang='grc' dir='ltr'>αθτήν</span> <span class='ocrx_word' id='word_1_460' title='bbox 965 3517 1120 3588; x_wconf 74' lang='grc' dir='ltr'>ἀποψήφισιν·</span> <span class='ocrx_word' id='word_1_461' title='bbox 1137 3523 1210 3572; x_wconf 82' lang='grc' dir='ltr'>τοῦτο</span> <span class='ocrx_word' id='word_1_462' title='bbox 1221 3518 1269 3590; x_wconf 79' lang='grc' dir='ltr'>γάρ</span> <span class='ocrx_word' id='word_1_463' title='bbox 1313 3517 1368 3570; x_wconf 84' lang='grc' dir='ltr'>’ίνα</span> <span class='ocrx_word' id='word_1_464' title='bbox 1383 3517 1416 3588; x_wconf 82' lang='grc' dir='ltr'>μή</span> <span class='ocrx_word' id='word_1_465' title='bbox 1430 3517 1487 3590; x_wconf 89' lang='grc' dir='ltr'>δόξῃ</span> <span class='ocrx_word' id='word_1_466' title='bbox 1499 3517 1577 3582; x_wconf 85' lang='grc' dir='ltr'>πάσης</span> <span class='ocrx_word' id='word_1_467' title='bbox 1592 3535 1618 3568; x_wconf 86' lang='grc' dir='ltr'>κα</span> 
     </span>
     <span class='ocr_line' id='line_1_43' title="bbox 488 3593 1618 3668; baseline 0 -20"><span class='ocrx_word' id='word_1_468' title='bbox 488 3595 539 3650; x_wconf 79' lang='grc' dir='ltr'>ἔστι</span> <span class='ocrx_word' id='word_1_469' title='bbox 553 3597 582 3650; x_wconf 83' lang='grc' dir='ltr'>τό</span> <span class='ocrx_word' id='word_1_470' title='bbox 596 3598 756 3667; x_wconf 73' lang='grc' dir='ltr'>μεταγράφειν</span> <span class='ocrx_word' id='word_1_471' title='bbox 768 3596 811 3662; x_wconf 83' lang='grc' dir='ltr'>τὴν</span> <span class='ocrx_word' id='word_1_472' title='bbox 823 3593 964 3668; x_wconf 77' lang='grc' dir='ltr'>ἀπογραφήν</span> <span class='ocrx_word' id='word_1_473' title='bbox 977 3600 1019 3662; x_wconf 82' lang='grc' dir='ltr'>τῆς</span> <span class='ocrx_word' id='word_1_474' title='bbox 1030 3597 1180 3662; x_wconf 86' lang='grc' dir='ltr'>διαιτήσεως.</span> <span class='ocrx_word' id='word_1_475' title='bbox 1313 3598 1444 3668; x_wconf 82' lang='grc' dir='ltr'>πρότανιν,</span> <span class='ocrx_word' id='word_1_476' title='bbox 1465 3595 1575 3665; x_wconf 81' lang='grc' dir='ltr'>ἀνήγαγε</span> <span class='ocrx_word' id='word_1_477' title='bbox 1600 3613 1618 3648; x_wconf 78' lang='grc' dir='ltr'>π</span> 
     </span>
    </p>

    <p class='ocr_par' dir='ltr' id='par_1_12' title="bbox 486 3673 1622 4138">
     <span class='ocr_line' id='line_1_44' title="bbox 524 3673 1605 3748; baseline -0.001 -21"><span class='ocrx_word' id='word_1_478' title='bbox 524 3675 584 3739; x_wconf 74' lang='grc' dir='ltr'>ὄήα,</span> <span class='ocrx_word' id='word_1_479' title='bbox 598 3693 624 3744; x_wconf 83' lang='lat'>9.</span> <span class='ocrx_word' id='word_1_480' title='bbox 640 3673 682 3738; x_wconf 85' lang='grc' dir='ltr'>Ὧς</span> <span class='ocrx_word' id='word_1_481' title='bbox 702 3676 724 3727; x_wconf 76' lang='grc' dir='ltr'>δ’</span> <span class='ocrx_word' id='word_1_482' title='bbox 741 3675 909 3746; x_wconf 81' lang='grc' dir='ltr'>ἐδυσχέραινον</span> <span class='ocrx_word' id='word_1_483' title='bbox 930 3673 1014 3747; x_wconf 76' lang='grc' dir='ltr'>οὗτοι]</span> <span class='ocrx_word' id='word_1_484' title='bbox 1033 3675 1134 3742; x_wconf 88' lang='grc' dir='ltr'>Πολλήν</span> <span class='ocrx_word' id='word_1_485' title='bbox 1145 3678 1285 3748; x_wconf 80' lang='grc' dir='ltr'>δικαιοσό·.</span> <span class='ocrx_word' id='word_1_486' title='bbox 1312 3677 1387 3737; x_wconf 88' lang='grc' dir='ltr'>καίως</span> <span class='ocrx_word' id='word_1_487' title='bbox 1405 3675 1532 3742; x_wconf 80' lang='grc' dir='ltr'>ίποίησενς</span> <span class='ocrx_word' id='word_1_488' title='bbox 1552 3673 1605 3726; x_wconf 82' lang='grc' dir='ltr'>όδέ</span> 
     </span>
     <span class='ocr_line' id='line_1_45' title="bbox 488 3751 1619 3826; baseline -0.003 -19"><span class='ocrx_word' id='word_1_489' title='bbox 488 3773 532 3821; x_wconf 88' lang='grc' dir='ltr'>νην</span> <span class='ocrx_word' id='word_1_490' title='bbox 544 3757 596 3816; x_wconf 83' lang='grc' dir='ltr'>τοῖς</span> <span class='ocrx_word' id='word_1_491' title='bbox 608 3755 725 3826; x_wconf 79' lang='grc' dir='ltr'>ἀρχουσιν</span> <span class='ocrx_word' id='word_1_492' title='bbox 736 3754 916 3826; x_wconf 77' lang='grc' dir='ltr'>έμαρτυρησεν,</span> <span class='ocrx_word' id='word_1_493' title='bbox 930 3757 969 3809; x_wconf 84' lang='grc' dir='ltr'>ότι</span> <span class='ocrx_word' id='word_1_494' title='bbox 981 3755 1143 3826; x_wconf 83' lang='grc' dir='ltr'>έχαλέπαινον</span> <span class='ocrx_word' id='word_1_495' title='bbox 1155 3756 1269 3819; x_wconf 91' lang='grc' dir='ltr'>θίλοντος</span> <span class='ocrx_word' id='word_1_496' title='bbox 1314 3755 1380 3818; x_wconf 89' lang='grc' dir='ltr'>ξατο.</span> <span class='ocrx_word' id='word_1_497' title='bbox 1417 3755 1456 3807; x_wconf 80' lang='lat' dir='ltr'>To</span> <span class='ocrx_word' id='word_1_498' title='bbox 1468 3753 1494 3806; x_wconf 73' lang='grc' dir='ltr'>δὲ</span> <span class='ocrx_word' id='word_1_499' title='bbox 1509 3751 1571 3806; x_wconf 78' lang='grc' dir='ltr'>κατά</span> <span class='ocrx_word' id='word_1_500' title='bbox 1588 3753 1619 3805; x_wconf 81' lang='grc' dir='ltr'>εδ</span> 
     </span>
     <span class='ocr_line' id='line_1_46' title="bbox 487 3829 1619 3903; baseline 0 -21"><span class='ocrx_word' id='word_1_501' title='bbox 487 3831 612 3902; x_wconf 84' lang='grc' dir='ltr'>χρήμασιν</span> <span class='ocrx_word' id='word_1_502' title='bbox 628 3832 713 3892; x_wconf 78' lang='grc' dir='ltr'>αίιτοδς</span> <span class='ocrx_word' id='word_1_503' title='bbox 732 3835 775 3884; x_wconf 81' lang='grc' dir='ltr'>τοῦ</span> <span class='ocrx_word' id='word_1_504' title='bbox 794 3832 894 3884; x_wconf 86' lang='grc' dir='ltr'>Μειδίου</span> <span class='ocrx_word' id='word_1_505' title='bbox 908 3833 1063 3902; x_wconf 84' lang='grc' dir='ltr'>διαφθείρειν.</span> <span class='ocrx_word' id='word_1_506' title='bbox 1100 3829 1165 3885; x_wconf 78' lang='grc' dir='ltr'>Εἶτα</span> <span class='ocrx_word' id='word_1_507' title='bbox 1180 3833 1203 3886; x_wconf 89' lang='grc' dir='ltr'>οί</span> <span class='ocrx_word' id='word_1_508' title='bbox 1225 3833 1268 3903; x_wconf 80' lang='grc' dir='ltr'>μίν</span> <span class='ocrx_word' id='word_1_509' title='bbox 1312 3833 1392 3887; x_wconf 86' lang='grc' dir='ltr'>ίδίδου</span> <span class='ocrx_word' id='word_1_510' title='bbox 1405 3835 1457 3893; x_wconf 79' lang='grc' dir='ltr'>τοῖς</span> <span class='ocrx_word' id='word_1_511' title='bbox 1477 3830 1619 3901; x_wconf 80' lang='grc' dir='ltr'>βουλευταῖς</span> 
     </span>
     <span class='ocr_line' id='line_1_47' title="bbox 486 3909 1619 3980; baseline 0.001 -18"><span class='ocrx_word' id='word_1_512' title='bbox 486 3909 568 3980; x_wconf 88' lang='grc' dir='ltr'>όλίγοι</span> <span class='ocrx_word' id='word_1_513' title='bbox 584 3909 666 3964; x_wconf 76' lang='grc' dir='ltr'>πολλὰ</span> <span class='ocrx_word' id='word_1_514' title='bbox 681 3909 798 3980; x_wconf 88' lang='grc' dir='ltr'>χρήματα</span> <span class='ocrx_word' id='word_1_515' title='bbox 810 3909 978 3980; x_wconf 76' lang='grc' dir='ltr'>λαμὸάνοντες</span> <span class='ocrx_word' id='word_1_516' title='bbox 991 3909 1018 3962; x_wconf 84' lang='grc' dir='ltr'>οδ</span> <span class='ocrx_word' id='word_1_517' title='bbox 1032 3910 1183 3980; x_wconf 72' lang='grc' dir='ltr'>προήκαντο</span> <span class='ocrx_word' id='word_1_518' title='bbox 1199 3909 1268 3980; x_wconf 80' lang='grc' dir='ltr'>ίιμεῖς</span> <span class='ocrx_word' id='word_1_519' title='bbox 1316 3912 1385 3966; x_wconf 85' lang='grc' dir='ltr'>εοδκ</span> <span class='ocrx_word' id='word_1_520' title='bbox 1399 3911 1535 3977; x_wconf 83' lang='grc' dir='ltr'>ἀπήντησε,</span> <span class='ocrx_word' id='word_1_521' title='bbox 1549 3911 1619 3963; x_wconf 89' lang='grc' dir='ltr'>καίτο</span> 
     </span>
     <span class='ocr_line' id='line_1_48' title="bbox 487 3987 1621 4060; baseline -0.003 -17"><span class='ocrx_word' id='word_1_522' title='bbox 487 3989 513 4043; x_wconf 81' lang='grc' dir='ltr'>δέ</span> <span class='ocrx_word' id='word_1_523' title='bbox 525 3993 638 4043; x_wconf 77' lang='grc' dir='ltr'>τοσοῦτοι</span> <span class='ocrx_word' id='word_1_524' title='bbox 657 3989 686 4042; x_wconf 80' lang='grc' dir='ltr'>τό</span> <span class='ocrx_word' id='word_1_525' title='bbox 706 3988 798 4053; x_wconf 83' lang='grc' dir='ltr'>πλῆθος</span> <span class='ocrx_word' id='word_1_526' title='bbox 811 3989 878 4050; x_wconf 85' lang='grc' dir='ltr'>όντες</span> <span class='ocrx_word' id='word_1_527' title='bbox 898 3987 972 4057; x_wconf 88' lang='grc' dir='ltr'>όλίγα</span> <span class='ocrx_word' id='word_1_528' title='bbox 994 3987 1114 4060; x_wconf 82' lang='grc' dir='ltr'>λήψεσθες</span> <span class='ocrx_word' id='word_1_529' title='bbox 1136 3993 1209 4042; x_wconf 82' lang='grc' dir='ltr'>τοῦτο</span> <span class='ocrx_word' id='word_1_530' title='bbox 1221 3988 1268 4059; x_wconf 80' lang='grc' dir='ltr'>γάρ</span> <span class='ocrx_word' id='word_1_531' title='bbox 1316 4013 1327 4042; x_wconf 83' lang='grc' dir='ltr'>ι</span> <span class='ocrx_word' id='word_1_532' title='bbox 1344 3993 1386 4043; x_wconf 83' lang='grc' dir='ltr'><strong>κεῖ</strong></span> <span class='ocrx_word' id='word_1_533' title='bbox 1395 3990 1449 4060; x_wconf 82' lang='grc' dir='ltr'>περί</span> <span class='ocrx_word' id='word_1_534' title='bbox 1471 3988 1559 4052; x_wconf 73' lang='grc' dir='ltr'>αὐτοῦς</span> <span class='ocrx_word' id='word_1_535' title='bbox 1578 4010 1589 4036; x_wconf 82' lang='grc' dir='ltr'>ν</span> <span class='ocrx_word' id='word_1_536' title='bbox 1610 4007 1621 4040; x_wconf 83' lang='grc' dir='ltr'>κ</span> 
     </span>
     <span class='ocr_line' id='line_1_49' title="bbox 488 4063 1622 4138; baseline -0.004 -18"><span class='ocrx_word' id='word_1_537' title='bbox 488 4069 602 4138; x_wconf 78' lang='grc' dir='ltr'>βούλεται</span> <span class='ocrx_word' id='word_1_538' title='bbox 616 4068 814 4126; x_wconf 79' lang='grc' dir='ltr'>κατασκευάζειν.</span> <span class='ocrx_word' id='word_1_539' title='bbox 1312 4071 1394 4129; x_wconf 77' lang='grc' dir='ltr'>ζοντο.</span> <span class='ocrx_word' id='word_1_540' title='bbox 1432 4065 1487 4117; x_wconf 65' lang='lat' dir='ltr'>mat</span> <span class='ocrx_word' id='word_1_541' title='bbox 1500 4063 1622 4134; x_wconf 81' lang='grc' dir='ltr'>δέάρχοντ</span> 
     </span>
    </p>

    <p class='ocr_par' dir='ltr' id='par_1_13' title="bbox 487 4142 1626 4532">
     <span class='ocr_line' id='line_1_50' title="bbox 523 4142 1609 4215; baseline -0.005 -15"><span class='ocrx_word' id='word_1_542' title='bbox 523 4147 584 4212; x_wconf 80' lang='grc' dir='ltr'>όήα,</span> <span class='ocrx_word' id='word_1_543' title='bbox 607 4163 647 4200; x_wconf 86' lang='grc' dir='ltr'>το.</span> <span class='ocrx_word' id='word_1_544' title='bbox 663 4145 710 4198; x_wconf 78' lang='grc' dir='ltr'>Καί</span> <span class='ocrx_word' id='word_1_545' title='bbox 722 4143 859 4214; x_wconf 86' lang='grc' dir='ltr'>οθδετίρους</span> <span class='ocrx_word' id='word_1_546' title='bbox 881 4143 992 4215; x_wconf 85' lang='grc' dir='ltr'>ίπειθεν]</span> <span class='ocrx_word' id='word_1_547' title='bbox 1012 4142 1073 4196; x_wconf 76' lang='grc' dir='ltr'>Οὔτε</span> <span class='ocrx_word' id='word_1_548' title='bbox 1093 4145 1136 4198; x_wconf 84' lang='grc' dir='ltr'>τόν</span> <span class='ocrx_word' id='word_1_549' title='bbox 1159 4146 1269 4215; x_wconf 83' lang='grc' dir='ltr'>άρχοντα</span> <span class='ocrx_word' id='word_1_550' title='bbox 1349 4146 1410 4209; x_wconf 76' lang='grc' dir='ltr'>5ίια,</span> <span class='ocrx_word' id='word_1_551' title='bbox 1435 4163 1476 4214; x_wconf 85' lang='lat'>¹9·</span> <span class='ocrx_word' id='word_1_552' title='bbox 1494 4144 1609 4213; x_wconf 88' lang='grc' dir='ltr'>ίίλητῆρα</span> 
     </span>
     <span class='ocr_line' id='line_1_51' title="bbox 487 4219 1623 4295; baseline -0.002 -19"><span class='ocrx_word' id='word_1_553' title='bbox 487 4224 598 4278; x_wconf 84' lang='grc' dir='ltr'>οάτετδν</span> <span class='ocrx_word' id='word_1_554' title='bbox 612 4225 753 4294; x_wconf 88' lang='grc' dir='ltr'>Στράτωνα.</span> <span class='ocrx_word' id='word_1_555' title='bbox 792 4223 909 4276; x_wconf 80' lang='grc' dir='ltr'>Ἐπαινον</span> <span class='ocrx_word' id='word_1_556' title='bbox 928 4224 1034 4276; x_wconf 79' lang='grc' dir='ltr'>ποιεῖται</span> <span class='ocrx_word' id='word_1_557' title='bbox 1047 4227 1090 4289; x_wconf 81' lang='grc' dir='ltr'>τῆς</span> <span class='ocrx_word' id='word_1_558' title='bbox 1112 4227 1212 4295; x_wconf 81' lang='grc' dir='ltr'>γνώμης</span> <span class='ocrx_word' id='word_1_559' title='bbox 1225 4224 1267 4276; x_wconf 83' lang='grc' dir='ltr'>αδ·</span> <span class='ocrx_word' id='word_1_560' title='bbox 1312 4221 1447 4288; x_wconf 77' lang='grc' dir='ltr'>διδοθςτὴν</span> <span class='ocrx_word' id='word_1_561' title='bbox 1468 4219 1562 4292; x_wconf 82' lang='grc' dir='ltr'>γραφὴν</span> <span class='ocrx_word' id='word_1_562' title='bbox 1583 4239 1623 4290; x_wconf 84' lang='grc' dir='ltr'>πρε</span> 
     </span>
     <span class='ocr_line' id='line_1_52' title="bbox 488 4299 1624 4374; baseline -0.002 -20"><span class='ocrx_word' id='word_1_563' title='bbox 488 4308 551 4366; x_wconf 88' lang='grc' dir='ltr'>τῶν,</span> <span class='ocrx_word' id='word_1_564' title='bbox 565 4304 604 4354; x_wconf 86' lang='grc' dir='ltr'>ότι</span> <span class='ocrx_word' id='word_1_565' title='bbox 618 4300 674 4354; x_wconf 79' lang='grc' dir='ltr'>οδδδ</span> <span class='ocrx_word' id='word_1_566' title='bbox 694 4300 768 4366; x_wconf 85' lang='grc' dir='ltr'>αδτῆς</span> <span class='ocrx_word' id='word_1_567' title='bbox 790 4299 918 4370; x_wconf 82' lang='grc' dir='ltr'>ἠνείχοντο</span> <span class='ocrx_word' id='word_1_568' title='bbox 938 4305 981 4366; x_wconf 83' lang='grc' dir='ltr'>τῆς</span> <span class='ocrx_word' id='word_1_569' title='bbox 996 4300 1078 4367; x_wconf 86' lang='grc' dir='ltr'>ἀκοῆς.</span> <span class='ocrx_word' id='word_1_570' title='bbox 1121 4299 1223 4372; x_wconf 76' lang='grc' dir='ltr'>Ἀξίωμα</span> <span class='ocrx_word' id='word_1_571' title='bbox 1243 4303 1268 4355; x_wconf 83' lang='grc' dir='ltr'>δέ</span> <span class='ocrx_word' id='word_1_572' title='bbox 1312 4303 1496 4374; x_wconf 80' lang='grc' dir='ltr'>προσκαλοῦμαι</span> <span class='ocrx_word' id='word_1_573' title='bbox 1517 4299 1589 4354; x_wconf 80' lang='grc' dir='ltr'>αὐτόν</span> <span class='ocrx_word' id='word_1_574' title='bbox 1609 4301 1624 4352; x_wconf 85' lang='grc' dir='ltr'>δ</span> 
     </span>
     <span class='ocr_line' id='line_1_53' title="bbox 488 4377 1620 4454; baseline -0.002 -22"><span class='ocrx_word' id='word_1_575' title='bbox 488 4380 627 4448; x_wconf 75' lang='grc' dir='ltr'>περιέθηκεν</span> <span class='ocrx_word' id='word_1_576' title='bbox 647 4377 700 4431; x_wconf 91' lang='grc' dir='ltr'>ίσον</span> <span class='ocrx_word' id='word_1_577' title='bbox 714 4378 756 4432; x_wconf 85' lang='grc' dir='ltr'>καί</span> <span class='ocrx_word' id='word_1_578' title='bbox 772 4377 816 4444; x_wconf 81' lang='grc' dir='ltr'>τὴν</span> <span class='ocrx_word' id='word_1_579' title='bbox 829 4377 904 4446; x_wconf 75' lang='grc' dir='ltr'>αὐτὴν</span> <span class='ocrx_word' id='word_1_580' title='bbox 924 4379 1078 4447; x_wconf 80' lang='grc' dir='ltr'>δικαιοσόνην</span> <span class='ocrx_word' id='word_1_581' title='bbox 1097 4387 1132 4454; x_wconf 76' lang='grc' dir='ltr'>τῷ</span> <span class='ocrx_word' id='word_1_582' title='bbox 1149 4399 1175 4436; x_wconf 92' lang='grc' dir='ltr'>τε</span> <span class='ocrx_word' id='word_1_583' title='bbox 1191 4381 1268 4450; x_wconf 82' lang='grc' dir='ltr'>Στρά·</span> <span class='ocrx_word' id='word_1_584' title='bbox 1312 4382 1359 4436; x_wconf 73' lang='lat' dir='ltr'>&#39;lv’</span> <span class='ocrx_word' id='word_1_585' title='bbox 1373 4377 1417 4436; x_wconf 78' lang='grc' dir='ltr'>οθν</span> <span class='ocrx_word' id='word_1_586' title='bbox 1434 4379 1466 4452; x_wconf 82' lang='grc' dir='ltr'>μὴ</span> <span class='ocrx_word' id='word_1_587' title='bbox 1479 4379 1493 4433; x_wconf 90' lang='lat'>6</span> <span class='ocrx_word' id='word_1_588' title='bbox 1507 4380 1620 4450; x_wconf 87' lang='grc' dir='ltr'>Στράτων</span> 
     </span>
     <span class='ocr_line' id='line_1_54' title="bbox 488 4457 1626 4532; baseline 0 -21"><span class='ocrx_word' id='word_1_589' title='bbox 488 4475 547 4511; x_wconf 87' lang='grc' dir='ltr'>τωνι</span> <span class='ocrx_word' id='word_1_590' title='bbox 561 4457 602 4509; x_wconf 82' lang='grc' dir='ltr'>καί</span> <span class='ocrx_word' id='word_1_591' title='bbox 612 4460 665 4520; x_wconf 72' lang='grc' dir='ltr'>τοῖς</span> <span class='ocrx_word' id='word_1_592' title='bbox 681 4457 845 4528; x_wconf 88' lang='grc' dir='ltr'>θεσμοθέταις.</span> <span class='ocrx_word' id='word_1_593' title='bbox 1312 4461 1482 4532; x_wconf 85' lang='grc' dir='ltr'>σημήναντος,</span> <span class='ocrx_word' id='word_1_594' title='bbox 1498 4457 1538 4510; x_wconf 83' lang='grc' dir='ltr'>διά</span> <span class='ocrx_word' id='word_1_595' title='bbox 1559 4463 1626 4512; x_wconf 75' lang='grc' dir='ltr'>τοῦτα</span> 
     </span>
    </p>

    <p class='ocr_par' dir='ltr' id='par_1_14' title="bbox 488 4534 1629 4841">
     <span class='ocr_line' id='line_1_55' title="bbox 527 4534 1618 4610; baseline 0 -22"><span class='ocrx_word' id='word_1_596' title='bbox 527 4534 669 4602; x_wconf 78' lang='grc' dir='ltr'>’λπειλήσας</span> <span class='ocrx_word' id='word_1_597' title='bbox 689 4537 731 4589; x_wconf 80' lang='grc' dir='ltr'>καί</span> <span class='ocrx_word' id='word_1_598' title='bbox 752 4536 959 4608; x_wconf 73' lang='grc' dir='ltr'>διαλοιδορηθεὶς]</span> <span class='ocrx_word' id='word_1_599' title='bbox 978 4536 1044 4592; x_wconf 81' lang='grc' dir='ltr'>’λντὶ</span> <span class='ocrx_word' id='word_1_600' title='bbox 1060 4544 1102 4594; x_wconf 84' lang='grc' dir='ltr'>τοῦ</span> <span class='ocrx_word' id='word_1_601' title='bbox 1116 4539 1184 4594; x_wconf 83' lang='grc' dir='ltr'>οίδέν</span> <span class='ocrx_word' id='word_1_602' title='bbox 1203 4536 1269 4601; x_wconf 82' lang='grc' dir='ltr'>εἶδος</span> <span class='ocrx_word' id='word_1_603' title='bbox 1314 4559 1385 4610; x_wconf 82' lang='grc' dir='ltr'>μενος</span> <span class='ocrx_word' id='word_1_604' title='bbox 1396 4538 1562 4608; x_wconf 84' lang='grc' dir='ltr'>ἀπαράσκευον</span> <span class='ocrx_word' id='word_1_605' title='bbox 1577 4537 1618 4588; x_wconf 79' lang='grc' dir='ltr'>καὶ</span> 
     </span>
     <span class='ocr_line' id='line_1_56' title="bbox 488 4609 1627 4685; baseline -0.004 -12"><span class='ocrx_word' id='word_1_606' title='bbox 488 4615 610 4685; x_wconf 82' lang='grc' dir='ltr'>λοιδορίαι</span> <span class='ocrx_word' id='word_1_607' title='bbox 619 4614 692 4684; x_wconf 67' lang='grc' dir='ltr'>ἀρτία</span> <span class='ocrx_word' id='word_1_608' title='bbox 744 4614 774 4670; x_wconf 90' lang='lat'>‘0</span> <span class='ocrx_word' id='word_1_609' title='bbox 783 4615 810 4670; x_wconf 74' lang='grc' dir='ltr'><strong>δί</strong></span> <span class='ocrx_word' id='word_1_610' title='bbox 818 4619 870 4676; x_wconf 78' lang='grc' dir='ltr'>τοῖς</span> <span class='ocrx_word' id='word_1_611' title='bbox 884 4615 988 4685; x_wconf 72' lang='grc' dir='ltr'>ἄρχουσι</span> <span class='ocrx_word' id='word_1_612' title='bbox 1000 4620 1043 4683; x_wconf 71' lang='grc' dir='ltr'>τῆς</span> <span class='ocrx_word' id='word_1_613' title='bbox 1051 4617 1146 4679; x_wconf 74' lang='grc' dir='ltr'>πόλεως</span> <span class='ocrx_word' id='word_1_614' title='bbox 1162 4616 1267 4672; x_wconf 76' lang='grc' dir='ltr'>ἀπειλῶν</span> <span class='ocrx_word' id='word_1_615' title='bbox 1347 4619 1413 4682; x_wconf 73' lang='lat'>⁵42,</span> <span class='ocrx_word' id='word_1_616' title='bbox 1429 4633 1474 4672; x_wconf 82' lang='grc' dir='ltr'>τε.</span> <span class='ocrx_word' id='word_1_617' title='bbox 1490 4615 1537 4670; x_wconf 76' lang='grc' dir='ltr'>Καὶ</span> <span class='ocrx_word' id='word_1_618' title='bbox 1550 4619 1591 4669; x_wconf 74' lang='grc' dir='ltr'>νῦν</span> <span class='ocrx_word' id='word_1_619' title='bbox 1609 4609 1627 4670; x_wconf 82' lang='grc' dir='ltr'>εΙ</span> 
     </span>
     <span class='ocr_line' id='line_1_57' title="bbox 488 4688 1628 4768; baseline 0.002 -22"><span class='ocrx_word' id='word_1_620' title='bbox 488 4694 529 4746; x_wconf 81' lang='grc' dir='ltr'>καί</span> <span class='ocrx_word' id='word_1_621' title='bbox 542 4693 744 4763; x_wconf 75' lang='grc' dir='ltr'>λοιδορούμενος,</span> <span class='ocrx_word' id='word_1_622' title='bbox 761 4692 796 4764; x_wconf 76' lang='grc' dir='ltr'>ἀρ’</span> <span class='ocrx_word' id='word_1_623' title='bbox 809 4688 847 4756; x_wconf 88' lang='grc' dir='ltr'>οίς</span> <span class='ocrx_word' id='word_1_624' title='bbox 861 4695 963 4756; x_wconf 87' lang='grc' dir='ltr'>θάνατος</span> <span class='ocrx_word' id='word_1_625' title='bbox 976 4697 1077 4766; x_wconf 80' lang='grc' dir='ltr'>ῶριαται</span> <span class='ocrx_word' id='word_1_626' title='bbox 1086 4737 1095 4768; x_wconf 82' lang='grc'>,</span> <span class='ocrx_word' id='word_1_627' title='bbox 1105 4702 1155 4758; x_wconf 81' lang='grc' dir='ltr'>πῶς</span> <span class='ocrx_word' id='word_1_628' title='bbox 1164 4697 1193 4748; x_wconf 84' lang='grc' dir='ltr'>δν</span> <span class='ocrx_word' id='word_1_629' title='bbox 1205 4695 1268 4766; x_wconf 66' lang='grc' dir='ltr'>ίρείι</span> <span class='ocrx_word' id='word_1_630' title='bbox 1311 4701 1400 4766; x_wconf 83' lang='grc' dir='ltr'>πικρῶς</span> <span class='ocrx_word' id='word_1_631' title='bbox 1417 4693 1486 4750; x_wconf 84' lang='grc' dir='ltr'>τίετε·</span> <span class='ocrx_word' id='word_1_632' title='bbox 1503 4695 1628 4761; x_wconf 66' lang='grc' dir='ltr'>παθητικά</span> 
     </span>
     <span class='ocr_line' id='line_1_58' title="bbox 489 4771 1629 4841; baseline -0.002 -17"><span class='ocrx_word' id='word_1_633' title='bbox 489 4789 550 4826; x_wconf 86' lang='grc' dir='ltr'>σατυ</span> <span class='ocrx_word' id='word_1_634' title='bbox 560 4775 605 4824; x_wconf 80' lang='grc' dir='ltr'>τοῦ</span> <span class='ocrx_word' id='word_1_635' title='bbox 617 4775 746 4841; x_wconf 80' lang='grc' dir='ltr'>χορηγοῦς</span> <span class='ocrx_word' id='word_1_636' title='bbox 1312 4777 1383 4828; x_wconf 75' lang='grc' dir='ltr'>ναῖον</span> <span class='ocrx_word' id='word_1_637' title='bbox 1395 4771 1529 4838; x_wconf 83' lang='grc' dir='ltr'>ίλεήσωσι,</span> <span class='ocrx_word' id='word_1_638' title='bbox 1543 4776 1629 4841; x_wconf 78' lang='grc' dir='ltr'>πικρῶς</span> 
     </span>
    </p>
   </div>
   <div class='ocr_carea' id='block_1_3' title="bbox 490 4847 1629 5080">
    <p class='ocr_par' dir='ltr' id='par_1_15' title="bbox 490 4847 1629 5080">
     <span class='ocr_line' id='line_1_59' title="bbox 524 4847 1629 4924; baseline 0.002 -22"><span class='ocrx_word' id='word_1_639' title='bbox 524 4851 586 4914; x_wconf 74' lang='grc' dir='ltr'>5ήκ,</span> <span class='ocrx_word' id='word_1_640' title='bbox 611 4865 651 4904; x_wconf 93' lang='grc'>11.</span> <span class='ocrx_word' id='word_1_641' title='bbox 671 4847 791 4907; x_wconf 70' lang='grc' dir='ltr'>’ἀπελθὼν</span> <span class='ocrx_word' id='word_1_642' title='bbox 804 4851 828 4904; x_wconf 89' lang='grc' dir='ltr'>τί</span> <span class='ocrx_word' id='word_1_643' title='bbox 845 4851 945 4922; x_wconf 79' lang='grc' dir='ltr'>ποιεῖς]</span> <span class='ocrx_word' id='word_1_644' title='bbox 963 4849 1087 4923; x_wconf 61' lang='lat' dir='ltr'>emata</span> <span class='ocrx_word' id='word_1_645' title='bbox 1101 4849 1146 4918; x_wconf 84' lang='grc' dir='ltr'>τήν</span> <span class='ocrx_word' id='word_1_646' title='bbox 1160 4851 1267 4923; x_wconf 85' lang='grc' dir='ltr'>εθρεσιν,</span> <span class='ocrx_word' id='word_1_647' title='bbox 1312 4855 1387 4924; x_wconf 81' lang='grc' dir='ltr'>ἀάρου</span> <span class='ocrx_word' id='word_1_648' title='bbox 1398 4853 1440 4906; x_wconf 82' lang='grc' dir='ltr'>καί</span> <span class='ocrx_word' id='word_1_649' title='bbox 1453 4850 1629 4921; x_wconf 77' lang='grc' dir='ltr'>ίιποὸολιμαίοι</span> 
     </span>
     <span class='ocr_line' id='line_1_60' title="bbox 490 4927 1628 5002; baseline 0 -20"><span class='ocrx_word' id='word_1_650' title='bbox 490 4929 651 4995; x_wconf 78' lang='grc' dir='ltr'>ἐκπλήττεται</span> <span class='ocrx_word' id='word_1_651' title='bbox 665 4927 709 4994; x_wconf 84' lang='grc' dir='ltr'>τὴν</span> <span class='ocrx_word' id='word_1_652' title='bbox 723 4927 846 4994; x_wconf 74' lang='grc' dir='ltr'>ἐπίνοιαν,</span> <span class='ocrx_word' id='word_1_653' title='bbox 866 4927 904 4982; x_wconf 86' lang='grc' dir='ltr'>διδ</span> <span class='ocrx_word' id='word_1_654' title='bbox 918 4929 959 4981; x_wconf 81' lang='grc' dir='ltr'>καί</span> <span class='ocrx_word' id='word_1_655' title='bbox 974 4929 1042 5002; x_wconf 79' lang='grc' dir='ltr'>λέγει</span> <span class='ocrx_word' id='word_1_656' title='bbox 1061 4953 1072 4982; x_wconf 88' lang='grc' dir='ltr'>ε</span> <span class='ocrx_word' id='word_1_657' title='bbox 1093 4931 1210 4986; x_wconf 87' lang='grc' dir='ltr'>θεάσασθε</span> <span class='ocrx_word' id='word_1_658' title='bbox 1224 4929 1268 4998; x_wconf 78' lang='grc' dir='ltr'>τήν</span> <span class='ocrx_word' id='word_1_659' title='bbox 1349 4929 1411 4994; x_wconf 78' lang='grc' dir='ltr'>5ήα,</span> <span class='ocrx_word' id='word_1_660' title='bbox 1424 4933 1458 4992; x_wconf 73' lang='grc' dir='ltr'>τά</span> <span class='ocrx_word' id='word_1_661' title='bbox 1484 4928 1530 4982; x_wconf 86' lang='grc' dir='ltr'>ίίαί</span> <span class='ocrx_word' id='word_1_662' title='bbox 1541 4929 1628 4982; x_wconf 84' lang='grc' dir='ltr'>καθάπι</span> 
     </span>
     <span class='ocr_line' id='line_1_61' title="bbox 492 5007 1628 5080; baseline 0.005 -24"><span class='ocrx_word' id='word_1_663' title='bbox 492 5030 501 5056; x_wconf 86' lang='grc' dir='ltr'>ι</span> <span class='ocrx_word' id='word_1_664' title='bbox 520 5008 679 5075; x_wconf 80' lang='grc' dir='ltr'>κακοήθειαν,</span> <span class='ocrx_word' id='word_1_665' title='bbox 699 5031 710 5060; x_wconf 83' lang='grc' dir='ltr'>ν</span> <span class='ocrx_word' id='word_1_666' title='bbox 726 5009 769 5060; x_wconf 81' lang='grc' dir='ltr'>ἵνα</span> <span class='ocrx_word' id='word_1_667' title='bbox 782 5008 823 5061; x_wconf 83' lang='grc' dir='ltr'>καί</span> <span class='ocrx_word' id='word_1_668' title='bbox 839 5007 908 5079; x_wconf 81' lang='grc' dir='ltr'>θμτῖς</span> <span class='ocrx_word' id='word_1_669' title='bbox 922 5009 1072 5080; x_wconf 83' lang='grc' dir='ltr'>θαυμάσητε.</span> <span class='ocrx_word' id='word_1_670' title='bbox 1315 5007 1408 5072; x_wconf 82' lang='grc' dir='ltr'>θάπαξ,</span> <span class='ocrx_word' id='word_1_671' title='bbox 1429 5007 1480 5061; x_wconf 83' lang='grc' dir='ltr'>ίστι</span> <span class='ocrx_word' id='word_1_672' title='bbox 1499 5007 1524 5060; x_wconf 84' lang='grc' dir='ltr'>δί</span> <span class='ocrx_word' id='word_1_673' title='bbox 1547 5011 1628 5062; x_wconf 76' lang='grc' dir='ltr'>τοιαῦτ</span> 
     </span>
    </p>
   </div>
   <div class='ocr_carea' id='block_1_4' title="bbox 0 0 1990 6340">
    <p class='ocr_par' dir='ltr' id='par_1_16' title="bbox 0 0 1990 6340">
     <span class='ocr_line' id='line_1_62' title="bbox 0 0 1990 6340; baseline 0 0"><span class='ocrx_word' id='word_1_674' title='bbox 0 0 1990 6340; x_wconf 95' lang='lat' dir='ltr'> </span> 
     </span>
    </p>
   </div>
  </div>
 </body>
</html>
