4032 6094
445 420 497 482 xi.
520 421 623 481 ΠΡΟΣ
643 421 721 481 Tm(
743 422 966 484 ΕΠΙΣΤΟΛΗΝ
986 426 1065 486 ΤΗΝ
1088 426 1294 490 ΦΙΛΙΠΠΟΥ.
1616 447 1671 500 571

50 548 266 620 πολιτευομένους
278 547 337 620 πρδς
349 549 432 621 χάριν.
472 550 577 618 Ἐθηκεν
589 545 633 605 σύν
648 550 768 606 ἀντίθεσιν
781 555 847 626 πριύ·
927 555 987 620 138,
1005 561 1048 609 αθ.
1065 557 1166 611 Πολλοῦ
1179 557 1233 630 ἀεῖ]
1247 559 1280 630 μή
1295 559 1457 634 έχεινόρθῶς.
1473 567 1503 618 Ρ.

52 649 106 698 την
125 629 254 682 τείνουσαν
271 628 305 692 εἰς
323 628 409 692 αύτούς
425 627 470 695 τὴν
488 629 536 684 άπδ
550 634 594 684 τοῦ
616 632 786 702 συμφέροντος,
808 634 847 686 ότι
928 635 988 702 139,
1007 639 1049 687 16.
1065 635 1098 688 Ὃ
1109 634 1139 701 δή
1151 637 1256 707 λοιπόν]
1267 639 1417 711 Μετέργεται
1429 642 1469 698 έπί
1479 644 1508 697 τδ
1522 645 1623 699 δυνατδν
1636 666 1676 700 κε·

55 708 165 762 εἰώθασι
176 708 220 779 μέν
232 708 315 778 λέγειν
326 708 359 770 ιύς
374 708 467 778 ἀγαθόν
480 709 496 776 ἥ
511 709 594 781 εἰρήνη
605 711 647 764 καὶ
655 712 684 764 τδ
696 713 788 782 τρέφειν
805 711 846 764 δύ·
890 712 1005 784 φάλαισν.
1024 703 1101 767 θὛΡ.

55 805 138 856 ναμιν
148 785 262 858 μεγάλην
275 785 309 848 ὡς
319 786 439 856 χαλεπόν·
453 787 493 840 διά
505 788 531 842 δέ
545 795 593 842 τῶν
607 789 650 842 δύο
662 795 741 860 μεριῖιν
753 790 846 842 τούτων
928 795 987 854 141,
1001 795 1045 854 ε4.
1066 790 1148 864 Mun]
1159 793 1214 846 ἀντὶ
1225 798 1269 848 τοῦ
1280 794 1346 858 ἀξιον
1362 799 1466 868 νομίζω.
1480 801 1512 854 Β.

54 869 104 929 τῆς
116 866 261 926 ἀντιθέσεως
271 864 418 918 ἐνδείκνυται
432 867 471 919 ότι
486 868 527 920 καὶ
543 865 587 933 τήν
604 867 702 938 εἰρήνην
714 868 782 938 άγειν
794 869 846 922 δεῖν
928 877 987 936 141,
1001 889 1045 941 29.
1070 873 1119 939 Τῆς
1136 877 1279 946 κακώσεως]
1296 875 1405 939 Κάκωσις
1425 877 1505 950 ὄνομα
1520 879 1588 946 δίκης
1607 879 1668 934 κατά

55 945 122 1014 φασί
131 944 174 996 καί
181 944 236 998 οὔτε
253 944 311 1014 πρδς
322 945 446 1000 Φίλιππον
467 945 587 1016 πολεμεῖν
605 945 660 1000 σύτε
675 946 733 1016 πρδς
747 947 848 1016 βασιλέα
890 957 939 1008 τῶν
954 951 1124 1023 ἀτιμαζόντων
1139 955 1195 1016 τούς
1207 958 1289 1024 γονεῖς
1301 957 1378 1010 FYP.

55 1025 177 1094 πέμπειν·
195 1023 228 1095 μή
239 1024 286 1094 γάρ
298 1021 363 1076 εἰναι
371 1027 457 1095 χρείαν
470 1027 606 1096 χρημάτων
626 1025 688 1096 μηδέ
701 1031 744 1080 τοῦ
755 1029 847 1098 τρέφειν
929 1036 988 1096 142,
1005 1037 1031 1085 θ.
1047 1030 1101 1102 (δθχ
1113 1033 1192 1100 ὅπως]
1208 1032 1284 1103 ήγουν
1297 1033 1325 1086 ού
1336 1035 1422 1104 μόνον.
1436 1037 1466 1090 Ρ.

56 1105 179 1174 δύναμιν.
213 1103 298 1158 ·ούτω
311 1104 386 1158 πλέον
405 1124 429 1157 τι
443 1104 468 1159 ἐν
491 1109 524 1177 τῇ
541 1106 651 1178 παρούσῃ
672 1104 798 1159 ἀντιθέσει·
816 1108 847 1174 ήν
929 1115 1046 1174 14α,υό.
1062 1109 1282 1181 Ἑτέραν]αίτίαν.
1297 1114 1327 1165 Ρ.

57 1182 137 1235 έλσσε
168 1186 200 1253 τῇ
222 1188 270 1236 τῶν
293 1183 377 1254 λόγων
405 1189 454 1237 τῶν
478 1183 505 1238 ἐκ
531 1191 579 1238 τῶν
601 1184 687 1237 ἀλλων
711 1184 846 1238 ύπσθέσεων
930 1190 989 1251 143,
1001 1189 1044 1241 23.
1058 1187 1173 1260 Ἕτερος]
1189 1187 1349 1250 όψίλιππος.
1362 1191 1392 1244 Ρ,

58 1267 211 1335 μεταγωγή.
249 1265 382 1334 Μετήγαγε
398 1264 441 1336 μέν
455 1263 503 1335 γὰρ
512 1269 588 1318 ταῦτα
599 1265 648 1318 άπδ
661 1268 704 1318 τοῦ
717 1263 774 1336 ύπέρ
790 1265 847 1318 Am·
931 1266 990 1329 143,
1005 1282 1049 1334 29.
1065 1263 1177 1334 Ἐρημον
1188 1267 1198 1336 ]
1211 1264 1245 1326 ὡς
1257 1266 1384 1336 έρμαιονῤ]
1396 1266 1516 1337 θησαυρόν
1527 1267 1563 1320 ἐπ’
1577 1269 1676 1338 ἐρημίας

57 1340 161 1401 πείθσυς
178 1339 266 1410 λόγου.
322 1342 401 1396 Πλέον
422 1343 448 1396 δέ
465 1361 489 1396 τι
509 1339 587 1394 αύτῶν
602 1343 644 1395 καὶ
663 1341 725 1395 ἰδιον
750 1342 865 1414 μᾶλλον.
892 1342 985 1413 εύρὼν,
1012 1343 1116 1414 μηδενός
1134 1342 1197 1414 μήτε
1219 1347 1398 1416 προϊσταμένου
1417 1345 1479 1416 μήτε
1498 1346 1671 1416 φυλάττοντος.

59 1417 105 1471 ἐπὶ
118 1424 162 1485 τῆς
172 1421 294 1492 παρούσης
308 1420 442 1483 ύποθίσεως
460 1420 620 1492 ἐξεργάζεται.
658 1423 736 1477 Τοῦτο
750 1425 776 1477 δέ
796 1423 848 1476 ἔστι
893 1423 969 1475 ΡῪΡ.

57 1499 92 1550 τδ
117 1499 248 1568 βούλεσθαι
272 1501 328 1562 τούς
348 1501 451 1572 ῥήτορας
470 1501 572 1555 κωλύειν
598 1500 643 1567 τὴν
663 1503 722 1574 πρδς
746 1503 848 1574 βασιλέα
928 1505 989 1569 145,
1011 1521 1036 1560 1.
1050 1503 1176 1574 Ἄπιστος]
1190 1502 1246 1557 ἀντί
1254 1509 1297 1557 τοῦ
1309 1505 1451 1576 μηδετέρους
1462 1505 1550 1576 φιλῶν.
1562 1508 1638 1560 FYP.

58 1579 203 1648 πρεσθείαν·
220 1573 248 1646 ής
267 1579 283 1647 ἡ
301 1579 369 1643 λύσις
389 1578 574 1652 μεταληπτική,
598 1583 636 1634 δτι
653 1581 675 1635 εἰ
690 1583 732 1636 καί
748 1580 847 1652 χαλεπά
929 1585 988 1646 145,
1003 1599 1030 1636 α.
1045 1582 1103 1643 Τοῖς
1115 1581 1219 1652 ἑτέροις]
1233 1584 1285 1643 τοῖς
1298 1583 1434 1648 νικήσασιν.
1450 1585 1480 1636 Ρ.

59 1663 155 1724 ταῦτα,
180 1660 341 1731 χαλεπώτερα
359 1660 508 1730 πεισόμεθα,
528 1660 557 1712 ἀν
573 1664 650 1713 ταῦτα
671 1659 703 1731 μή
725 1660 846 1731 ἐθέλωμεν
929 1653 990 1726 145,
1006 1665 1032 1715 6.
1047 1659 1173 1730 Ἥκιστα]
1187 1661 1249 1712 πάνυ
1264 1663 1317 1713 ΒΡ.

60 1741 155 1792 ποιεῖν.
204 1736 257 1792 Καθ’
267 1738 348 1810 ἐτέραν
363 1737 509 1804 ἀντέθηκεν,
527 1739 565 1790 δτι
577 1739 742 1810 πολεμοποιός
763 1739 847 1809 Δημο·
929 1740 988 1805 145,
1005 1744 1049 1803 α4.
1067 1738 1242 1810 Ἆχθεσθῆναι]
1254 1739 1294 1790 διὰ
1305 1738 1388 1809 μίσους
1400 1739 1522 1808 γενέσθαι.
1538 1740 1613 1792 Lus.

60 1818 164 1884 σθένης·
181 1819 211 1885 ήν
226 1817 278 1872 ἐστι
292 1817 335 1890 μέν
355 1816 432 1872 εἰπεῖν
446 1815 494 1870 ἀπδ
510 1820 554 1868 τοῦ
565 1818 687 1888 νομίμου,
707 1817 758 1870 ἔστι
779 1817 805 1870 δέ
816 1815 848 1869 εἰ·
929 1821 988 1885 145,
1002 1836 1046 1890 ²7·
1060 1819 1226 1889 Κεκλημένοι]
1242 1817 1406 1888 ἀπατώμενοι.
1423 1819 1497 1870 Ιιιιεε.

58 1896 120 1946 πεῖν
144 1893 192 1948 ἀπδ
210 1901 252 1948 τοῦ
270 1897 432 1967 συμφέροντος
457 1895 542 1948 έλυσεν
564 1894 646 1949 εἰπών·
678 1895 726 1948 Καί
740 1896 787 1966 πρδ
802 1899 846 1949 τοῦ
929 1901 988 1964 145,
1003 1901 1047 1952 28.
1061 1897 1211 1968 Ἕτιρσι]οί
1222 1898 1338 1968 προδόται
1350 1896 1391 1948 καί
1406 1895 1562 1956 ὁΦίλιππσς.
1581 1897 1636 1950 YP.

60 1972 109 2042 ἐμέ
123 1973 200 2028 εἰπεῖν
214 1975 297 2028 πολλὰ
310 1975 434 2036 Φίλιππος
452 1973 508 2045 εἶχε
525 1978 568 2041 τῆς
579 1973 689 2038 πόλεως’,
705 1973 747 2028 καί
760 1977 802 2025 νῦν
814 1972 847 2035 εἰς
928 1981 988 2041 146,
999 1995 1025 2029 α.
1042 1975 1175 2046 Παραθεὶς]
1192 1973 1224 2036 εἰς
1235 1975 1360 2046 σύγκρισιν
1375 1975 1489 2038 ποιήσας.
1503 1975 1579 2026 Lm.

60 2052 213 2122 Καρδιανούς
222 2055 332 2125 πέπομφε
342 2053 465 2124 βοήθειαν·
480 2053 659 2123 ἐνδεικνύμενος
668 2051 791 2106 κάνταῦθα
802 2051 846 2118 τὴν
929 2060 1044 2124 147,1φ.
1063 2053 1196 2125 Ὠρείταις]
1208 2053 1256 2107 ἀπδ
1271 2054 1346 2106 τόπου
1361 2057 1404 2105 τοῦ
1420 2051 1515 2122 Ὀρεοῦ.
1529 2053 1562 2104 Β.

60 2128 146 2182 αίῑίῦθ
160 2135 202 2198 τῆς
212 2131 363 2197 θδῡθέῦῑωτ,
379 2131 420 2184 καί
432 2133 470 2184 ὅτι
488 2130 643 2201 &mmmm
661 2129 743 2192 αὗῑῡῖτ
754 2130 847 2182 mm.
928 2137 986 2188 150.
1003 2137 1027 2187 5.
1041 2135 1144 2204 Καίτοι]
1158 2132 1224 2194 Ἕως
1234 2130 1283 2185 ὧδε
1295 2133 1326 2186 τὰ
1335 2133 1389 2204 περὶ
1398 2137 1446 2184 τῶν
1458 2130 1481 2184 ἐν
1492 2130 1637 2202 Χερρονήσῳ
1649 2131 1675 2184 ἐκ

61 2226 110 2267 πος
120 2211 270 2279 πεπομφέναι
279 2209 392 2279 βοήθειαν
399 2211 551 2279 Καρδιανοῖς.
566 2209 612 2260 Καί
618 2209 700 2278 τρίτην
713 2207 843 2262 ἀντίθεσιν·
889 2219 933 2268 τοῦ
947 2216 1063 2284 προτέρου
1075 2213 1226 2284 ἀστερίσκου.
1244 2213 1272 2264 Β.

64 2284 135 2338 Ἀλλ’
150 2287 178 2340 σύ
192 2291 370 2360 προηγόρευκεν
384 2289 532 2351 όΦίλιππος
544 2287 605 2360 ἡμῖν
623 2289 666 2340 τδν
681 2287 800 2358 πόλεμον·
816 2289 845 2354 ἣν
926 2295 988 2356 250,
1003 2311 1030 2362 7.
1046 2290 1217 2362 Ἀριστόδημε]
1228 2289 1352 2359 Προδότης
1365 2284 1395 2354 ήν
1410 2287 1489 2348 σύτος.
1509 2289 1538 2340 Ρ.

61 2363 138 2416 ἔλυσε
149 2365 272 2431 συνήθως.
288 2364 350 2419 (λδδέ
359 2366 406 2438 γάρ
422 2367 551 2437 Φεραίοις,
563 2366 618 2419 σύδέ
631 2365 780 2430 Ὀλυνθίοις,
792 2365 847 2419 ούδέ
925 2371 1073 2440 Φιλαίτιον]
1096 2367 1236 2438 Ἰσοκράτης
1250 2367 1289 2421 έπί
1301 2371 1345 2419 τσῦ
1353 2367 1482 2436 φιλοῦντος
1496 2364 1585 2424 ἀλλους
1596 2364 1674 2416 αίτιαῖ·

65 2441 242 2514 Ἐρετριεῦσιν,
250 2445 305 2499 ούδέ
311 2445 397 2509 άλλοις
404 2449 502 2500 πώποτε
509 2446 588 2500 ούδέσι
600 2448 725 2516 προεῖπεν.
737 2443 800 2498 Εἶτα
811 2451 847 2516 τῷ
890 2450 959 2512 σθαι,
973 2453 1015 2500 νῦν
1030 2448 1057 2502 δέ
1069 2447 1109 2502 έπί
1121 2453 1165 2500 τοῦ
1180 2446 1294 2508 εἰωθότος
1306 2444 1384 2506 αἰτίας
1396 2445 1437 2497 καὶ
1452 2443 1600 2512 κατηγορίας
1614 2443 1673 2496 ύπο-

62 2521 194 2596 ἀναγκαίῳ
213 2525 348 2595 κέχρηται,
368 2525 394 2578 έκ
408 2527 522 2596 διαφορᾶς
545 2525 616 2586 αύτδς
635 2523 747 2586 συνιστάς
761 2525 799 2576 δτι
819 2525 848 2576 ού
891 2529 970 2597 μένειν
986 2525 1051 2596 παρά
1064 2533 1113 2579 τῶν
1126 2525 1220 2579 ἄλλων.
1237 2527 1312 2579 FYP.

61 2600 121 2670 περὶ
136 2605 184 2652 τῶν
199 2599 259 2654 ἰσων
271 2602 353 2664 αὐτοῖς
375 2605 479 2666 καὶτοῖς
499 2605 585 2665 ἀλλοις
599 2603 664 2656 έστιν
685 2603 699 2655 ό
720 2603 845 2666 κίνδυνος,
929 2607 994 2670 150,
1004 2609 1049 2660 κθ.
1064 2605 1108 2658 Σοί
1122 2603 1164 2676 μέν
1177 2603 1241 2676 γάρ]
1253 2601 1407 2674 Σημείωσαι,
1421 2599 1519 2660 κύκλος.
1530 2601 1628 2652 ΒΡῪΡ.

60 2681 109 2732 ἵνα
119 2678 231 2748 κάκείνην
241 2680 285 2747 τήν
296 2681 410 2735 ύπόνοιαν
422 2682 504 2756 ἀνέλῃ·
515 2681 549 2736 Εἴ
557 2702 619 2745 τινες
630 2681 681 2735 είεν
693 2681 848 2751 ἀπράγμονες

63 2759 110 2812 καί
121 2761 261 2831 στέργοντες
270 2760 315 2826 τήν
327 2762 456 2828 δουλείαν,
471 2765 510 2816 δτι
528 2762 556 2814 σύ
569 2763 624 2833 περὶ
642 2762 753 2822 δουλείας
766 2759 849 2822 αύτοῖς

62 2839 159 2893 ²⁶³¹⁹⁶
178 2841 264 2912 ἰτὼνν
279 2841 345 2894 M
359 2843 414 2912 περὶ
431 2843 564 2906 παντελοῦς
581 2844 710 2913 διαφθορᾶς
731 2845 772 2896 ²²1
791 2845 848 2896 ⁶²⁰*
922 2870 970 2924 x1.
991 2867 1075 2921 ιιιοε
1092 2867 1158 2920 τιιν
1178 2863 1361 2918 mmmmm
1381 2863 1449 2916 ιιιιι
1468 2861 1637 2915 munos.

62 2923 168 2988 σῃεροῦς
180 2917 333 2982 ἀναστάσεως
343 2920 384 2973 καί
397 2919 548 2992 ἀναιρέσεως.
561 2921 630 2992 ’λχρι
641 2921 683 2992 μέν
698 2917 741 2974 σύν
755 2924 847 2977 τούτων

63 2995 98 3048 τά
109 3001 327 3069 πραγματικώτερσι
344 2999 403 3070 πρδς
417 3001 472 3062 τούς
491 2999 531 3053 έπί
548 3001 632 3070 χάριτι
647 3000 848 3072 πολιτευομένους
930 3005 989 3070 152,
1008 3022 1031 3058 1.
1044 3004 1102 3058 Ὅτι
1120 3004 1178 3074 μὲν,
1195 2997 1217 3054 ὦ
1236 3001 1321 3071 ἄνδρες
1341 2999 1474 3067 Ἀθηναῖοι,
1497 2999 1619 3061 Φίλιππος
1631 2999 1675 3052 σύκ

62 3074 168 3146 ῥήτοράς
179 3076 243 3131 ἐστιν
256 3076 329 3147 αύτῷ·
346 3076 375 3130 τδ
387 3076 413 3129 δέ
427 3077 537 3130 ἐντεῦθεν
553 3077 676 3131 εἰσέόαλεν
685 3078 717 3141 εἰς
730 3081 849 3150 παρέκύα·
893 3083 1026 3149 ἐποιήσατο
1047 3081 1091 3148 τήν
1104 3081 1202 3152 εἰρήνην
1217 3081 1276 3151 πρὸς
1294 3079 1369 3150 ύμᾶς,
1392 3077 1450 3130 ἀλλ’
1474 3077 1609 3130 ἀνεόάλετο
1632 3079 1675 3131 τδν

62 3171 115 3215 σιν,
124 3153 241 3219 διαβολήν
249 3153 339 3224 ὁμοίως
346 3153 453 3224 ἔχουσαν
460 3161 508 3208 τῶν
519 3157 663 3225 δωροδόκων
673 3157 797 3228 ῥητόρων,
810 3161 847 3213 ότι
891 3163 1020 3233 πόλεμον]
1033 3162 1170 3232 Σηλυθρίαν
1187 3159 1323 3230 ἐπολιόρκει
1335 3157 1473 3222 Φίλιππος,
1487 3156 1558 3210 πόλιν
1573 3162 1621 3209 τῶν
1637 3154 1677 3208 ἐπί

63 3231 99 3282 δι’
107 3229 317 3294 αύτούςΦίλιππος
326 3233 369 3286 ούκ
375 3229 401 3286 εδ
409 3241 474 3288 ποιεῖ
483 3233 528 3300 τήν
537 3235 669 3300 πόλιν,καί
675 3242 751 3290 ταῦτα
764 3237 848 3293 Ὀλυν-
891 3241 994 3312 Θρᾴκης·
1011 3240 1133 3306 Ἀθηναῖοι
1147 3238 1173 3291 δέ
1186 3235 1329 3290 ἀπέστειλαν
1343 3233 1368 3286 ἐν
1378 3239 1414 3306 τῷ
1427 3238 1503 3304 καιρῷ
1516 3233 1596 3304 τούτῳ
1605 3251 1675 3300 σιτη-

63 3310 132 3371 θίους
144 3304 171 3362 εύ
183 3311 285 3377 ποιήσας
297 3311 338 3364 καί
352 3311 487 3375 θετταλσύς
498 3314 540 3366 καί
555 3313 689 3382 Θηθαίσυς,
705 3317 748 3370 ἵνα
757 3339 848 3390 προκα.
891 3323 1001 3391 γήοοοτα
1011 3320 1093 3382 αύτοῖς
1103 3320 1189 3374 πλοῖα
1203 3317 1245 3370 καλ
1253 3315 1391 3381 ύπονοήσας
1400 3314 1524 3374 Φίλιππος
1545 3311 1578 3383 μὴ
1590 3313 1630 3367 ὶπί
1643 3333 1676 3366 σι-

63 3389 180 3442 ταλαθὼν
199 3393 253 3452 ταῖς
270 3391 397 3454 διαθολαῖς
410 3392 501 3466 έκθάλῃ
519 3393 563 3461 τήν
584 3393 726 3466 ἀντιλογίαν
742 3399 846 3470 δμοίως,
891 3401 965 3470 τηγίφι
988 3399 1138 3468 πεπομφέναι
1153 3397 1183 3449 τά
1194 3396 1286 3460 πλοῖα,
1310 3393 1367 3444 ἀλλ’
1388 3393 1427 3447 έπί
1445 3393 1575 3463 συμμαχίᾳ
1595 3392 1675 3459 Σηλυ·

62 3473 80 3536 ή
94 3471 199 3523 δέδοικεν
210 3469 296 3534 αύτούς
308 3475 499 3543 ποιησομένους,
514 3473 557 3526 καί
566 3475 598 3525 δι’
610 3475 639 3541 ἣν
656 3474 742 3543 ἐδεήθη
754 3479 847 3532 τούτων
891 3479 1014 3548 δριανῶν,
1032 3476 1106 3529 ἔλαθε
1116 3481 1193 3528 ταῦτα
1206 3475 1237 3528 τά
1248 3475 1344 3536 πλοῖα,
1355 3473 1397 3524 καί
1409 3473 1529 3542 γέγραφεν
1544 3469 1676 3538 Ἀθηναίοις

63 3551 162 3604 πάντων
183 3555 232 3602 τῶν
250 3549 347 3622 λόγων
365 3555 406 3606 καί
421 3553 511 3620 ταύτην
532 3555 660 3620 καθίστησι
679 3557 799 3626 φανεράν,
815 3559 848 3621 ὡς
893 3555 1040 3622 ἐπιστολὴν,
1073 3553 1216 3624 αἰτιώμενος
1239 3554 1277 3604 δτι
1299 3551 1414 3620 βοηθοῖεν
1443 3549 1619 3619 Σηλυῦριανοῖς
1648 3549 1676 3602 σύ

64 3631 142 3700 ἔφην,
158 3629 197 3682 διά
215 3637 263 3684 τῶν
279 3630 390 3702 ἐλέγχων
403 3628 439 3684 ὧν
460 3633 519 3702 πρὸς
538 3631 711 3704 Ἀριστόδημον
731 3639 846 3691 ποιεῖται.
892 3633 1150 3707 συμπεριειλημμένοις
1163 3634 1217 3692 ταῖς
1231 3630 1374 3696 συνθήκαις,
1393 3627 1435 3679 καί
1445 3628 1500 3697 παρ’
1520 3626 1601 3688 αύτοῖς
1611 3627 1676 3680 εἰναι

63 3709 148 3762 Ταῦτα
164 3708 191 3762 δί
202 3711 318 3763 συντείνει
338 3712 466 3782 σύμπαντα
484 3711 541 3782 πρδς
555 3709 599 3777 τήν
614 3712 684 3766 λύσιν
698 3717 740 3779 τῆς
754 3714 847 3770 ἀντιθέ-
892 3717 921 3769 τδ
932 3715 1050 3767 λελύσθαι
1071 3711 1115 3776 τὴν
1136 3709 1245 3780 εἰρήνην,
1265 3707 1372 3761 ἀπειλῶν
1387 3725 1412 3758 τε
1431 3704 1575 3776 ἀμυνεῖσθαι
1591 3705 1678 3769 αύτούς

63 3807 136 3848 σεως.
176 3785 274 3854 Ἐπειδὴ
287 3787 335 3859 γάρ
351 3789 482 3854 ἀντέπεσε,
499 3790 545 3842 Καί
559 3789 600 3842 διά
618 3791 642 3843 τί
656 3793 794 3862 δεησόμεθα
808 3797 849 3848 καὶ
894 3793 963 3848 παντὶ
986 3793 1072 3846 σθένει.
1111 3789 1205 3854 Ταύτης
1223 3791 1266 3852 τῆς
1291 3785 1420 3850 {merom
1445 3783 1678 3854 ἆθᾱγθωῦίίῑίσθςὸ

64 3865 100 3926 εἰς
114 3866 184 3918 ποίαν
198 3867 282 3936 χρείαν
300 3872 344 3920 τοῦ
363 3869 493 3939 βασιλέως
509 3867 606 3922 διέύαλε
624 3870 679 3932 τούς
698 3869 800 3941 ῥήτορας
812 3874 850 3928 λέ·
892 3873 1047 3944 Δημοσθένης
1060 3869 1187 3940 προτρέπει
1205 3869 1313 3936 φανερῶς
1328 3863 1367 3917 ἐπί
1387 3864 1429 3916 τδν
1443 3861 1562 3933 πόλεμον,
1583 3861 1615 3923 ὡς
1634 3868 1678 3914 τοῦ

65 3963 118 4013 γων
131 3943 229 4008 σύνηθες
238 3943 303 3998 εἰναι
313 3945 394 4016 λέγειν
405 3945 487 4008 αύτοῖς
500 3951 577 4000 ταῦτα
586 3945 610 4009 ἐξ
621 3944 657 3999 ὧν
672 3948 794 4000 κωλύουσι
804 3949 848 4016 τήν
893 3951 1018 4003 Φιλίππου
1039 3947 1174 4006 δεδωκότος
1199 3946 1227 3998 τδ
1245 3945 1367 4014 σύνθημα.
1405 3941 1492 3994 Ἐοικε
1514 3941 1540 3994 δέ
1551 3945 1677 4012 προτροπῇ

64 4021 148 4076 πόλιν.
163 4023 244 4076 Ταῦτα
255 4024 303 4096 γάρ
317 4026 371 4096 περί
384 4027 510 4080 Φιλίππου
521 4027 603 4096 λέγειν
616 4026 739 4092 εἰώθασιν,
752 4027 803 4082 ἐπεὶ
813 4031 848 4082 τί·
893 4047 940 4080 τινι
952 4026 991 4080 έπί
1008 4025 1170 4097 στρατοπέδου
1184 4023 1310 4096 λεγομένῃ
1323 4021 1419 4093 μᾶλλον
1436 4021 1452 4087 ἢ
1464 4021 1615 4091 δημηγορίᾳ.
1630 4021 1676 4072 Kal

65 4121 108 4162 νος
121 4103 200 4154 ἕνεκεν
213 4102 282 4156 αύτοί
292 4101 335 4170 τὴν
346 4102 451 4174 ἡσυχίαν
466 4105 510 4158 σύκ
519 4107 635 4176 ἀγουσιν,
652 4105 718 4161 ἀλλὰ
734 4113 765 4179 τῇ
778 4109 849 4162 πόλει
893 4111 998 4180 περιέχει
1016 4106 1137 4177 κεφάλαια
1156 4105 1217 4178 τρία·
1245 4105 1274 4157 τδ
1297 4104 1408 4166 δίκαιον,
1425 4102 1455 4154 τδ
1476 4103 1614 4171 συμφέρον,
1647 4102 1676 4153 τδ

64 4179 256 4252 συμθουλεύουσι
270 4181 304 4254 μὴ
321 4185 466 4253 προεστάναι
479 4191 527 4238 τῶν
545 4183 684 4251 Ἑλλήνων·
698 4189 730 4258 τῇ
746 4187 789 4256 μέν
802 4187 850 4258 γὰρ
892 4187 1005 4239 δυνατόν.
1045 4183 1091 4236 Καὶ
1108 4183 1230 4255 λαμύάνει
1249 4183 1278 4236 τ“ο
1294 4181 1337 4253 μέν
1360 4181 1453 4232 δίκαιον
1475 4177 1507 4240 εἰς
1527 4176 1677 4242 κατασκευήν

65 4261 175 4330 ἀνάγκην
185 4261 280 4314 ύπεῖναι
286 4266 431 4333 προστατεῖν
439 4268 482 4316 τοῦ
488 4267 570 4316 κοινοῦ
576 4267 669 4334 γένους,
677 4268 759 4328 τοῖςδὲ
767 4267 851 4338 ῥήτορ-
894 4271 936 4318 τοῦ
945 4267 1057 4318 δυνατοῦ·
1072 4263 1100 4317 τδ
1114 4263 1139 4316 δέ
1151 4263 1254 4315 δυνατδν
1273 4262 1402 4330 καινοτέρφ
1420 4259 1516 4330 μεθόδῳ
1531 4257 1674 4328 μετακεχεί·

65 4359 104 4394 σιν
114 4340 228 4412 ούδεμίαν
234 4341 343 4413 ἀνάγκην
355 4342 565 4415 εἶναιφιλοτιμίαν
573 4349 780 4416 περιεργάζεσθαι.
788 4351 847 4402 TV.
892 4363 972 4414 ριοται
984 4345 1025 4396 καί
1039 4342 1256 4413 ἀγωνιοτικωτέρῳ
1272 4341 1355 4412 τρόπῳ
1370 4338 1559 4409 συμπέπλεκται·
1582 4335 1611 4387 οδ
1623 4335 1671 4406 γὰρ

106 4421 165 4484 134,
188 4423 230 4474 15.
246 4421 334 4476 Ούδενί
351 4425 433 4494 μέντοι
455 4425 569 4494 μᾶλλον]
585 4425 618 4487 εἰς
632 4427 674 4479 τύν
693 4427 747 4498 περ]
760 4435 808 4481 τῶν
823 4429 849 4482 έν
894 4423 943 4494 ι’δίφ
956 4423 998 4494 μέν
1010 4423 1115 4494 περὶτῆς
1132 4423 1227 4483 πόλεως
1243 4419 1355 4492 εἴρηκεν,
1373 4417 1422 4488 ἰδίᾳ
1433 4417 1459 4470 δέ
1472 4417 1527 4487 περὶ
1539 4415 1676 4477 Φιλίππου,

64 4499 211 4570 ΧΕΡΡθθίίσῑι)
223 4503 324 4555 ῐῑῖθῒᾱῑ·
335 4505 366 4556 Β·
893 4504 950 4556 ἀλλ’
962 4503 994 4565 εἰς
1008 4501 1095 4556 ταύτδν
1109 4502 1189 4568 ἥνωκε
1203 4501 1244 4553 καί
1253 4499 1391 4570 συνήγαγεν
1411 4497 1484 4568 ἀμφω
1500 4495 1530 4550 τίι
1553 4497 1612 4566 μέρη
1631 4497 1674 4550 τοῦ

101 4580 163 4642 234,
182 4583 222 4634 18.
241 4579 284 4642 Ἐξ
292 4580 416 4652 ἀνάγκης]
427 4582 575 4655 ἀναγκαίως.
591 4586 621 4639 Ρ.
893 4585 1011 4647 δυνατοῦ,
1026 4583 1067 4634 καί
1080 4583 1180 4654 τοιαύτῃ
1195 4581 1292 4651 μεθόδῳ
1303 4579 1358 4648 περὶ
1367 4582 1440 4630 τοῦτο
1453 4577 1587 4646 κέχρηται,
1599 4591 1678 4643 περιτ-

105 4659 164 4722 135,
180 4677 205 4727 7¹
217 4659 387 4733 Τοῖςάρχουοι
398 4663 573 4735 βουλομένοις]
589 4661 644 4718 ἀντὶ
655 4669 699 4718 τοῦ
710 4665 759 4736 ἀργ
761 4686 805 4732 ειν,
816 4667 849 4730 ὡς
894 4663 993 4734 τότερόν
1007 4681 1031 4715 τι
1041 4666 1083 4712 νῦν
1102 4661 1117 4728 ή
1134 4659 1159 4713 ἐν
1173 4666 1208 4730 τῷ
1222 4660 1325 4730 δευτέρῳ
1341 4663 1389 4709 τῶν
1410 4656 1576 4708 Ὀλυνθιακῶν
1592 4671 1677 4723 προσε·

65 4737 91 4790 ἐν
107 4741 142 4807 τῷ
156 4737 219 4790 τέλει
232 4743 276 4791 τοῦ
289 4741 343 4810 περὶ
354 4741 491 4805 Συντάξεως
502 4743 589 4813 λόγου·
610 4769 621 4788 ι
639 4743 701 4814 ύμᾶς
715 4741 758 4797 ούν
773 4745 849 4816 ύπάρ-
894 4741 982 4810 Εευρὼν
992 4740 1033 4790 καί
1043 4739 1123 4800 διδούς
1134 4741 1223 4809 χρῆσθέ
1243 4737 1388 4808 &ww
1405 4741 1453 4788 τῶν
1467 4735 1589 4805 Ρῑθόδωθ·
1608 4731 1681 4783 Ἐθῑῗ

69 4843 79 4866 ι
95 4817 133 4878 ξαι
143 4817 286 4888 δεῖχρηστά
306 4821 484 4890 βουλομένους,
509 4823 549 4874 καὶ
569 4823 647 4875 πάντα
663 4821 710 4884 ἕξει
727 4823 808 4886 καλῶς
824 4847 847 4888 ν,
895 4821 937 4891 μέν
952 4819 1000 4891 γάρ
1014 4816 1044 4886 ἦν
1057 4818 1171 4888 έκάτερον
1190 4818 1231 4870 καί
1242 4817 1318 4888 λόγος
1335 4815 1390 4886 περί
1403 4815 1505 4886 ἑκάστου
1522 4814 1675 4884 κεχωρισμέ·

65 4895 123 4948 ἀντὶ
138 4899 181 4946 τοῦ
199 4897 241 4949 δεῖ
256 4897 353 4968 χρηστά
378 4899 518 4970 βούλεσθαι.
558 4899 591 4952 ἸΙ
613 4901 657 4953 ίνα
670 4901 744 4974 λείπῃ
765 4902 793 4954 τδ
816 4901 851 4955 εἰ·
894 4923 935 4965 νος
949 4900 1046 4964 άπλῶς,
1065 4899 1168 4952 ἐνταῦθα
1182 4899 1207 4951 δέ
1220 4897 1322 4952 διπλοῦν
1341 4899 1369 4951 τ“ο
1390 4895 1469 4958 εἶδος,
1488 4895 1549 4948 κατά
1568 4895 1597 4948 τδ
1618 4893 1677 4946 αύτδ

66 4994 115 5026 W·
129 4975 184 5026 ΒΥ·
894 4981 1119 5054 συμπεπλεγμένων
1134 4985 1182 5032 τῶν
1197 4980 1240 5031 δύο
1253 4980 1380 5040 δυνατῶν,
1394 4977 1436 5028 καὶ
1450 4976 1551 5028 λέλυκεν
1573 4975 1598 5028 ἐν
1610 4974 1676 5046 αύτῷ

105 5055 164 5120 137,
186 5073 210 5122 7.
230 5056 264 5109 Τδ
279 5058 301 5109 δ’
313 5055 361 5128 ούχ
377 5058 452 5121 οθτως
472 5058 540 5131 ἔχει]
558 5058 605 5113 λα’
624 5059 733 5113 ἐντεῦθεν
748 5061 793 5122 έως
807 5063 850 5113 τοῦ
894 5062 1062 5132 ἀνθυποφορέιν
1075 5061 1116 5113 καί
1126 5059 1256 5112 ἀντίθεσιν·
1273 5056 1319 5123 τὴν
1331 5057 1373 5128 μέν
1384 5056 1431 5110 aab
1450 5060 1492 5122 τῆς
1510 5055 1622 5126 έργασίας
1632 5075 1675 5107 κα-

68 5133 149 5202 ἐτέρσυ
171 5132 328 5205 ἀστερίσκου,
344 5142 388 5190 τοῦ
408 5138 485 5210 λόγου
507 5144 551 5194 τοῦ
575 5140 629 5212 περὶ
649 5145 696 5192 τῶν
720 5139 745 5194 ἐν
761 5141 849 5212 Χερρο-
894 5139 1012 5206 τασκευὴν
1027 5141 1067 5192 καί
1077 5137 1196 5198 ἀπόδειξιν
1211 5137 1244 5198 ιὀς
1259 5135 1282 5198 ἐξ
1294 5136 1502 5207 ὁμολογουμένων
1513 5133 1675 5203 είλημμένην,

67 5213 135 5286 ἰθῖῳ
147 5213 317 5286 ἐῖῑίθῦθέθῖθς
331 5216 405 5274 έσῐίθι
419 5221 449 5273 Β·
895 5221 927 5283 ῶς
936 5219 1132 5292 παραθεθηκότος
1145 5215 1188 5284 τὴν
1198 5216 1295 5288 εἰρήνην
1305 5216 1438 5270 Φιλίππου·
1454 5215 1535 5286 ἑτέραν
1546 5217 1572 5267 δὲ
1582 5219 1624 5266 τοῦ
1635 5215 1676 5264 δυ-
