4154 6064
125 460 268 559 ρων.)

120 588 284 659 Φίλιππον,
294 585 338 643 ἵνα
350 583 388 661 μή
401 581 468 659 μετὰ
481 585 531 640 τῶν
544 579 630 640 άλλων
643 579 777 651 Ἑλλήνων
791 579 848 638 ἀλλ’
863 579 915 661 ἰδίορ

122 673 281 746 ποιήσησθε
292 671 339 742 τήν
353 669 471 750 εἰρήνην·
486 670 531 747 (σε)
545 667 661 747 δεύτερον
675 668 697 726 δ’
708 667 778 734 ὅπως
790 665 914 743 μὴμόνον

123 761 185 832 τὴν
199 761 302 839 εἰρήνην
317 756 386 816 ἀλλά
396 756 441 815 καλ
456 754 612 834 συμμαχίαν
626 745 690 812 εἰναι
701 757 837 834 ψηφιεῖσθε
851 754 915 832 πρὸς

125 847 284 922 Φίλιππον,
302 842 336 902 ἵν’
353 843 377 901 εί
393 865 459 910 τινες
479 841 631 920 προσέχοιεν
642 843 679 919 τῷ
693 839 786 909 πλήθει
800 841 837 919 τῷ
850 842 915 916 ὑμε-

124 931 216 1012 τέριρ,
228 933 264 998 εἰς
274 929 321 1000 τήν
329 927 443 1007 ἐσχάτην
451 926 586 1004 ἐμπέσοιεν
597 926 719 1003 ἀθυμίαν,
728 929 835 1005 δρῶντες
847 929 915 1002 ὑμᾶς

127 1018 231 1084 αὖτοὺς
245 1017 292 1094 μίν
307 1015 524 1095 παρακαλοῦντας
545 1011 588 1070 ἰπὶ
603 1011 648 1070 τθν
661 1011 788 1088 πόλεμον,
808 1011 873 1070 οἴκοι
888 1012 914 1070 cl

130 1105 178 1181 μὴ
197 1104 273 1181 μόναν
294 1101 397 1180 εἰρήνην
412 1099 480 1158 ἀλλὰ
493 1098 539 1156 καί
553 1098 707 1176 συμμαχίαν
728 1099 915 1178 ἐψηφισμένους

95 1211 111 1246 s
129 1192 280 1249 ποιεῖσθαι·
303 1185 388 1266 τ’ρίτον
410 1184 437 1243 δί
457 1183 526 1251 ὅπως
549 1182 751 1262 Κερσσόλίπτης
773 1187 787 1240 ό
809 1184 916 1264 Θρᾴκης

135 1274 262 1355 βασιλεὺς
282 1273 319 1350 μὴ
334 1273 407 1331 ἔσται
425 1271 543 1350 ἔνορκος,
560 1271 626 1346 μηδὲ
644 1269 767 1346 μετέσται
788 1273 834 1340 τῆς
848 1291 916 1344 συμ-

135 1362 241 1440 μαχίας
252 1359 297 1417 καὶ
308 1361 354 1430 τῆς
367 1358 469 1437 εἰρήνης
480 1358 559 1438 αὐτῷ.
568 1354 774 1434 Παρηγγέλλετο
784 1355 806 1412 δ’
815 1357 856 1413 ἐπ’
867 1358 915 1414 αὖ·

132 1449 183 1506 τὸν
198 1447 250 1520 ἤδη
266 1444 398 1525 στρατεία.
424 1445 469 1522 (σε)
490 1442 543 1504 Καὶ
567 1445 641 1500 ταῦθ’
654 1447 668 1500 ὁ
683 1439 730 1519 μίν
745 1439 916 1518 ἐξωνούμενος

136 1536 189 1592 οὒκ
211 1531 295 1604 ἠδίκιι
322 1531 390 1611 (πρό
405 1528 457 1611 γὰρ
473 1532 525 1587 τῶν
546 1528 628 1610 όρκων
650 1527 695 1587 καί
717 1531 768 1587 τῶν
785 1533 917 1599 συνθηκῶν

138 1620 302 1694 ἀνεμέσητον
321 1609 352 1689 ήν
376 1618 447 1696 αὐτῷ
469 1615 591 1694 πράττειν
615 1613 648 1671 τὰ
672 1613 869 1694 συμφέροντα),
894 1616 917 1672 οἰ

140 1706 165 1762 δ’
179 1705 337 1781 ἀποδόμενοι
354 1701 399 1761 καί
421 1699 692 1772 κατακοινωνήσαντες
709 1699 742 1758 τά
759 1705 805 1770 τῆς
819 1700 919 1766 πόλεως

93 1807 122 1846 10
139 1791 238 1871 ἰσχυρδ
251 1790 365 1868 μεγάλης
378 1780 530 1870 ἀργῆςήσαν
542 1787 618 1855 ἄξιοι·
631 1791 644 1846 θ
656 1784 705 1866 γάρ
720 1787 919 1864 μισαλέξανδρος

139 1879 198 1936 νυνὶ
212 1877 319 1957 φάσκων
331 1867 395 1935 εἶναι
409 1874 455 1934 καί
467 1874 526 1934 τότε
538 1873 722 1954 μισοφίλιππος
736 1875 903 1950 Δημοσθένης
910 1918 918 1946 ,

140 1964 219 2035 herle
237 1962 321 2032 ξενίαν
337 1962 395 2039 ἰμολ
413 1961 547 2042 προφέρων
565 1959 613 2031 τὴν
630 1959 809 2041 Ἀλεξάνδρου,
827 1961 919 2040 γράφει

140 2051 285 2132 ψήφισμα,
310 2049 368 2117 τοὺς
392 2047 495 2130 καιροὺς
519 2053 566 2118 τῆς
595 2047 694 2115 πόλεως
719 2048 919 2128 θφαιρσύμενος,

141 2139 189 2214 (σε)
204 2135 345 2207 ίκκλησίαν
358 2143 440 2194 ποιεῖν
453 2133 511 2201 τούς
523 2133 660 2213 πρυτάνεις
671 2158 704 2212 τη
719 2135 796 2213 ὀγδόη
810 2134 918 2210 ἱσταμέ-

140 2221 476 2303 νσυτοῦἘλαφηόολυῶνος
499 2221 596 2298 μηνός,
617 2221 654 2280 ὅτ’
667 2213 699 2292 ἦν
717 2225 754 2302 τῷ
772 2222 920 2302 Ἀσκληπιῷ

141 2315 158 2380 ἡ
174 2308 250 2368 θυσία
264 2309 309 2368 καλ
321 2313 335 2367 δ
347 2307 484 2389 προαγών,
494 2310 521 2366 ἐν
533 2312 566 2386 τῇ
580 2311 638 2387 ἱερᾷ
651 2306 756 2388 ἡμέρη,
770 2307 784 2366 δ
796 2309 919 2387 πρότερον

97 2413 125 2453 ιε
143 2397 226 2464 οὖδείς
241 2395 373 2474 μέμνηται
393 2395 541 2472 γενόμενον,
555 2393 612 2452 τίνα
624 2392 753 2474 πρόφασιν
773 2391 921 2470 ποιησόμε·

142 2505 204 2562 νος;
217 2481 274 2554 lucr,
287 2481 374 2562 φησίν,
397 2480 442 2538 ele
461 2480 511 2553 ήδη
531 2484 648 2560 παρῶσιν
669 2483 693 2538 οἱ
714 2485 759 2538 τοῦ
782 2481 920 2542 Φιλίππου

142 2569 280 2650 πρέσύιις,
297 2567 467 2646 βουλεύσηται
487 2571 501 2625 ὁ
517 2568 598 2642 δῆμος
614 2569 649 2634 ῶς
665 2565 777 2646 τάχιστα
791 2567 851 2644 περί
870 2571 921 2625 τῶν

143 2656 208 2734 πρὸς
222 2655 369 2727 Φίλιππον,
380 2657 433 2720 τοῖς
445 2651 517 2712 ούπω
527 2657 641 2734 παροῦσι
651 2652 778 2733 πρόσόεσι
789 2676 921 2732 προκατα-

143 2741 286 2818 λαμόάνων
300 2737 348 2810 τήν
365 2739 504 2811 ἐκκλησίαν
521 2739 566 2797 καί
578 2738 636 2806 τοθς
653 2738 758 2818 χρόνους
773 2741 844 2814 ὑμῶν
857 2741 920 2796 buc·

143 2827 300 2906 τεμνόμενος
312 2827 357 2886 καί
369 2826 399 2884 τό
411 2833 521 2906 πρᾶγμα
535 2827 735 2903 κατασπεύδων,
747 2826 790 2884 ἰνα
805 2825 842 2902 μή
855 2827 921 2903 μετὰ

142 2919 194 2974 τῶν
222 2915 308 2974 ἄλλων
334 2911 472 2983 Ἑλλήνων
498 2913 690 2973 ἐπανελθόντων
713 2917 765 2971 τῶν
791 2913 920 2993 ύμιτίρων

142 3002 277 3083 τρέσόεισν
289 2999 357 3060 ἀλλά
365 2999 438 3076 μόνοι
449 2999 594 3071 ποιήσησθε
601 2999 648 3071 τήν
658 2999 771 3079 εἰρήνην.
787 3002 833 3080 με)
845 3001 922 3060 Μετὰ

100 3107 131 3146 an
142 3088 170 3149 il
183 3095 282 3160 ταῦτα,
294 3077 316 3146 ῶ
329 3087 469 3158 Ἀθηναῖοι,
479 3079 543 3158 ήκον
553 3089 576 3146 οἱ
587 3091 632 3144 τοῦ
642 3087 777 3146 Φιλίππου
787 3086 921 3168 πρίσόεις·

144 3180 168 3235 οἰ
181 3176 209 3235 δί
221 3173 342 3254 θμέτεροι
355 3173 507 3250 ἀπεδήμουν
521 3176 732 3254 παρακαλοῦντες
745 3173 803 3240 τοὺς
820 3174 922 3244 Ἕλλη·

142 3287 190 3330 νας
204 3261 403 3322 iciodorum.
421 3259 542 3320 Ἐνταῶθ’
560 3261 646 3338 ἕτερον
660 3259 782 3340 ψήφισμα
796 3269 856 3342 νικᾷ
871 3263 923 3332 Δη·

144 3348 287 3427 μοσθένης,
310 3338 375 3428 ένῷ
395 3346 489 3428 γράφει
511 3345 549 3424 μὴ
573 3347 650 3424 μόνον
668 3345 733 3427 ὑπὲρ
753 3351 799 3418 τῆς
821 3348 923 3428 εἰρήνης

143 3435 214 3496 ἀλλὰ
227 3435 273 3495 καί
287 3433 440 3512 συμμαχίας
453 3437 521 3507 ὑμᾶς
532 3433 723 3512 βουλεύσασθαι
735 3478 744 3510 ,
758 3434 794 3510 μή
807 3435 922 3515 περιμεί-

142 3546 238 3591 ναντας
250 3521 309 3590 τυλς
322 3520 442 3600 πρέσόιις
454 3520 514 3588 τοὺς
536 3520 676 3603 θμετίρσυς
690 3521 748 3580 ἀλλ’
768 3520 841 3588 εύθδς
857 3522 923 3598 μετὰ

142 3613 179 3670 τὰ
190 3609 313 3670 Διονύσια
328 3609 361 3666 τὰ
374 3609 400 3666 ἰν
412 3606 498 3685 ἀστει,
513 3631 547 3687 τη
558 3607 636 3688 ὀγδόη
648 3608 693 3667 καλ
707 3607 785 3688 ἐνάτῃ
795 3608 839 3667 ἰπλ
850 3609 923 3670 δέκα.

142 3698 210 3757 Ὅτι
225 3699 248 3755 δ’
261 3698 344 3768 ἀληθῆ
353 3693 434 3774 λέγω,
446 3693 575 3754 ἀκούσατε
589 3697 639 3753 τῶν
653 3695 841 3775 ψηφισμάτων.

432 3841 627 3892 seclorum.

106 3985 133 4024 νε
186 3985 223 4024 σε.
245 3963 354 4035 Ἐπειδὴ
367 3962 464 4040 τοίνυν,
488 3953 511 4023 ιθ
535 3963 678 4035 Ἀθηναῖοι,
696 3963 870 4044 παρεληλύθει
892 3961 925 4021 τδι

146 4053 291 4131 Διονύσια,
304 4053 418 4132 ίγίνυντο
429 4052 458 4111 δί
473 4053 501 4110 αἰ
516 4051 670 4124 ἀκκλησίαι,
683 4053 709 4109 ἰν
724 4049 750 4109 δί
765 4075 798 4130 τη
810 4049 925 4132 προτέρη

145 4146 199 4202 τῶν
218 4143 363 4212 ἐκκλησιῶν
382 4137 529 4218 ἀνεγνώσθη
547 4139 633 4216 δόγμα
652 4137 736 4198 καενδν
750 4141 803 4196 τῶν
819 4138 926 4215 συμμά-

146 4253 215 4308 χων,
234 4262 274 4274 -
293 4219 323 4288 ού
338 4225 372 4286 τά
389 4227 520 4304 κεφάλαια
534 4224 577 4284 int
598 4223 717 4304 βραχίων
739 4225 792 4304 ἐγὼ
811 4229 924 4305 προερῶ.

148 4317 260 4396 Πρῶτον
275 4313 322 4390 μίν
343 4313 394 4393 γθρ
414 4313 532 4392 ἔγραψαν
550 4311 615 4392 ὑπὲρ
636 4311 739 4391 εἰρήνης
760 4316 827 4389 ύμθς
850 4310 926 4386 μόνον

149 4401 339 4481 βουλεύσασθαι
346 4445 355 4475 ,
363 4401 393 4459 τδ
402 4399 430 4459 δί
440 4405 485 4470 τῆς
494 4398 648 4478 συμμαχίας
659 4397 741 4474 ὄνομα
751 4399 916 4479 θπερίόησαν

148 4493 197 4549 cdx
214 4488 427 4565 ἐπιλελησμένοι,
438 4486 506 4545 ἀλλὰ
519 4489 565 4545 καί
576 4486 623 4557 τήν
638 4485 742 4566 εἰρήνην
755 4487 926 4564 ἀναγκαιοτέ-

109 4597 136 4636 ευ
151 4599 199 4656 ραν
216 4574 234 4646 ἢ
247 4575 348 4634 καλλίω
360 4572 585 4650 θπολαμύάνοντες
600 4563 683 4630 εἰναι·
703 4571 793 4632 ἔπειτα
809 4572 926 4644 ἀπήντη-

150 4685 200 4721 σαν
222 4665 303 4742 ὀρθῶς
329 4660 462 4738 ἰασόμενοι
486 4659 516 4718 τὸ
536 4657 716 4735 Δημοσθίνους
738 4660 926 4739 δωροδόκημα,

150 4749 194 4828 (70)
209 4749 254 4808 καλ
267 4747 452 4828 πρσσίγραψσν
464 4750 490 4806 ἰν
502 4749 540 4826 τῷ
552 4745 664 4824 δόγματι
677 4745 769 4813 ἐξεῖναι
782 4749 819 4826 τῷ
835 4749 925 4824 βουλο·

150 4837 222 4917 μένῳ
231 4839 282 4894 τῶν
298 4834 433 4906 Ἑλλήνων
450 4835 478 4892 ἰν
491 4834 560 4913 τρισὶ
573 4833 652 4911 μησίν
666 4835 702 4900 εἰς
713 4831 761 4903 τὴν
775 4831 855 4904 αθτήν
869 4833 929 4904 στή·

149 4925 199 4995 λην
218 4921 413 5002 ἀναγεγράφθαι
434 4921 490 4998 μετ’
508 4919 651 4992 Ἀθηναίων
669 4919 714 4978 καί
739 4919 857 4997 μετέχειν
876 4923 927 4978 τῶν

150 5009 233 5090 ὅρκων
251 5007 296 5068 καί
310 5011 362 5065 τῶν
376 5009 521 5084 συνθηκῶν,
539 5005 584 5065 δύο
605 5007 716 5084 μέγιστα
741 5007 927 5084 προκαταλαμ·

151 5095 287 5166 όάνοντες,
297 5096 400 5172 πρῶτον
413 5091 461 5170 μίν
471 5091 515 5151 τδν
526 5091 618 5171 χρόνον
628 5091 671 5150 τδν
681 5095 727 5162 τῆς
738 5089 862 5171 τριμήνου
872 5099 928 5158 ταῖς

111 5193 137 5235 ³⁵
149 5186 200 5241 τῶν
212 5179 351 5252 Ἑλλήνων
363 5178 511 5260 πρεσόείαις
523 5177 611 5236 ἱκανόν
625 5176 743 5257 γενέσθαι
756 5178 925 5257 παρασκευά·

618 452 804 514 osculllls
823 453 882 512 Oli.
905 452 944 512 ΙΝ
966 453 1269 516 ctesiphontem.

1684 473 1737 522 ¹09

963 603 1020 640 eum
1030 592 1114 642 oeteis
1124 593 1213 642 Grecis
1224 592 1265 642 sed
1281 593 1398 654 privatam
1413 606 1469 643 eum
1485 605 1514 644 eo
1530 607 1611 658 pacem
1630 595 1720 648 iacietis
1732 618 1737 646 :

960 684 1009 746 (tlh)
1018 685 1105 736 θσίιιθο
1113 687 1141 734 ut
1149 698 1198 735 uun
1207 699 1289 749 pacem
1298 689 1444 738 mntumsed
1454 690 1526 739 etiam
1534 691 1672 741 societatem
1680 705 1734 740 cunr

960 777 1068 841 Phiiippo
1077 780 1220 842 scisceretis,
1237 783 1274 841 ot,
1285 780 1305 828 el
1314 780 1357 842 qui
1368 781 1429 830 torte
1440 782 1527 843 populo
1543 783 1680 832 Atheniensi
1692 795 1737 832 ao·

960 871 1130 934 scultaveraut,
1141 872 1172 921 ad
1183 884 1303 922 stammam
1312 871 1436 934 adigantur
1453 871 1651 934 desperationem,
1662 887 1738 936 quum

963 962 1069 1013 riderent
1078 977 1122 1014 vos
1137 964 1181 1015 ubl
1192 964 1289 1028 quidem
1301 963 1357 1013 helli
1372 964 1515 1026 suscipiendi
1529 965 1662 1015 hortatores
1672 979 1738 1028 esee,

961 1055 1025 1106 domi
1035 1057 1229 1107 verunonmodo
1238 1070 1385 1120 pacemenm
1395 1058 1648 1109 eosedetsccletntem
1657 1060 1739 1110 ἰοευιι·

962 1151 1018 1200 daun
1034 1151 1165 1202 decrer'uee
1185 1173 1192 1202 ι
1209 1157 1329 1216 postremo
1344 1165 1375 1202 ne
1390 1166 1433 1202 rex
1449 1155 1556 1204 Thracio
1575 1156 1740 1218 cereohleptes

961 1245 1051 1296 loedere
1058 1247 1228 1309 contineretur,
1235 1260 1296 1298 neve
1304 1247 1368 1310 pecie
1379 1259 1408 1296 ee
1416 1248 1534 1298 societatis
1540 1251 1602 1299 esset
1611 1251 1737 1313 particeps.

961 1344 1016 1391 Jam
1027 1344 1108 1391 nutem
1120 1340 1239 1404 expeditio
1251 1339 1276 1390 lu
1287 1354 1343 1390 eum
1355 1344 1407 1391 erat
1420 1339 1517 1391 indicta.
1551 1345 1601 1406 (de)
1623 1349 1702 1406 Atque
1718 1346 1739 1395 ls

962 1433 1059 1496 quidem
1074 1432 1175 1495 quihoec
1186 1433 1318 1482 redimebat
1336 1431 1394 1482 nilrll
1407 1433 1462 1483 iecit
1480 1434 1555 1496 iniqui
1577 1435 1648 1497 (nem
1662 1439 1740 1499 priua·

963 1539 1036 1589 qnam
1053 1527 1202 1576 sacramenta
1219 1528 1244 1576 ct
1258 1525 1347 1576 loedere
1367 1526 1573 1590 confirmarentur,
1591 1543 1641 1578 non
1657 1530 1741 1582 eratei

963 1619 1021 1670 vitio
1029 1621 1146 1684 dandum,
1153 1621 1174 1670 ei
1184 1621 1233 1670 suis
1239 1620 1371 1670 commodis
1377 1621 1503 1684 serviret);
1513 1623 1554 1684 qul
1565 1636 1622 1673 vero
1632 1625 1741 1686 preeeidia

964 1715 1068 1766 civitatis
1079 1716 1215 1766 vendebant
1224 1717 1248 1766 et
1257 1728 1313 1766 eum
1326 1729 1356 1765 ec
1367 1717 1591 1780 communicabant,
1609 1719 1625 1767 li
1642 1719 1740 1768 demum

963 1821 1047 1871 magun
1056 1807 1120 1871 digni
1129 1811 1199 1858 mant
1209 1809 1341 1858 iracundia.
1373 1812 1433 1858 Nasu
1446 1810 1486 1872 qui
1495 1823 1521 1859 se
1535 1823 1600 1860 nunc
1615 1812 1741 1862 Alexandri

963 1903 1022 1950 tnnc
1031 1901 1132 1963 Philippi
1147 1913 1240 1952 osorem
1254 1901 1326 1952 luiso
1337 1901 1430 1952 dictitat
1439 1903 1622 1964 Demosthenes,
1642 1904 1684 1966 qni
1697 1906 1741 1954 ho-

963 1994 1060 2056 spitium
1069 1994 1198 2044 Alexandri
1206 1995 1407 2058 rnlhiemrohrat,
1415 1995 1593 2058 decretojurhet,
1604 1996 1742 2059 reipublicae

964 2085 1112 2148 temporibus
1126 2087 1272 2148 interceptis,
1293 2088 1343 2149 (ci)
1362 2089 1390 2136 ut
1402 2090 1515 2148 prytanea
1532 2089 1671 2138 concionem
1695 2089 1739 2138 ha·
1782 2137 1784 2140 .

964 2178 1132 2228 hcnotoetavo
1145 2177 1184 2226 die
1194 2177 1282 2228 mensis
1299 2179 1503 2241 Elaphebolicnia,
1514 2193 1590 2241 quum
1607 2181 1743 2244 AEsculapio

964 2283 1032 2320 encra
1049 2269 1135 2320 liment
1152 2271 1177 2320 et
1193 2269 1307 2332 preludia
1318 2273 1454 2332 agerentur,
1478 2272 1502 2320 ln
1515 2271 1554 2322 die
1566 2273 1626 2322 testo
1643 2275 1741 2338 sedicet,

964 2369 989 2419 id
1009 2369 1074 2432 qnod
1095 2383 1167 2420 nemo
1185 2372 1242 2420 aute
1259 2371 1352 2425 iactum
1373 2384 1424 2422 me
1449 2373 1566 2423 meminit.
1605 2376 1742 2431 Quemnam

965 2484 1061 2524 causam
1082 2471 1247 2536 praetenderet
1269 2471 1377 2534 Scilicet,
1397 2475 1425 2523 ut
1446 2471 1518 2524 simul
1545 2477 1619 2538 atque
1642 2476 1742 2526 advene·

966 2571 1014 2620 rint
1039 2583 1054 2619 a
1073 2569 1183 2632 Philippo
1200 2569 1283 2632 legati,
1310 2568 1411 2630 populus
1433 2581 1506 2631 quem
1522 2571 1662 2621 maturrime
1690 2586 1744 2622 eon·

965 2663 1038 2712 enitet
1056 2662 1086 2713 de
1100 2663 1172 2712 rebus
1189 2661 1219 2711 ad
1233 2661 1365 2724 Philippum
1382 2661 1572 2725 pertinentihne;
1594 2665 1629 2714 sic
1649 2667 1682 2716 ris
1701 2668 1744 2728 qul

966 2758 1074 2808 noudum
1086 2757 1184 2807 ederant
1199 2757 1281 2820 legatis
1291 2756 1430 2806 concionem
1440 2759 1626 2820 preoccupavit,
1645 2762 1671 2808 et
1680 2762 1743 2810 tern-

966 2867 1024 2918 pore
1043 2856 1121 2904 vestra
1139 2855 1278 2916 intercepit,
1296 2867 1346 2904 rem
1363 2855 1467 2917 denique
1484 2857 1638 2921 acceleravit,
1648 2871 1744 2910 uenum

967 2954 1052 3004 cetero
1060 2953 1165 3015 Graeob,
1177 2952 1262 3002 vestris
1276 2951 1358 3015 legetis
1365 2953 1416 3014 jem
1425 2955 1541 3016 reversis,
1552 2955 1595 3006 sed
1606 2958 1649 3007 soli
1661 2971 1745 3020 pacem

967 3051 1082 3102 laceretis.
1116 3051 1165 3112 (cli)
1175 3051 1231 3100 Post
1245 3051 1311 3114 haec,
1323 3051 1485 3115 Athenienses,
1500 3053 1650 3104 advenerunt
1664 3057 1743 3107 esui·

967 3146 1031 3208 lippo
1038 3143 1122 3206 legati,
1130 3144 1202 3192 vestrl
1209 3145 1289 3193 nomm
1298 3143 1398 3193 aberant
1408 3148 1505 3196 Gueeoe
1513 3149 1596 3196 contra
1607 3149 1743 3212 Philippum

968 3244 1122 3295 concitantes.
1153 3245 1199 3293 llio
1217 3243 1319 3293 alterum
1340 3244 1412 3294 etlam
1430 3248 1601 3298 Demosthenes
1623 3255 1745 3313 expugnet

967 3344 1130 3408 plebiscitum,
1140 3343 1461 3406 quodeoernit,utvcanon
1471 3344 1568 3408 depace
1576 3349 1744 3400 solumverum

968 3448 1040 3497 etiam
1049 3447 1080 3497 de
1088 3447 1201 3497 mdetate
1210 3446 1334 3497 condilum
1348 3446 1460 3509 capiatis,
1474 3460 1522 3496 nou
1531 3453 1673 3512 exspectatis
1683 3453 1744 3515 lega·

968 3545 1001 3594 tie
1012 3543 1108 3604 cestrie,
1119 3541 1160 3594 sed
1171 3543 1253 3593 statim
1266 3545 1319 3604 post
1330 3543 1439 3605 Dionysia
1450 3544 1543 3596 urbana
1551 3545 1645 3597 decimo
1659 3549 1746 3598 octeno

968 3640 993 3687 et
1004 3651 1067 3687 nono
1077 3635 1163 3686 menate
1174 3635 1220 3686 dle.
1253 3637 1286 3686 Ut
1301 3637 1381 3684 sutem
1392 3648 1432 3686 me
1445 3649 1501 3686 vera
1512 3636 1592 3688 dicere
1600 3639 1757 3702 intelligetis·

969 3733 1050 3784 cudite
1058 3733 1161 3784 decreta.

1282 3841 1428 3924 necuere.

1001 3975 1040 4020 69.
1052 3971 1134 4026 Quum
1143 3969 1222 4032 igitur,
1232 3968 1396 4027 Athenienses,
1408 3969 1572 4030 preterierant
1585 3972 1710 4034 Dionysia,
1721 3975 1746 4022 et

971 4063 1060 4113 bahiloe
1077 4064 1134 4112 sunt
1145 4063 1284 4120 conciones,
1300 4063 1325 4109 et
1342 4063 1366 4109 ln
1385 4059 1462 4122 priore
1480 4063 1606 4113 recitatum
1624 4069 1660 4114 eet
1680 4082 1746 4118 eom·

970 4151 1746 4215 munesociorumdecretum-sedejnseummcegocspitubre·

971 4246 1175 4311 viterpraedieam.
1209 4245 1316 4294 Primum
1324 4245 1405 4306 itaque
1414 4243 1541 4294 decreuere
1551 4247 1578 4295 ut
1588 4245 1618 4294 dc
1630 4259 1687 4308 paee
1697 4249 1747 4296 tun·

971 4347 1022 4394 turn
1039 4339 1218 4400 consultaretis,
1232 4337 1351 4388 societatis
1362 4340 1443 4387 autem
1456 4351 1547 4388 nomen
1564 4340 1746 4403 preterierunt,

917 4447 926 4473 ⁹
971 4452 1020 4489 non
1029 4437 1094 4500 quod
1103 4433 1171 4485 obliti
1184 4435 1278 4496 meent,
1299 4432 1342 4482 sed
1355 4433 1419 4496 quod
1435 4435 1510 4496 ipsam
1528 4434 1600 4484 etiam
1610 4447 1692 4497 penem
1702 4449 1746 4486 ne-

971 4526 1096 4576 cessariam
1103 4526 1179 4590 magis
1187 4525 1446 4589 quamhoueetameeee
1453 4526 1624 4576 existimarent.
1657 4527 1747 4577 Deinde

972 4621 1082 4685 prudenti
1092 4621 1197 4671 remedio
1207 4618 1373 4670 Demosthenis
1387 4619 1498 4669 sordibus
1512 4623 1683 4681 occurrerunt,
1698 4621 1746 4682 (70)

972 4717 1045 4776 etque
1055 4713 1150 4763 decreto
1165 4711 1353 4775 adscripserunt,
1366 4713 1394 4761 ut
1409 4711 1505 4761 cuilibet
1516 4714 1655 4762 Grecorum
1667 4713 1748 4764 liceret

972 4805 1036 4856 intra
1044 4809 1092 4856 tres
1103 4818 1194 4856 meuses
1205 4807 1231 4854 in
1242 4804 1341 4854 enodem
1351 4805 1487 4856 columnam
1497 4819 1553 4856 cum
1568 4805 1748 4859 Atheniensibus

972 4901 1054 4951 reterri
1062 4937 1071 4962 ,
1080 4899 1163 4950 eadem
1174 4898 1317 4949 sacrementi
1329 4900 1355 4948 et
1367 4899 1483 4949 imderuru
1494 4899 1663 4949 commuuione
1671 4899 1748 4948 conti·

970 4994 1035 5055 neri,
1047 4993 1108 5042 duee
1118 5005 1156 5042 res
1172 4991 1290 5040 maximae
1302 5003 1331 5041 ea
1343 4992 1436 5042 ratione
1452 4995 1508 5042 ante
1524 4994 1680 5056 occupantes,
1698 4993 1747 5056 pri-

972 5101 1039 5138 mum
1054 5087 1151 5150 quidem
1161 5089 1264 5152 epatium
1273 5089 1393 5139 trimestre
1404 5087 1467 5151 qruod
1478 5083 1616 5138 Grteccrum
1627 5089 1747 5152 legationi·
1785 5083 1788 5089 ’

973 5186 1019 5235 hue
1027 5181 1149 5233 solueret
1156 5183 1317 5246 sumpserunt,
1323 5181 1408 5233 ddnde
1415 5183 1553 5234 Grmcnmm
1559 5181 1748 5234 benevolentiam
