3934 6350
652 482 717 543 XX.
739 481 842 542 ΠΡΟΣ
864 483 1072 546 ΛΕΙΠῚΝΗΝ.
1606 502 1664 554 659

50 614 128 682 νόμος
145 611 239 666 ἐκέλευε
251 609 285 684 μὴ
298 611 409 682 δεύτεραν
422 614 553 668 συνδικεῖν.
571 613 617 665 ίίαί
628 613 676 683 γὰρ
691 613 753 676 ἅπαξ
764 617 837 668 τοῦτο
881 615 961 686 ὄνομα
974 617 1053 672 κεῖται
1064 621 1112 669 τῶν
1135 617 1279 684 Ἀθηναίων,
1294 621 1324 690 τῇ
1338 617 1396 684 δόξη
1416 623 1459 686 τῆς
1472 620 1566 683 πόλεως
1580 619 1667 692 ἐμσαί-

48 692 156 757 ποιήσας
167 691 303 757 κωλύεται,
316 691 360 744 ίνα
372 691 405 764 μή
416 691 462 744 διά
467 692 496 745 τδ
514 693 596 764 κέρδος
606 693 733 764 ψεύδεσθαι
745 693 837 764 ἐπιχει-
882 713 930 746 νων
944 698 988 748 τοῦ
1004 696 1147 766 πράγματος
1159 696 1188 748 τδ
1202 697 1355 768 παράλογον.
1370 677 1450 752 T'cv.
1616 679 1620 691 Ι

47 773 136 839 ριῖισιν.
148 765 177 820 ‘0
184 768 210 821 δὲ
216 769 245 822 τό
253 767 286 839 μὴ
294 773 385 840 χρῆναι
391 772 511 826 συνδικεῖν
519 772 629 843 δεύτερον
639 773 746 826 καθόλου
752 772 836 842 ἐλαόε,
916 771 957 838 Λίὴ
969 773 1084 843 βούλεσθε
1097 775 1179 827 δοκεῖν
1190 775 1267 830 πλείω
1276 777 1420 842 πεποιῆσθαι
1429 774 1551 850 σπουδήν]
1564 778 1619 832 Ἵνα
1633 778 1667 850 μή

47 845 92 898 καί
102 845 179 907 οθτως
190 845 317 900 ἐκόάλλαι.
353 847 386 901 Εἰ
397 850 424 902 δέ
440 869 476 910 τις
493 849 606 917 ζητήσειε
628 856 678 913 πῶς
696 851 738 904 τδν
760 852 837 920 νόμον
882 849 960 921 ἔχωσι
976 855 1125 922 καταφυγεῖν
1140 851 1172 914 εἰς
1188 852 1357 926 ἀνάγκην,τῇ
1373 855 1486 924 βουλήσει
1499 855 1545 922 τὴν
1559 857 1666 920 ἐξουσίαν

49 923 157 976 ἐνταῦθα
179 925 269 977 τέθεικε
281 925 322 978 καί
336 925 380 978 οὐκ
398 926 424 980 ἐν
438 932 469 1000 τῇ
482 926 587 989 ἐξετάσει
599 933 643 982 τοῦ
662 928 781 1000 νομίμου,
796 928 837 982 λέ·
881 932 1020 999 πεποίηται.
1058 933 1100 1003 Τῷ
1114 932 1139 987 δέ
1152 934 1235 986 δοκεῖν
1248 935 1314 1005 παρά
1329 939 1381 996 τοῖς
1389 935 1475 997 ἀλλοις
1489 935 1598 1007 πονηρὰν
1611 935 1666 990 καθ’

48 1021 130 1073 γομεν
141 1005 180 1056 δτι
193 1003 248 1056 οὐδὲ
259 1003 364 1058 ἐνταῦθα
375 1004 490 1072 ἐξήτασεν
501 1007 534 1070 ώς
543 1009 658 1079 νόμιμον.
696 1007 777 1062 Ὅπου
790 1007 838 1079 γάρ
882 1010 977 1074 αὐτῶν,
997 1011 1071 1083 φησί,
1091 1013 1261 1083 κατασπείριτε
1275 1013 1362 1078 δόξαν,
1383 1014 1477 1086 πονηρά
1497 1016 1665 1085 βουληθέντες.

48 1080 79 1133 τδ
94 1083 201 1152 νόμιμον
214 1082 361 1153 κεφάλαιον,
384 1083 511 1151 ἐξήτασται
529 1089 606 1159 νόμῳ·
624 1085 727 1140 ἐνταῦθα
742 1086 768 1138 δί
781 1086 839 1157 πρδς
882 1091 962 1145 TCV.

48 1159 79 1212 τύ
93 1159 236 1213 διαόάλλειν
256 1165 332 1233 μόνον
345 1167 433 1217 τοῦτον
453 1163 562 1234 εἴληφεν.
602 1164 673 1218 Ἔστι
692 1163 740 1236 γάρ
754 1163 838 1218 ἐπιλο-
874 1223 877 1228 ,
917 1170 978 1234 505,
995 1174 1039 1222 26.
1058 1167 1122 1222 Ἀλλ’
1137 1168 1329 1240 ἀναμνησθέντες
1343 1176 1391 1222 τῶν
1404 1173 1510 1242 καιρῶν]
1525 1171 1600 1225 ’Λλλο
1614 1171 1666 1225 ἐπι-

48 1237 110 1308 γικά
122 1239 180 1294 θλα,
192 1241 273 1294 TCV.
882 1248 990 1320 χείρημα
1004 1247 1052 1301 ἀπδ
1070 1252 1114 1300 τοῦ
1131 1245 1197 1300 ἰσσυ·
1216 1247 1271 1301 εἰτα
1285 1249 1313 1302 τδ
1329 1248 1377 1302 ἀπδ
1396 1254 1439 1302 τοῦ
1456 1249 1567 1318 μείζονος
1580 1252 1667 1320 προσί-

87 1319 151 1385 503,
164 1337 209 1373 21.
224 1321 340 1394 Γελοων]
358 1321 454 1384 Γέλοιος
472 1321 487 1376 δ
504 1321 694 1394 καταγέλαστος·
710 1322 810 1394 γελοῖος
823 1323 837 1376 ό
882 1325 956 1390 θηκε,
972 1324 1034 1378 κατὰ
1047 1325 1123 1396 λόγον
1137 1329 1169 1396 τῇ
1181 1325 1246 1387 τάξει
1258 1329 1395 1397 χρώμενος,
1438 1325 1541 1397 Ὁμοιοῖ
1552 1327 1600 1397 γάρ
1611 1329 1666 1391 τούς

48 1398 228 1468 γελωτοποιός.
241 1402 296 1456 BY.
881 1401 1020 1473 εὐεργέτας,
1035 1403 1090 1474 περί
1101 1401 1136 1456 ῶν
1149 1403 1164 1456 ό
1175 1404 1264 1474 λόγος,
1281 1403 1400 1479 Ἁρμοδίῳ
1414 1406 1455 1460 καί
1468 1405 1664 1476 Ἀριστογείτονι,

87 1479 293 1541 503,18.Ἔστι
308 1479 373 1551 γάρ,
392 1477 415 1534 ὦ
428 1481 512 1552 ἀνδρες
529 1479 667 1548 Ἀθηναῖοι,
688 1482 779 1543 πάντας
794 1483 836 1553 μὲν
881 1481 1089 1552 συλλογιζόμενος
1102 1483 1193 1544 οὕτως·
1211 1483 1225 1536 ό
1240 1479 1267 1536 εὐ
1280 1491 1356 1537 ποιῶν
1369 1485 1398 1538 τδ
1410 1485 1493 1536 κσινδν
1508 1483 1532 1537 ἐν
1547 1485 1666 1548 κινδόνοις

49 1557 108 1619 τούς
122 1559 225 1628 νόμους]
239 1559 299 1630 ῐίερί
316 1564 359 1612 τοῦ
372 1561 459 1631 μίμους
472 1567 521 1613 τῶν
542 1559 664 1631 ἐπιλόγων
685 1561 762 1631 λέγει,
778 1563 837 1633 θπερ
882 1563 955 1622 σώζει
970 1557 1013 1626 τὴν
1028 1561 1100 1614 πόλιν
1115 1561 1156 1614 καί
1169 1560 1211 1626 τὴν
1231 1563 1397 1634 δημοκρατίαν
1407 1603 1414 1630 ,
1423 1563 1458 1625 ώς
1473 1564 1497 1616 οί
1511 1565 1566 1626 τούς
1578 1567 1666 1635 τυράν-

48 1635 117 1689 ἐστίν
133 1637 180 1691 άπδ
192 1643 236 1692 τσῦ
248 1640 362 1710 νομίμου.
377 1639 423 1692 ίίαί
438 1645 533 1710 πρῶτον
547 1639 646 1710 μένάπδ
658 1644 702 1694 τοῦ
715 1640 835 1706 ἐναντίου,
881 1659 935 1701 νσυς
950 1641 1137 1711 διαφθείραντες.
1176 1640 1251 1693 Οὐδέν
1263 1637 1306 1692 οὐν
1321 1641 1419 1704 ἀπεικός
1434 1641 1569 1703 ἐξισοῦσθαι
1584 1645 1667 1706 αὐτοῖς

49 1716 89 1767 δτι
102 1715 156 1778 ίθος
176 1716 246 1790 ήμῶν
265 1717 296 1789 ἐχ
297 1721 375 1773 όντων
396 1721 468 1789 τιμᾶν
490 1720 545 1780 τούς
558 1717 696 1790 εὐεργέτας,
712 1715 782 1782 οὗτος
795 1723 837 1775 καί
880 1717 921 1769 καὶ
935 1717 997 1771 κατά
1008 1716 1051 1779 τὰς
1062 1719 1143 1788 mag.
1181 1719 1263 1772 Ταῧῖα
1277 1719 1304 1772 δὲ
1318 1722 1452 1790 &pumat
1469 1722 1516 1778 ὐπδ
1530 1723 1666 1792 Διαφάντου

47 1795 164 1858 κολάζειν
176 1799 328 1869 προστάττει·
345 1797 370 1852 ἐν
382 1795 455 1870 ᾧκαί
469 1799 533 1850 ἀλλο
543 1798 607 1852 ἐστίν
620 1799 785 1870 ἐπιχείρημα,
798 1801 837 1853 δτι
880 1796 906 1850 ἐν
918 1798 1015 1870 στήλη,
1028 1796 1122 1869 εἰρηται
1133 1798 1159 1851 δέ
1178 1797 1225 1852 ὐπδ
1238 1803 1280 1852 τοῦ
1289 1801 1386 1870 πρώτου
1395 1799 1497 1871 ῥήτορας
1508 1802 1663 1872 Φορμίωνος.

47 1875 186 1946 εὐεργετεῖν
201 1876 244 1948 μέν
262 1877 338 1939 ἔξεστι
354 1876 417 1930 κατθι
429 1878 485 1940 τούς
505 1879 608 1948 νόμους,
627 1876 705 1932 αἰτεῖν
723 1877 835 1949 δίχάριν
879 1878 958 1931 ch.

45 1954 95 2007 οὐκ
114 1955 191 2018 ἔξεστι
210 1956 272 2010 κατά
285 1957 328 2010 τδν
346 1958 464 2010 Λεπτίνου
478 1959 564 2028 νόμον.
602 1954 666 2010 Εἰτα
681 1963 716 2029 τῷ
734 1957 834 2030 ἀτόπῳ,
916 1959 977 2021 506,
993 1956 1019 2008 3.
1034 1953 1069 2008 Οὐ
1081 1955 1129 2026 γάρ
1139 1955 1232 2010 ένιστιν
1244 1957 1370 2026 εὐορκεῖν]
1381 1955 1561 2028 Ἆποφαίνεται,
1572 1960 1615 2012 ἵνα
1630 1961 1664 2030 μή

49 2036 120 2088 ἀλλά
137 2039 281 2108 μνησθέντες
292 2042 341 2090 τῶν
359 2041 448 2106 καιρῶν
467 2037 523 2108 παρ’
537 2037 579 2099 οθς
597 2035 621 2088 οί
634 2037 779 2098 πεπονθότες
797 2032 833 2092 εὐ,
880 2037 1010 2106 μερισθῶσι
1025 2033 1070 2101 τήν
1080 2037 1183 2106 γνώμην
1194 2034 1354 2099 οἰδικασταί,
1366 2036 1399 2098 ώς
1410 2037 1457 2108 ἀρα
1466 2036 1533 2090 ἐστίν
1544 2038 1663 2109 εὐορκεῖν,

47 2115 114 2170 Εἶτα
126 2125 161 2190 τῷ
172 2117 221 2172 ἀπδ
233 2121 277 2171 τοῦ
296 2117 422 2188 μείζονος,
436 2117 475 2170 δτι
489 2115 518 2182 νὴ
530 2117 575 2168 Λία
588 2116 657 2170 τουτί
670 2121 781 2170 τοιοῦτον
793 2117 834 2170 ἐλ-
880 2115 925 2167 κάν
942 2115 1026 2185 ἕτερόν
1040 2133 1064 2167 τι
1076 2116 1209 2184 δράαωσιν.
1221 2115 1303 2167 ch.

48 2198 114 2257 πίζει
127 2199 212 2268 πόρον.
252 2195 298 2249 ἰίαί
317 2197 428 2268 γίγνεται
446 2195 509 2248 κατά
524 2195 569 2262 τήν
587 2196 749 2262 πηλικότητα·
772 2195 834 2249 ἰδιον
915 2195 976 2256 506,
987 2199 1013 2257 ί..
1025 2193 1076 2246 Οὐκ
1088 2193 1220 2246 ένιτοῦτον
1234 2191 1301 2262 ἐχειν
1311 2191 1407 2263 καλῶς]
1419 2193 1567 2264 βουλόμενος
1579 2194 1664 2258 αὐτούς

48 2275 98 2344 γὰρ
108 2275 195 2341 ταύτης
206 2274 248 2326 καί
263 2281 346 2345 μειοῦν
364 2273 406 2326 καί
417 2272 506 2336 αὔξειν.
547 2272 612 2326 ’m’
633 2272 677 2326 οὐκ
694 2273 746 2326 ἐστι
761 2275 834 2328 πόλι·
878 2277 914 2343 τῷ
929 2271 1015 2344 ἀδήλῳ
1028 2277 1072 2326 τοῦ
1087 2272 1221 2343 μέλλοντας
1235 2270 1269 2333 είς
1283 2269 1391 2340 ἀγωνίαν
1406 2271 1447 2324 καί
1461 2269 1570 2343 ταραχὴν
1583 2271 1660 2344 ἐμδα-

51 2373 96 2423 μος
107 2353 271 2423 οὐδ’ὁκαιρδς
284 2353 393 2423 φσδερός.
431 2353 520 2424 Διόπερ
536 2351 591 2405 οὐδὲ
604 2354 726 2424 μεγίστων
743 2353 835 2425 εὐεργε·
877 2349 932 2403 δεῖν
946 2352 1046 2422 συνάγει
1060 2352 1116 2412 τούς
1136 2351 1179 2403 ῧθῦ
1193 2351 1296 2420 κρθθῠθς
1320 2349 1383 2402 ἱατά
1401 2350 1444 2402 τὸν
1468 2352 1564 2421 νόμον,
1581 2350 1662 2422 ἀρχήν

47 2435 166 2502 πημάτων
183 2431 282 2498 ήπόλις
299 2433 388 2484 δεῖται.
429 2428 475 2484 Ἐν
489 2427 511 2504 ᾧ
527 2430 685 2496 τδκατάτὴν
699 2425 775 2497 ήτταν
788 2437 834 2484 Λα-
878 2429 944 2501 αὐτῷ
957 2434 1000 2483 τοῦ
1016 2431 1159 2501 πράγματος
1178 2429 1288 2482 ἐντεῦθεν
1301 2428 1455 2500 ποιούμενος.
1493 2429 1564 2483 Ἔστι
1577 2429 1663 2485 δέἀπδ

46 2511 209 2581 κεδαιμονίων
225 2509 269 2575 τὴν
289 2509 314 2562 ἐν
327 2509 453 2580 Λεύκτροις
469 2509 553 2563 καίτδ
567 2509 629 2562 κατά
649 2510 773 2563 Διονύσιον
787 2531 834 2565 πα-
877 2513 921 2561 τοῦ
934 2511 1040 2580 νομίμου
1054 2507 1355 2580 κιφαλαίουτδέννόημσ.
1393 2509 1605 2582 Συντρέχειδέτῷ
1618 2530 1664 2564 πα-

46 2589 184 2660 ράδειγμα,
211 2589 250 2642 ὅτι
269 2591 311 2641 δεῖ
329 2587 469 2658 ἀνθρώπους
490 2589 562 2650 ὄντας
585 2589 722 2658 προσδοκᾶν
741 2589 782 2642 καί
803 2589 833 2644 τὰ
878 2588 990 2658 ρελθόντι
1003 2589 1092 2656 δῆθεν,
1106 2589 1150 2640 ἵνα
1164 2587 1197 2658 μὴ
1213 2589 1291 2641 δοκῶν
1307 2588 1370 2658 άγαν
1385 2587 1533 2658 φιλονεικεῖν
1549 2587 1596 2660 ἔχη
1611 2607 1662 2643 πει-

46 2673 160 2722 τοιαῦτα.
208 2667 280 2721 Μετά
294 2667 320 2722 ῶ
336 2665 381 2733 τήν
393 2668 568 2739 συμπλήρωσιν
582 2668 675 2721 τούτων
690 2673 739 2721 τῶν
751 2673 833 2723 τόπων
878 2667 994 2738 θομένους
1010 2667 1121 2737 περὶτοῦ
1142 2665 1294 2736 μέλλοντος,
1310 2665 1407 2736 λέγων,
1431 2666 1488 2736 μηδ’
1507 2667 1537 2718 ἀν
1556 2669 1666 2720 τοιοῦτοί

46 2743 199 2806 ἀντεξέτασιν
211 2745 340 2810 πεποίηται
354 2745 395 2798 καί
412 2743 597 2814 ἀντιπαράθεσιν
614 2750 663 2798 τῶν
682 2745 835 2818 συμδησομέ-
876 2765 940 2809 τινες
959 2748 1088 2817 γένωνται,
1126 2747 1162 2798 Δι’
1176 2741 1212 2797 ῶν
1226 2745 1274 2815 γάρ
1287 2747 1420 2815 συνέδραμε
1436 2763 1466 2815 τη
1489 2743 1563 2816 ἀρετῇ
1583 2744 1662 2798 αὐτῶν

48 2843 99 2876 νων
113 2823 136 2886 ἐξ
148 2823 260 2894 ἑκατέρου
274 2825 360 2894 νόμου·
376 2816 405 2888 ής
417 2823 569 2893 παραθέσεως
582 2821 598 2889 ἡ
609 2821 674 2894 ἀργή
689 2845 700 2872 ιι
716 2825 833 2896 σκέψασθε
876 2824 907 2878 τά
921 2825 1037 2896 πρεσδεῖα
1051 2825 1178 2888 δεδωκὼς,
1192 2823 1232 2875 διά
1242 2825 1334 2876 τούτων
1344 2823 1445 2878 ἀπαιτεῖ
1453 2827 1505 2885 τοῖς
1515 2824 1545 2877 τά
1558 2823 1599 2878 ίσα
1609 2825 1660 2879 ἐπι-

48 2925 64 2952 ε
81 2903 230 2973 παράλληλα
241 2903 282 2954 καί
295 2901 428 2973 λογίσασθε
440 2901 496 2972 παρ’
508 2899 567 2971 ὐμῖν
580 2901 671 2964 αὐτοῖς.
690 2905 795 2956 dcv.
876 2904 1039 2975 δεικνυμένοις
1049 2903 1078 2955 τύ
1090 2903 1194 2954 δίκαιον.
1209 2902 1286 2954 ch,
1586 2901 1590 2910 '

86 2985 146 3047 504,
162 2987 204 3037 16.
221 2975 371 3050 Ἓνέκάστῳ
383 2981 480 3052 τίμημα
489 2980 608 3053 ὐπάρχει]
628 2981 691 3036 ’Λντί
703 2987 746 3036 τοῦ
757 3003 831 3038 κατα-
913 2983 973 3047 506,
990 2999 1032 3036 10.
1042 2981 1116 3046 Ὅτι,
1133 2979 1162 3046 νὴ
1177 2981 1238 3044 Δία,
1254 2981 1336 3050 πόρρω
1358 2982 1401 3033 τοῦ
1416 2979 1461 3052 τι]
1480 2977 1546 3032 Ἀλλ’
1565 2977 1661 3049 ἐριῖώς

44 3061 103 3130 δίκη
121 3065 172 3124 τοῖς
185 3063 362 3132 κακουργοῦσι,
375 3059 453 3130 μηδὲν
474 3060 559 3114 πλέον.
598 3059 628 3112 Οί
642 3061 668 3113 δὲ
687 3060 730 3121 τάς
742 3061 833 3132 δωρεάς
876 3060 920 3113 οὐκ
932 3059 984 3113 ἐστι
995 3060 1117 3131 πόλεμος,
1140 3056 1195 3110 οὐδὲ
1209 3057 1290 3128 καιρδς
1307 3055 1461 3126 παρενοχλεῖ
1470 3056 1578 3126 χαλεπδς
1584 3095 1592 3121 ,
1606 3055 1661 3110 οὐδὲ

46 3139 170 3203 αἰτοῦντες
184 3141 259 3194 πλέον
273 3145 322 3192 τῶν
335 3139 477 3208 κακούργων
490 3139 648 3200 κολάζονται.
687 3138 830 3209 ίίάκεῖμέν,
874 3139 999 3200 κίνδυνος·
1022 3139 1079 3191 ὅθεν
1102 3135 1130 3191 οὐ
1148 3137 1226 3188 δεῖται
1248 3135 1365 3190 τσιούτων
1391 3134 1521 3205 εὐεργετῶν
1543 3133 1559 3200 ἢ
1580 3133 1658 3196 πόλις.

44 3219 90 3272 ἐάν
102 3221 241 3282 τιςδικαίως
250 3218 391 3290 ἀποκτείνῃ,
403 3217 504 3280 ἐξέστω·
517 3217 621 3272 ἐνταῦθα
630 3218 665 3283 δέ,
679 3219 723 3272 κᾶν
734 3220 832 3281 δικαίως
875 3216 953 3287 Βαρίις
966 3215 1075 3285 όλόγος·
1090 3213 1119 3266 οὐ
1138 3212 1186 3284 γάρ
1202 3210 1256 3266 εἰπε
1269 3213 1352 3283 πόρρω
1371 3215 1415 3266 τοῦ
1431 3231 1454 3265 τι
1466 3212 1553 3265 παθεῖν
1570 3211 1659 3283 ἐσμέν,

45 3318 84 3360 τις
96 3299 199 3372 αἰτήσῃ,
214 3299 365 3362 κολαζέρθω.
376 3299 458 3351 TCV.
875 3293 942 3346 ἀλλά
965 3297 1008 3347 τοῦ
1029 3292 1139 3354 ἐλπίζειν
1148 3331 1156 3357 ,
1176 3291 1220 3344 ἵνα
1235 3290 1283 3364 ἔχη
1301 3291 1374 3344 λῦσαι
1399 3293 1452 3352 τοῖς
1469 3290 1659 3360 παραδείγμασι.

85 3379 143 3442 504,
161 3395 206 3431 ατ.
229 3377 326 3448 ’Λτιμος
346 3375 425 3441 ἔστω,
440 3376 518 3446 φησί,
537 3375 578 3429 καί
598 3375 614 3442 ή
636 3374 706 3428 οὐσία
723 3377 830 3446 δημοσία
871 3373 954 3426 mv.

45 3456 130 3528 ἔστω]
150 3455 180 3509 ‘0
192 3457 233 3510 καί
246 3456 379 3526 σύνδεσμος
393 3453 448 3508 ἀντί
464 3454 534 3520 τοῦή
549 3455 715 3516 διαζευκτικοῦ
733 3457 828 3522 κεῖται,
910 3451 971 3514 506,
989 3467 1031 3502 ιε.
1048 3447 1094 3500 ίίαί
1107 3443 1192 3518 εἰημέν
1207 3465 1251 3516 γε,
1266 3443 1288 3498 ὦ
1301 3445 1385 3515 ἀνδρες
1408 3443 1547 3515 Ἀθηναῖοι]
1562 3443 1660 3506 Ηόξατο

43 3537 89 3588 ἵνα
103 3533 130 3608 ᾖ
147 3535 257 3606 άτιμοςῆ
273 3533 370 3600 ἡούσία
383 3534 499 3605 δημοσία.
515 3535 597 3586 TCV.
874 3529 917 3600 μέν
929 3529 970 3581 διά
980 3528 1009 3582 τδ
1022 3529 1138 3598 μέγεθος,
1154 3526 1187 3587 ῶς
1199 3524 1343 3594 φιλόπολις,
1359 3522 1467 3593 ἐμφαίνει
1481 3524 1508 3574 δί
1522 3523 1560 3575 δτι
1575 3522 1658 3594 εὐχῆς,

84 3615 143 3678 506,
159 3614 204 3668 αδ.
214 3611 290 3666 Εἶναι
301 3611 327 3664 δέ
338 3611 380 3664 καί
394 3611 503 3674 ἐνδείξεις
515 3612 556 3664 καί
566 3610 715 3682 ἀπαγωγάς]
730 3611 829 3664 Ἔνδει-
873 3609 902 3662 οδ
919 3612 1013 3680 νόμου,
1032 3607 1133 3676 δύναμις
1145 3604 1176 3658 τά
1188 3609 1236 3657 τῶν
1251 3603 1379 3672 λογισμῶν
1395 3600 1456 3654 ἐστί.
1470 3601 1551 3655 ch,

42 3694 94 3756 ξις,
110 3693 248 3764 ἀπολογία,
263 3689 379 3753 καίιίδος
390 3692 551 3762 κατηγορίας·
567 3689 689 3762 ἀπαγωγὴ
705 3689 734 3756 δὴ
747 3689 762 3756 ἢ
780 3698 828 3744 τῶν
909 3689 969 3750 506,
986 3703 1028 3740 12.
1044 3683 1119 3738 ’Λλλά
1136 3682 1186 3753 χρή
1200 3701 1229 3752 γε
1243 3680 1383 3750 ἀνθρώπους
1398 3679 1485 3748 ὄντας]
1506 3677 1576 3731 Mer&
1589 3677 1659 3748 θῑύῠ·

42 3773 188 3843 κακούργων
206 3771 265 3841 πρδς
278 3771 334 3832 τούς
357 3771 444 3824 ένδεκα
464 3771 604 3840 παράδοσις.
642 3769 673 3822 Οί
696 3769 722 3822 δέ
742 3769 828 3822 ἕνδεκα
873 3767 956 3837 σοφίας
970 3763 1001 3818 τά
1021 3763 1180 3834 ἐνθυμήματα
1200 3760 1241 3812 καί
1261 3757 1420 3828 ἀνθρωπίνων
1441 3756 1658 3826 λογισμίῖνθνίίτοιν

45 3851 164 3921 άργοντες
179 3850 321 3916 Ἀθήνησιν,
335 3847 372 3911 οίς
381 3850 540 3920 παρεδίδοντο
552 3849 576 3901 οί
590 3847 623 3910 εἰς
637 3850 741 3901 θάνατον
756 3867 829 3902 κατα-
874 3845 996 3905 αἰτοῖιντες
1007 3843 1038 3896 τά
1058 3840 1139 3912 ἀγαθά
1150 3839 1191 3892 καί
1202 3837 1256 3908 περί
1271 3843 1319 3890 τῶν
1335 3835 1451 3890 ἐναντίων
1465 3832 1498 3904 μή
1520 3832 1656 3894 ἀπελπίζω·

44 3912 205 3992 δικασθέντες.
222 3929 300 3986 BFY.
316 3921 432 3990 Ἔνδειξις
450 3929 530 3998 ὄνομα
550 3929 619 3996 δίκης
630 3927 691 3981 κατά
706 3932 754 3979 τῶν
776 3926 827 3980 ἀτί·
875 3943 934 3995 μεν·
951 3923 1042 3992 νεμεσᾷ
1055 3919 1230 3992 γάρόδαίμων
1241 3955 1248 3980 2
1261 3917 1320 3969 ὅταν
1334 3915 1484 3983 ὅῑαῐῑθῑῖίμῖθ
1496 3911 1529 3972 ὡς
1544 3909 1658 3964 οὐδέπθῦῖ

45 4029 100 4080 μων
119 4011 159 4064 καί
177 4009 342 4062 ἀδικεόντων·
361 4007 483 4079 ἀπαγωγὴ
501 4007 528 4060 δέ
550 4006 612 4060 κατίι
636 4012 684 4060 τῶν
706 4005 827 4059 κλεπτῶν.
871 4003 965 4074 φαῦλον
979 3999 1069 4072 [οὐδὲν]
1082 4000 1231 4068 πεισόμενοι.
1238 3995 1320 4047 TCV.

42 4091 125 4143 ch,
859 4144 864 4152 ὁ
910 4081 971 4146 506,
992 4083 1033 4138 τό.
1058 4076 1221 4148 Προσδοκᾶν]
1241 4073 1382 4142 Σημείωσαι
1406 4071 1444 4123 δτι
1465 4067 1600 4138 ἀδιαφόρως
1622 4071 1658 4138 τῷ

83 4169 142 4234 504,
158 4185 202 4238 27.
217 4166 312 4221 Οὐκοῦν
324 4169 378 4240 τρία
391 4168 518 4240 τιμήματα
531 4169 626 4234 ταῦτα]
639 4166 783 4237 Σοφίζεται,
798 4167 827 4220 τδ
872 4161 1010 4232 προσδοκᾶν
1024 4158 1065 4210 καί
1076 4163 1112 4228 τῷ
1125 4155 1231 4216 ἐλπίίῑῑθ
1245 4156 1346 4223 Χρῆῑῖῑ·
1362 4150 1412 4204 ΒΡ·

43 4250 74 4302 ἓν
85 4249 137 4317 τρία
149 4253 236 4301 ποιῶν,
250 4249 331 4302 TCV,
909 4241 970 4303 506,
991 4239 1032 4293 ιδ.
1048 4237 1133 4290 Πάντα
1146 4233 1300 4303 ἀνθρώπινα]
1315 4232 1342 4284 τδ
1355 4229 1430 4301 μηδὲν
1445 4224 1601 4288 ἀπελπίζειν.
1617 4225 1656 4278 δτι

83 4329 141 4393 505,
158 4332 200 4392 ιή.
215 4326 345 4398 Χέρνιδος]
359 4326 387 4379 οὐ
399 4329 443 4380 τωῖ
456 4325 560 4390 ὐδατος,
583 4323 649 4378 ἀλλά
660 4329 703 4378 τοῦ
715 4324 826 4395 ἀγγείου.
873 4318 903 4372 τά
918 4318 1057 4388 ἀνθρώπινα
1073 4314 1235 4386 εὐμετάύολα,
1246 4313 1322 4364 ΒΥΡ.
1631 4381 1636 4396 ι

40 4409 123 4462 Τεν,
910 4401 971 4462 506,
988 4401 1029 4450 τό.
1044 4395 1105 4448 Οὐδὲ
1121 4395 1168 4465 γὰρ
1177 4395 1207 4446 δν
1219 4389 1407 4462 Λακεδαιμόνιοί
1419 4389 1494 4454 ποτε]
1508 4385 1586 4438 Τοῦτο
1599 4399 1657 4452 προς

82 4487 202 4556 505,19.
222 4483 287 4539 Εἰτα
306 4484 448 4539 ἀποκτεῖναι
462 4483 505 4555 μέν
520 4483 635 4555 δικαίως]
661 4481 828 4554 Ἐπιχείρημα
872 4479 901 4532 τδ
924 4479 975 4530 ἀνω
988 4476 1041 4546 ἔχει
1054 4473 1099 4540 τήν
1120 4471 1259 4543 ἀναφοράν,
1282 4469 1307 4524 ἐν
1330 4466 1352 4541 ᾧ
1377 4467 1422 4538 ίφη
1444 4489 1455 4516 ε
1480 4465 1566 4558 τεθρριυ1
1576 4465 1619 4514 τοῦ
1633 4479 1656 4513 τί

42 4563 93 4618 ἀπδ
110 4569 153 4618 τοῦ
171 4561 282 4617 ἐναντίου
295 4563 349 4615 κατ’
373 4562 460 4633 ἄμφω·
486 4561 528 4614 καί
541 4561 580 4614 ότι
595 4559 664 4621 έθους
682 4561 752 4622 όντσς
772 4561 829 4622 τούς
877 4581 887 4608 ι
909 4561 1019 4612 τοιοῦτον
1034 4555 1140 4616 ἐλπίζειν
1156 4552 1242 4624 ἐσμέν,
1257 4574 1268 4600 ν
1281 4551 1324 4603 ἵνα
1338 4547 1497 4618 ἀποκρίνηται
1514 4566 1525 4592 ε
1542 4539 1656 4610 ῦϋδέῐέρ

42 4641 169 4713 εὐεργέτας
180 4645 271 4713 τιμάν,
288 4637 361 4702 οὐτος
379 4641 420 4693 καί
433 4638 546 4701 κολάζειν
560 4639 718 4708 προστάττει,
736 4639 777 4690 καί
790 4639 828 4692 δτι
876 4661 887 4684 ι
907 4639 936 4689 ἀν
951 4633 1138 4704 Λακεδαιμόνιοί
1153 4650 1218 4690 ,ποτε
1234 4629 1337 4696 ἤλπιζον
1359 4626 1392 4688 εἰς
1413 4628 1514 4680 τοιαῦτα
1532 4621 1656 4692 πράγματ’

41 4721 152 4793 ἀναιρεῖν
166 4721 243 4784 ἐξιστι
256 4719 320 4774 κατά
333 4719 388 4780 τούς
398 4720 487 4788 νόμους
498 4717 624 4771 Λεπτίνου.
641 4716 718 4769 ch.
875 4739 886 4766 ι
906 4715 1043 4787 ἀφίξεσθαι,
1060 4735 1069 4762 ι
1089 4710 1163 4780 ἀούγ,
1174 4710 1281 4780 ἥρμοττε
1294 4706 1335 4758 διὰ
1348 4703 1393 4770 τὴν
1408 4703 1502 4758 εὔνοιαν
1517 4704 1560 4770 τῆς
1570 4699 1655 4768 πατρί·

81 4801 140 4867 505,
156 4818 200 4855 αι.
215 4799 278 4854 Οὔτε
292 4799 390 4860 δικαίως
407 4797 458 4851 οὐθ’
477 4797 608 4863 όταισοῖιν]
622 4795 657 4848 To
674 4793 716 4864 μίν
730 4791 770 4846 ἐπί
784 4796 828 4846 τοῦ
873 4797 914 4857 δος
928 4795 995 4856 εὐθύς
1006 4791 1181 4862 ἀποκρίνασθαι
1193 4788 1234 4842 διδ
1246 4788 1275 4842 τδ
1288 4787 1424 4856 δύσρημον.
1462 4783 1598 4851 Τοιγαροῖήν
1608 4797 1655 4832 πα-

40 4883 137 4936 δικαίου
153 4881 250 4948 δῆλον,
266 4880 295 4933 τδ
310 4877 401 4932 δέούθ
415 4877 527 4932 ὁπωσοῦν
541 4876 574 4938 ιὐς
589 4875 665 4928 ἐνίοτε
679 4874 773 4943 θαρρῶν
787 4873 828 4925 καί
872 4873 1002 4945 ρεμύαλών
1029 4869 1118 4936 ἠθικῶς
1136 4867 1167 4920 τά
1191 4872 1275 4937 πρῶτα
1294 4865 1350 4917 τότε
1376 4862 1406 4915 τδ
1428 4861 1520 4914 λυποῦν
1544 4857 1655 4928 ἐπήγαγε

40 4961 144 5032 παράτδ
153 4963 245 5015 δίκαιον
262 4959 302 5012 διίι
311 4960 340 5013 τδ
349 4959 470 5029 συμφέρον
483 4956 623 5020 αἰτοῦντος,
637 4953 731 5024 ἀνάγκη
743 4951 828 5004 δοῦναι
871 4953 1012 5005 λανθάνων·
1025 4948 1204 5020 ἀναμιμνήσκει
1216 4945 1242 5000 δέ
1252 4949 1294 5012 τής
1304 4945 1332 4998 ἐν
1344 4943 1471 5011 Λεύκτροις
1479 4941 1602 5010 συμφορᾶς
1613 4940 1655 5002 ‘fit

40 5039 84 5092 ειε
94 5041 136 5093 ιιι
149 5041 267 5093 ιιιεωω.
279 5040 360 5093 τεν.
872 5031 1020 5096 κωελωιηι
1034 5027 1078 5094 τὴν
1092 5027 1205 5097 Σπάρτην
1217 5024 1259 5078 καί
1274 5028 1323 5076 τῶν
1335 5019 1464 5080 στενῶς
1477 5017 1651 5086 >amazone

81 5119 141 5182 505,
163 5136 208 5173 εκ.
235 5119 381 5189 Μηδαμῶς,
396 5113 419 5170 ὦ
436 5115 521 5185 ἀνδρες
544 5111 681 5182 Ἀθηναῖοι]
698 5108 778 5171 Δείξας
796 5113 827 5180 τῇ·
871 5109 1025 5180 πανταχόθεν
1040 5107 1066 5160 δέ
1081 5105 1145 5167 αὐξει
1156 5104 1198 5158 καί
1211 5103 1325 5165 τούτους,
1344 5099 1471 5167 ἐπειδήπερ
1484 5094 1525 5149 ἐπί
1537 5095 1654 5150 Λακεδαι-

41 5199 172 5268 παραθέσει
189 5204 237 5251 τῶν
255 5199 355 5251 δικαίων
370 5195 414 5264 τήν
435 5195 538 5249 ἀτοπίαν
556 5198 599 5246 τοῦ
617 5193 708 5263 νόμου,
732 5193 826 5262 θαρρῶν
872 5189 964 5260 μονίων
981 5187 1015 5250 ῶς
1028 5189 1106 5240 όντων
1120 5185 1251 5256 γνωρίμων
1271 5180 1314 5234 οὐκ
1334 5179 1423 5234 ἐδέετο.
1464 5173 1495 5228 Ἦ
1510 5171 1536 5228 δί
1558 5173 1654 5238 αὔξησίς

43 5278 190 5349 ἀπαγορεύει
203 5277 300 5333 λοιπόν.
338 5277 384 5330 Διά
397 5280 470 5332 τοῦτο
483 5275 510 5329 δέ
523 5273 597 5345 ἐγγύς
610 5277 654 5327 τοῦ
668 5273 785 5344 μηδαμῶς
798 5272 826 5325 τδ
872 5267 919 5322 ἀπὸ
929 5266 1043 5322 πολλῶν·
1058 5260 1302 5332 ἀπδτοῦλαμὸάνεῑν
1312 5260 1398 5329 φόρους
1406 5249 1454 5310 ἆῦθ
1466 5251 1652 5392 Κῖγλθέθθίωθι
