4154 6064
804 460 991 520 hlxxlhoi·
1013 461 1037 518 0
1059 461 1164 520 ΚΑΤΑ
1186 461 1467 521 illumilium.

340 599 433 669 ἐστι,ι
452 593 495 654 τὸν
517 591 692 672 ἱερομνήμονα
709 617 721 642 ν
736 589 799 670 φησί
814 617 825 643 ι
840 593 891 648 τῶν
915 587 1055 660 Ἀθηναίων
1075 587 1119 648 καῖ
1167 601 1236 658 cujus
1246 597 1343 660 quidem
1355 599 1408 648 sciti
1416 599 1489 661 caput
1500 597 1545 648 hoc
1559 597 1620 647 luit:
1635 601 1841 662 hieromnemon,
1851 599 1948 663 inquit,

341 685 400 750 τοὺς
414 681 576 760 πυλαγόρους
597 680 656 744 τοὺς
675 678 715 735 cisi
736 679 948 756 πυλαγοροῦντας
967 675 1121 755 πορεύεσθαι
1168 684 1362 734 Atheniensium
1370 689 1395 735 et
1405 685 1540 748 Peloporce
1551 689 1675 748 quotquot
1684 689 1712 734 ln
1720 689 1851 748 posterum
1854 686 1950 748 futuri

342 773 376 836 εἰς
393 769 481 835 Πύλας
494 769 538 826 καί
553 769 588 834 εἰς
602 765 716 846 Δελφούς
731 768 757 823 ἐν
771 773 823 831 τοῖς
842 763 1007 840 τεταγμένοις
1022 761 1122 842 χρόνοις
1167 775 1230 820 sent
1239 759 1365 833 ad'Pplus
1378 776 1403 822 et
1415 771 1522 834 Delphos
1532 771 1730 834 proficiscentur
1743 776 1775 822 lis
1792 773 1952 836 temporibus

342 858 392 915 ὑπὸ
410 860 461 912 τῶν
476 854 608 934 προγόνων
622 879 647 926 ν,
660 855 795 932 εὐπρεπῶς
813 875 842 928 γε
860 854 898 932 τῷ
918 851 1044 928 ὀνόματι,
1055 850 1122 908 ἀλλὰ
1168 871 1253 921 quoea
1265 859 1405 920 semermos
1417 861 1511 908 nostris
1527 862 1670 908 constituta
1681 863 1757 922 sumt,
1767 861 1841 910 uerbo
1850 861 1951 923 quidem

342 948 379 1023 τῷ
393 945 461 1021 ἐργιρ
475 943 603 1019 αἰπγρῶς·
618 939 712 998 κωλύει
726 943 776 1018 γὰρ
791 941 827 1004 εἷς
840 937 882 996 τὸν
900 937 1025 1014 σύλλογον
1039 935 1082 994 τνον
1096 937 1122 992 έν
1168 943 1275 1006 honeste,
1288 957 1314 994 re
1324 944 1424 1006 turpiter
1434 947 1458 993 et
1471 943 1602 1005 flagitiose:
1618 945 1728 1006 prohihet
1741 945 1805 994 enim
1818 949 1952 1008 queminus

342 1029 444 1096 Πύλαις
468 1029 597 1096 ἀπαντᾶν,
613 1024 638 1091 θς
654 1024 680 1092 ἐξ
695 1026 810 1102 ἀνάγκης
833 1023 882 1103 πρὸ
903 1029 949 1082 τοῦ
967 1021 1123 1092 καθήκοντος
1168 1029 1198 1078 ud
1210 1031 1422 1080 consessumillum
1432 1031 1539 1094 Pylaeum
1550 1033 1692 1092 occurrant,
1703 1032 1951 1094 quiuecessarioante

342 1115 435 1192 ἔμελλε
447 1113 540 1194 χρόνου
553 1112 676 1189 γίνεσθαι.
721 1114 780 1189 (127)
796 1110 939 1171 linietis
955 1112 980 1168 ἐν
1001 1111 1122 1190 τῷαύτῷ
1168 1117 1611 1181 praestitutumtempuserntluturus.
1645 1118 1710 1179 (iti)
1725 1119 1771 1168 sed
1781 1119 1951 1170 aliudeiscito

303 1214 330 1254 eu
343 1202 493 1282 ψηφίσματι
507 1199 574 1258 πολύ
589 1198 635 1257 καί
650 1199 807 1279 σαφέστερον
824 1197 868 1256 καί
883 1197 1034 1276 πικρότερον
1057 1195 1122 1274 σύγ·
1168 1203 1315 1266 adscriptum
1329 1205 1453 1254 estmuito
1469 1205 1608 1268 etepertius
1622 1208 1647 1254 et
1661 1205 1778 1255 acerbius.
1810 1206 1950 1257 Athenien·

341 1313 453 1368 γραμμα
467 1287 577 1368 γράφει,
592 1315 604 1338 ι
619 1286 662 1343 τὸν
673 1285 850 1365 ἱερομνήμονα
862 1313 872 1335 ν
883 1283 946 1364 φησί
958 1312 969 1336 c
983 1287 1034 1342 τῶν
1048 1283 1121 1355 Ἀθη·
1168 1294 1249 1346 sium,
1262 1292 1352 1354 inquit,
1370 1295 1564 1342 hieromnemon
1579 1296 1604 1342 el
1617 1294 1764 1355 Ppleporoe,
1782 1297 1827 1356 qui
1842 1295 1949 1355 posthac

342 1374 420 1432 ναίων
432 1374 476 1432 καὶ
488 1372 547 1439 τοὺς
559 1372 722 1451 πυλαγόρους
736 1371 796 1436 τοὺς
810 1369 850 1428 ἀεὶ
863 1375 1072 1450 πυλαγοροῦντας
1085 1367 1122 1444 μή
1164 1379 1255 1440 futuri
1266 1383 1342 1442 seut,
1359 1392 1418 1428 cum
1426 1383 1459 1429 lis
1471 1384 1515 1443 qui
1527 1381 1592 1430 illuc
1603 1383 1758 1430 conueniunt
1771 1393 1853 1444 περιτο
1862 1383 1950 1432 osrho-

343 1460 461 1540 μετέχειν
486 1463 539 1524 τοῖς
564 1462 616 1516 ἐκεῖ
639 1455 834 1532 συλλεγομένοις
858 1457 924 1531 μήτε
950 1455 1032 1532 λόγων
1057 1455 1123 1531 μήτε
1169 1478 1228 1514 rum
1242 1467 1467 1530 nequesncherum
1485 1481 1566 1531 neque
1584 1469 1895 1532 scitorumrrequeultius
1912 1472 1951 1518 ret

343 1548 424 1625 ἐργων
439 1547 506 1624 μήτε
521 1544 656 1622 δογμάτων
677 1543 743 1621 μήτε
760 1542 877 1623 πράξεως
896 1545 1033 1618 μηδεμιᾶς.
1051 1569 1063 1594 ν
1084 1542 1122 1602 Τὸ
1169 1551 1280 1602 habeant
1294 1558 1481 1604 commercium.
1515 1558 1634 1612 Quorsum
1644 1557 1726 1604 eutem
1736 1555 1794 1604 iilud
1804 1557 1850 1616 est,
1860 1557 1895 1604 Ne
1907 1555 1951 1603 lm-

344 1637 371 1693 δὲ
387 1636 424 1708 μή
445 1634 563 1712 μετέχειν
584 1633 609 1691 τί
624 1635 695 1704 icem
716 1631 813 1710 πότερα
836 1629 945 1700 τάληθὲς
965 1629 1030 1687 εέπω
1051 1627 1068 1700 ἢ
1094 1629 1123 1686 τθ
1169 1639 1241 1689 heaut
1251 1642 1568 1690 commerciumtverumue
1578 1641 1665 1702 dicam,
1675 1656 1706 1692 an
1719 1641 1743 1690 id
1753 1642 1817 1704 quod
1824 1642 1856 1691 sit
1864 1641 1950 1692 auditu

342 1721 446 1792 ήδιοτσν
473 1724 599 1792 ἀκούσαις
622 1719 652 1777 τὸ
672 1716 764 1788 ἀληθὲς
788 1720 854 1795 ἐρῶ·
877 1717 906 1782 ,τὸ
928 1715 979 1794 γδρ
1001 1715 1040 1773 ἀεί
1059 1714 1122 1792 πρὸς
1167 1727 1482 1788 iucundissimumiverum
1498 1728 1591 1790 dicsm3
1606 1740 1662 1777 ποια
1674 1728 1739 1790 quod
1757 1728 1791 1777 ite
1806 1741 1900 1792 semper
1917 1729 1951 1777 ad

303 1829 328 1868 es
345 1807 438 1880 ἡδονήν
451 1807 589 1884 λεγόμενον
603 1806 696 1864 οὑτωσὶ
711 1804 757 1874 τήν
772 1805 846 1861 πόλιν
861 1803 1026 1861 διατέθεικεν.
1065 1804 1123 1861 Ούκ
1169 1815 1317 1876 uoluptatem
1336 1815 1427 1864 dictum
1442 1815 1500 1877 luit,
1513 1815 1537 1864 id
1557 1828 1615 1864 vero
1631 1815 1753 1863 civilatem
1774 1817 1881 1864 uestram
1901 1815 1952 1864 huc

343 1898 374 1973 ἐᾷ
387 1897 534 1970 μεμνῆσθαι
549 1897 599 1950 τῶν
615 1891 709 1972 όρκων,
724 1891 767 1958 οθς
783 1893 858 1966 ἡμῶν
871 1893 895 1948 οἱ
908 1888 1030 1967 πρόγονοι
1048 1885 1122 1964 ὤμο-
1170 1901 1268 1963 redegit.
1300 1905 1352 1951 lion
1364 1903 1420 1952 sinit
1431 1915 1474 1952 vos
1486 1901 1641 1964 iurisiurandi
1653 1901 1879 1964 meminisse,qund
1897 1915 1952 1952 rne-

345 476 400 527 120
1790 463 1838 538 (arr
1849 465 1940 541 -ειι)

342 2005 401 2054 σαν,
414 1981 472 2039 eiii
486 1985 532 2052 τῆς
546 1983 609 2060 cipite
623 1979 680 2039 οὐδὲ
699 1984 745 2048 τῆς
759 1984 804 2037 τοῦ
822 1982 879 2036 θεοῦ
894 1979 1027 2053 μαντείας.

386 2089 432 2128 ite.
455 2067 548 2144 Ἡμεῖς
572 2067 618 2144 μὲν
648 2057 692 2125 σύν
718 2065 847 2136 Ἀθηναῖοι
869 2063 1059 2140 κατεμείναμεν
1080 2061 1123 2120 διέι

343 2160 419 2212 τοῦτο
433 2154 463 2213 τδ
475 2154 615 2236 ψήφισμα,
627 2157 650 2212 οί
663 2155 684 2211 δ’
701 2153 774 2212 ἄλλοι
789 2150 970 2227 Ἀμφικτύονες
985 2151 1122 2226 συνελέγη·

344 2265 392 2300 σαν
409 2244 443 2308 εἶς
459 2242 549 2307 Πύλας
563 2239 631 2310 πλὴν
646 2249 707 2316 μιᾶς
718 2241 830 2310 πολεως,
845 2231 875 2309 ἧς
888 2236 939 2316 ἐγὼ
953 2235 1005 2295 οὔτ’
1018 2235 1049 2294 ἂν
1064 2233 1122 2292 τού-

344 2353 410 2406 νομα
422 2329 534 2406 εἴποιμι,
550 2327 612 2403 μήθ’
628 2331 655 2386 αἱ
672 2325 804 2408 συμφοραί
818 2324 999 2404 παραπλήσιοι
1010 2323 1124 2402 γένοιντο

345 2421 423 2490 αὐτῆς
438 2417 529 2493 μηδενὶ
543 2419 594 2474 τῶν
612 2415 757 2486 Ἑλλήνων.
803 2415 857 2474 Καὶ
877 2413 1037 2478 συνελθόντες
1057 2413 1122 2490 ἐψη-

307 2524 335 2562 lu
345 2505 454 2584 φίσαντο
466 2501 660 2582 ἐπιστρατεύειν
673 2503 715 2560 ἐπὶ
727 2501 784 2568 τοὺς
797 2499 969 2580 Ἀμφισσέας,
984 2497 1028 2556 καὶ
1041 2520 1124 2576 στρα-

1167 1990 1232 2050 p'ores
1244 1989 1316 2037 vestri
1327 1989 1482 2050 juraveruut,
1495 2001 1543 2038 uon
1555 1989 1732 2049 exsecrationis,
1743 2001 1792 2036 non
1805 1989 1903 2038 oraculi.

1203 2083 1253 2127 leti.
1268 2082 1317 2128 Nos
1332 2079 1404 2140 igitur
1413 2080 1567 2130 Athenienses
1578 2081 1675 2141 propter
1691 2079 1736 2128 hoc
1749 2079 1898 2140 plebiscitum
1910 2078 1951 2127 hic

1170 2165 1313 2228 mansimus,
1333 2169 1358 2215 at
1374 2179 1431 2216 vero
1449 2166 1535 2228 reliqui
1556 2166 1741 2228 Amphictyones
1757 2165 1787 2213 ad
1806 2164 1878 2227 uplas
1896 2177 1951 2214 oon·

1170 2257 1286 2304 recerunt
1297 2257 1383 2316 praeter
1395 2267 1468 2304 unam
1485 2255 1621 2316 civitatem,
1631 2255 1701 2316 cujus
1713 2267 1756 2315 ego
1769 2267 1848 2316 neque
1861 2266 1950 2302 nornen

1170 2343 1298 2404 proteram,
1308 2344 1333 2390 et
1341 2341 1404 2391 absit
1413 2355 1497 2404 precor
1506 2343 1534 2390 ui
1543 2343 1685 2390 Graecorum
1697 2341 1808 2402 cuiquam
1822 2339 1952 2390 similisec·

1170 2429 1234 2478 cidat
1249 2429 1386 2478 calamitas!
1419 2428 1645 2491 ibiquecougregaii
1657 2429 1787 2477 exercitum
1801 2427 1825 2476 in
1840 2427 1950 2490 Amphis·

1169 2529 1249 2566 censes
1264 2515 1401 2566 ducendum
1420 2517 1579 2575 censuerunt,
1602 2517 1627 2565 et
1651 2515 1820 2576 imperatorem
1842 2515 1952 2576 legerunt

345 2591 423 2669 τηγθν
438 2589 538 2649 εῖλοντο
558 2589 692 2668 Κόττυφον
715 2589 758 2646 τὸν
774 2589 928 2666 Φαρσάλιον
945 2586 988 2643 τὸν
1004 2583 1063 2643 τότε
1078 2582 1124 2650 τέις

345 2679 451 2755 γνώμας
463 2675 666 2757 ἐπιψηφίζοντα,
676 2677 722 2732 ούκ
735 2677 921 2748 ἐπιδημοῦντος
933 2674 959 2729 ἐν
973 2669 1124 2749 Μακεδονίᾳ

345 2765 498 2840 Φιλίππου,
511 2763 568 2821 ἀλλ’
586 2764 639 2820 οὐδ’
653 2765 679 2819 ἐν
691 2765 723 2840 τῇ
737 2761 846 2820 Ἐλλάδι
860 2759 1000 2838 παρόντος,
1020 2756 1077 2814 ἀλλ’
1098 2759 1123 2814 ἐν

345 2851 459 2917 Σκύθαις
480 2849 547 2908 ούτω
562 2847 665 2928 μακρὰν
686 2848 808 2914 σἰπόντος·
822 2845 850 2904 ὃν
866 2845 959 2904 αὐτίκα
978 2843 1051 2920 μάλα
1065 2845 1124 2901 τολ-

324 2938 423 3014 ,μήσει
435 2937 527 3014 ,λέγειν
549 2934 716 3012 Δημοσθένης
734 2938 768 3000 ὡς
786 2931 836 3011 ἐγὼ
855 2931 898 2991 ἐπί
916 2929 974 2997 τοὺς
992 2927 1124 3000 Ἕλληνας

349 3023 492 3102 ἐπήγαγον.
536 3023 593 3100 (lte)
612 3021 665 3080 Καὶ
677 3018 845 3100 παρελθόντες
854 3022 886 3098 τῇ
900 3015 990 3096 πρώτη
1003 3015 1126 3096 στρατεία

346 3111 391 3169 καῖ
407 3112 479 3187 μάλα
495 3109 605 3190 μετρίως
623 3107 768 3188 ἐχρήσαντο
787 3115 840 3170 τοῖς
859 3105 1050 3182 Ἀμφισσεῦσιν·
1069 3103 1125 3162 ιἰντέ

305 3199 397 3278 72γδιρ
409 3203 460 3256 τῶν
475 3197 602 3275 μεγίστων
622 3194 792 3272 ἀδικημάτων
809 3193 943 3273 χρήμασιν
958 3189 1049 3258 αύτούς
1067 3193 1124 3261 ἐζη-

346 3285 458 3361 μίωσαν,
468 3285 511 3342 καί
525 3283 598 3342 ταῦτ’
612 3285 638 3340 ἐν
652 3286 721 3362 ρητῷ
733 3281 818 3362 χρόνῳ
831 3287 953 3360 προεῖπον
964 3281 1001 3357 τῷ
1014 3281 1063 3357 θεῷ
1077 3301 1125 3336 κα·

346 3381 475 3448 ταθεῖναι,
489 3372 534 3431 καί
548 3373 606 3436 τοὺς
620 3368 667 3446 μὲν
680 3373 777 3446 ἐναγεῖς
798 3367 843 3426 καῖ
863 3371 914 3424 τῶν
934 3365 1125 3446 πεπραγμένων

346 3459 442 3525 αίτίους
463 3458 670 3536 μετεστήσαντο,
684 3455 741 3523 τονυς
755 3452 782 3513 δέ
795 3453 827 3512 δι’
845 3453 978 3512 adsiduos
1000 3451 1127 3531 φυγόντας

346 3548 505 3626 κατήγαγον.
547 3543 660 3615 Ἐπειδὴ
673 3543 699 3602 δέ
711 3543 769 3603 ούτε
781 3540 813 3600 τδι
827 3541 953 3621 χρήματα
967 3539 1074 3606 ἐξέτινον
1090 3541 1126 3618 τῷ

347 3638 396 3713 θεῷ
408 3633 466 3700 τούς
476 3633 498 3692 τ’
511 3635 609 3710 ἐναγεῖς
621 3629 770 3707 κατήγαγον
783 3627 895 3694 καὶτοὺς
908 3625 1022 3691 εύσεύεῖς
1032 3626 1127 3683 κατελ-

313 3737 325 3772 ⁵
347 3722 436 3787 θόντας
446 3719 488 3780 esi
504 3723 554 3779 τῶν
570 3719 763 3799 Ἀμφικτυόνων
776 3715 910 3790 ἐξέύαλον,
923 3711 1003 3779 ούτως
1017 3711 1067 3783 ήδη
1079 3709 1126 3780 τὴν

347 3807 467 3888 δευτέραν
491 3807 628 3889 στρατείαν
650 3805 693 3862 ἐπὶ
712 3803 770 3870 τούς
792 3801 941 3880 Ἀμφισσεῖς
955 3797 1126 3873 ἐποιήσαντο,

346 3897 437 3975 πολλῷ
458 3893 545 3974 χρόνῳ
564 3891 678 3971 ὕστερον,
700 3887 919 3959 ἐπανεληλυθότος
939 3883 1074 3943 Φιλίππου
1098 3885 1128 3942 ἐκ
1504 3955 1526 3966 ..
1937 3949 1942 3960 Ι

346 3987 392 4054 τῆς
406 3982 449 4042 ἐπί
463 3981 522 4048 τοὺς
534 3979 637 4046 Σκύθας
649 3975 800 4060 στρατείας,
809 3978 861 4032 τῶν
874 3973 920 4050 μὲν
932 3974 995 4030 θεῶν
1008 3969 1054 4040 τήν
1066 3975 1126 4044 {172-
1173 3959 1400 4022 Scythicareversus
1408 3955 1729 4017 erstl'lulippua,quumque
1738 3949 1893 4000 defendendo
1901 3949 1953 3998 reh-

348 4069 439 4130 γωνίαν
451 4073 497 4141 τῆς
508 4067 641 4133 simale<
652 4069 715 4140 ἡμῖν
728 4059 961 4142 παραδεδωκότων,
973 4061 1018 4129 τῆς
1035 4057 1061 4116 δὲ
1073 4061 1127 4129 An.
1173 4054 1248 4116 giouis
1263 4053 1423 4115 principatum
1438 4049 1471 4098 dii
1489 4047 1636 4097 immortales
1651 4046 1720 4094 nohis
1735 4043 1886 4102 detulerant,
1906 4045 1952 4091 De·

348 4129 485 4234 μοσθένους
497 4153 651 4235 δωροδοκίας
663 4152 782 4229 ἐμποδὼν
795 4146 979 4228 γεγενημένης.
1174 4147 1304 4197 mosthenis
1313 4147 1394 4194 nutem
1405 4143 1505 4194 avaritia
1518 4143 1542 4191 et
1553 4140 1635 4190 sordes
1647 4138 1817 4200 impedimento
1830 4137 1906 4186 erant.

388 4265 437 4304 1³0.
460 4241 528 4302 Ἀλλ’
542 4243 571 4300 ού
586 4239 739 4320 προύλεγον,
761 4239 789 4296 ού
811 4233 1004 4316 προεσήμαινον
1025 4231 1087 4308 ήμῒν
1105 4233 1128 4289 ci
1208 4247 1259 4290 ino.
1275 4240 1305 4290 ht
1315 4253 1363 4288 non
1375 4235 1606 4300 predicebantmou
1619 4231 1835 4295 praemonstrensis
1844 4228 1912 4277 nohis
1921 4226 1955 4276 dii

349 4331 399 4390 θεοὶ
413 4327 587 4411 φυλάξασθαι,
599 4326 674 4403 μόνον
689 4327 736 4384 ῠῦκ
746 4323 889 4403 ἀνθρώπων
901 4319 986 4402 φωνὰς
997 4340 1129 4398 προσκτη-
1175 4335 1203 4383 υῑ
1218 4345 1368 4392 caveremus,
1381 4333 1478 4380 tantum
1494 4341 1542 4378 nou
1560 4325 1671 4375 huuuuis
1687 4323 1788 4372 vocibus
1798 4321 1955 4384 eloquentes?

310 4439 335 4477 ¹⁰
350 4417 469 4494 θάμῑνθῑί
483 4414 615 4490 Οὐδεμίαν
639 4435 679 4471 τοί
700 4411 806 4468 '‘dliii“
831 4407 912 4486 ἔΥωΥῑ
936 4407 1035 4483 limi
1055 4405 1129 4463 πθέῑν
1175 4427 1269 4477 Nullam
1282 4439 1387 4487 unquam
1408 4437 1451 4486 ego
1467 4422 1589 4472 civitatem
1601 4419 1649 4468 vidi
1660 4417 1759 4466 deorum
1773 4415 1884 4478 prasidio
1900 4413 1956 4462 insi-

349 4503 454 4584 ἑώρακα
469 4501 519 4560 ὑπὸ
531 4501 577 4577 μὲν
594 4503 645 4558 τῶν
657 4501 721 4557 θεῶν
735 4495 892 4572 σωζομένην,
907 4491 957 4552 ὑπὸ
971 4491 997 4550 δν
1015 4495 1066 4550 τῶν
1083 4495 1130 4572 θη·
1175 4521 1372 4585 gniuscustodiri,
1381 4521 1412 4570 ab
1419 4519 1642 4569 oratoribusrursus
1649 4511 1792 4576 quibusdam
1800 4511 1954 4572 pessumdari.

349 4590 432 4668 ννίννν
454 4588 528 4648 νννννν
543 4585 736 4662 νννννννννμννννν·
780 4586 841 4662 θνχ
864 4580 951 4640 νννννν
974 4571 1006 4650 νν
1026 4578 1057 4638 νν
1079 4579 1131 4644 νννν
1176 4623 1228 4670 lion
1242 4617 1335 4668 satised
1345 4614 1542 4680 praemonendum
1553 4611 1647 4660 ualebat
1656 4609 1794 4670 portentum
1804 4605 1862 4655 illud
1870 4609 1956 4667 myste-

349 4676 723 4835 ΐῖἑὶνξγννίνοὲντίξνγνζίὲνύντνζζ
735 4670 910 4835 ῗέἰέῗῖῑένδξνξ
926 4669 1130 4832 Ξὲῑνντῖἕὲνῖενγνζζ
1178 4713 1268 4762 τίοτιιαι
1285 4713 1369 4762 diebus
1386 4711 1478 4768 visiun,
1495 4710 1628 4769 mystarum
1647 4703 1772 4752 interitus?
1784 4714 1831 4750 nen
1849 4701 1881 4748 οΙ)
1902 4700 1956 4804 hnc

351 4807 518 4911 eihstetensis
536 4785 595 4907 καίρ
602 4847 715 4924 πέμπειν
736 4851 770 4913 εἰς
792 4841 905 4924 Δελφοὺς
927 4837 1132 4918 ἐπερησομένους
1177 4805 1483 4914 νννννννννινννννννννν
1499 4805 1527 4851 νν
1544 4811 1695 4908 νννννννννν’
1706 4799 1734 4846 ”t
1751 4799 1829 4845 νῖνννν
1848 4795 1956 4844 mmm

350 4937 393 4994 τὸν
408 4933 528 4998 &impu
547 4933 598 5014 χρὴ
622 4933 754 5012 πράττειν’
774 4928 941 5006 Δημοσαένης
962 4925 988 4984 δὲ
1011 4925 1131 5000 ἀντέλεγε
1181 4902 1285 4965 Delphos
1297 4904 1460 4958 mitteremus,
1477 4897 1517 4959 qui
1535 4894 1593 4957 quid
1606 4894 1670 4942 lacto
1682 4903 1744 4952 opus
1754 4891 1816 4938 esset
1828 4887 1955 4936 oraculum

313 5022 509 5103 1εφιλιππίζειν
529 5019 575 5090 τήν
600 5019 699 5079 Πυθίαν
719 5017 834 5096 φάσκων,
856 5011 1010 5077 ἀπαίδευτος
1030 5009 1065 5069 ὢν
1086 5009 1131 5068 καλ
1176 4993 1548 5056 ὓΰίῦθῑίθῐθθῖθῐῐὓθῐθθῦίθθθΠ
1559 5003 1617 5040 *01'0
1633 4985 1739 5042 obsstifft·
1753 4996 1831 5048 quum
1841 4983 1950 5046 Plffliffl'-

353 5107 490 5168 ἀπολαύων
511 5107 555 5166 καῖ
570 5105 766 5182 ἐμπιπλάμενος
779 5107 825 5174 τῆς
835 5099 980 5183 Ιδιδομένης
999 5097 1040 5177 ὑφ’
1059 5099 1130 5174 ὑμῶν
1178 5093 1286 5156 Phiiippo
1296 5091 1392 5142 studere
1407 5087 1561 5153 predicaret,
1576 5085 1613 5134 vir
1624 5081 1779 5134 illiberaliset
1791 5080 1919 5142 hecquem
1931 5076 1954 5125 ei

353 5199 424 5276 αύτῷ
444 5193 576 5265 ἐξουσίαις
598 5193 657 5269 (rer)
679 5194 707 5249 οὐ
729 5191 758 5248 τὸ
786 5191 931 5248 τελευταῖον
954 5184 1052 5244 ἀθύτων
1080 5183 1125 5242 καί
1176 5173 1953 5247 datislicenliaiusoienterperlruensetiniiatuslsselii‘ostreme

1170 2603 1317 2666 eottyphum
1330 2603 1399 2652 iilum
1417 2602 1582 2664 hieremiam,
1597 2600 1639 2664 qui
1649 2603 1704 2650 tum
1719 2599 1848 2650 mamacas
1862 2601 1950 2650 suilre-

1169 2690 1213 2752 giis
1229 2690 1383 2752 subjiciehat;
1398 2703 1448 2753 quo
1459 2692 1567 2752 tempere
1582 2701 1631 2738 non
1642 2690 1693 2738 erat
1705 2688 1729 2737 iu
1740 2687 1879 2738 Macedonia
1894 2688 1950 2737 Phi·

1170 2778 1260 2840 lippus,
1269 2779 1328 2840 quin
1337 2778 1500 2828 neinnraecia
1506 2777 1612 2840 quidem,
1621 2776 1663 2826 sed
1672 2776 1697 2824 in
1706 2776 1804 2837 Scythia
1810 2774 1951 2824 versabatur

1170 2864 1230 2914 sdeo
1243 2865 1310 2926 longe
1320 2865 1407 2914 abhinc
1419 2865 1539 2926 remotus,
1554 2875 1626 2926 quem
1643 2866 1725 2912 temen
1736 2875 1794 2912 mox
1806 2862 1905 2911 audebit
1915 2862 1950 2910 rii·

1170 2965 1225 3001 cere
1237 2952 1408 3002 Demosthenes
1419 2950 1571 3014 impudenter
1580 2963 1595 2998 n
1604 2963 1701 2999 measse
1710 2949 1734 2998 in
1746 2951 1844 2999 Grecos
1860 2949 1951 2998 immis-

1170 3052 1233 3088 sum.
1267 3039 1332 3100 (119)
1347 3043 1380 3088 he
1392 3039 1469 3101 prima
1484 3037 1583 3100 quidem
1600 3036 1751 3100 expeditione
1766 3036 1871 3086 victores
1881 3035 1952 3085 uelde

1170 3137 1196 3175 se
1208 3125 1345 3175 moderatos
1358 3126 1383 3174 iu
1396 3125 1575 3188 Amphissenses
1591 3123 1755 3185 praebuerunt.
1789 3125 1836 3172 Pro
1851 3123 1951 3171 atrocis·

1170 3213 1236 3262 umis
1247 3213 1312 3262 euius
1330 3213 1422 3274 injuriis
1433 3211 1538 3274 peoumis
1552 3212 1648 3260 mutum
1663 3221 1704 3258 eos
1714 3209 1877 3270 mulctarunt,
1893 3221 1953 3270 ques

1171 3307 1305 3368 praestituto
1322 3306 1430 3368 tempore
1448 3304 1493 3354 deo
1507 3304 1611 3366 persolvi
1629 3303 1799 3364 decreverunt,
1812 3303 1838 3352 et
1852 3302 1954 3351 scelera·

1171 3403 1209 3450 tos
1225 3401 1455 3460 commissorumque
1471 3397 1603 3446 facinorum
1622 3397 1733 3444 auctores
1751 3394 1895 3456 abegerunt,
1912 3407 1953 3443 eos

1172 3507 1229 3542 sero
1246 3493 1288 3556 qui
1298 3493 1470 3555 pietatiscausa
1481 3491 1634 3554 protegerent
1650 3489 1801 3538 revocarunt.
1819 3487 1865 3537 Sed
1875 3499 1953 3548 quum

1172 3587 1207 3636 illi
1222 3599 1301 3648 neque
1318 3585 1444 3647 ρεποαίυπι
1467 3583 1512 3633 deo
1529 3583 1705 3646 persolverent,
1725 3580 1852 3642 sceleratos
1871 3583 1953 3628 autem

1173 3680 1337 3740 restituerent,
1354 3682 1378 3728 et
1391 3680 1442 3741 pios
1457 3677 1512 3726 illos
1524 3675 1633 3726 iromiues
1643 3674 1674 3724 ab
1690 3673 1904 3737 Amphictyouihns
1915 3685 1953 3720 re·

1172 3775 1270 3822 uocatos
1283 3773 1410 3834 ejicerent,
1418 3771 1467 3833 jam
1478 3772 1532 3819 ium
1543 3769 1645 3818 alteram
1652 3769 1678 3816 iu
1687 3765 1865 3828 amphissenses
1876 3765 1953 3812 aciem

1173 3867 1351 3926 instruxerunt,
1365 3865 1435 3926 longo
1450 3864 1504 3926 post
1520 3861 1654 3920 intervallo,
1668 3871 1745 3922 quum
1758 3859 1789 3908 nb
1800 3857 1953 3920 expeditione
