4032 6094
585 421 664 482 xlx.
688 422 779 492 ΠΕΡΙ
799 422 875 483 ΤΗΣ
897 417 1230 490 [ΙἈΡἈΠΡΕΣΒΕΙἈΣ.
1648 445 1703 506 σοί

137 547 204 610 436,
218 562 261 616 ²7·
272 546 385 618 Πολέμου
393 547 441 618 γάρ
453 546 512 602 εἰσιν
523 547 659 622 ίηγεμόνες]
670 551 844 608 ίίυλύπτωτσν.
853 555 882 608 Β.
911 593 913 598 ,
928 551 986 604 ἀλλ’
1001 553 1111 624 ἑκάτερος
1127 555 1206 609 αύτῶν
1217 559 1411 630 προτρεπόμενος
1422 559 1477 622 τούς
1499 558 1634 630 Ἀθηναίους
1650 565 1708 636 πρός

137 627 202 693 437,
217 645 244 695 7.
257 626 340 688 Ὅπως
351 628 379 680 δν
391 625 424 696 μή
441 629 559 698 χαίρωσιν
573 629 596 682 σί
608 629 708 701 έχθρολ]
723 628 795 702 Ὁρᾷς
809 633 848 686 ότι
861 632 885 684 σί
928 627 1015 698 ἀρετήν
1030 631 1230 702 καίέλευθερίαν.
1258 631 1287 686 Ὅ
1303 633 1404 706 μένγδιρ
1418 636 1562 706 Μιλτιάδης,
1578 641 1618 694 διε
1633 639 1709 708 ίπῆλ-

83 702 147 771 μίν
159 703 246 764 εἜωθεν
253 743 261 770 ,
272 705 295 756 οἰ
305 705 331 758 δὲ
341 704 438 758 ἔνδοθεν
451 699 655 760 ίπιόυυλὶύουσιν.
668 701 749 760 ΤΟΥ.
928 708 971 760 θον
982 708 1006 761 σί
1021 709 1125 780 Πέρσαι,
1141 710 1243 784 ἔγραψεν
1256 715 1320 768 ώστε
1334 715 1401 778 εύθὶις
1413 709 1555 784 ἀπαντῆσαι
1569 723 1620 782 τοῖς
1633 723 1708 776 πολε·

138 784 201 852 437,
220 801 261 837 11.
278 783 385 846 Ἐξωθεν
405 784 429 836 οί
447 783 655 856 ἔπιύουλεύοντες]
666 787 688 838 Τ
689 789 747 839 ούτο
761 787 834 841 δοκεῖ
842 787 884 858 μὲν
929 786 1006 857 μίοις,
1022 785 1190 858 Θεμιστοκλῆς
1203 789 1229 843 δέ
1241 793 1384 847 καταλιπεῖν
1399 794 1491 866 έρήμην
1512 795 1556 862 τήν
1572 799 1644 852 πόλιν
1667 801 1708 856 καὶ

84 857 169 912 εἶναι
180 861 234 915 καθ’
247 860 327 914 ἑαυτό·
343 861 427 930 ἔχεται
441 862 466 914 δὲ
477 867 526 914 τῶν
546 862 610 925 ἀνω,
626 861 686 915 ἔνθα
703 864 762 933 φησὶ
775 865 884 933 συνέχειν
927 863 960 926 εἰς
975 865 1018 926 τὰς
1029 865 1132 936 τριήρεις
1145 867 1366 937 μεταύιόασθῆναι,
1381 873 1422 925 ότε
1442 872 1473 927 τά
1492 872 1517 928 έν
1532 874 1655 946 Σαλαμῖνι
1668 880 1708 935 καί

82 940 154 990 δεῖν
168 938 212 1004 τὴν
227 939 316 1002 πόλιν,
332 941 397 1001 ὅπως
411 938 436 992 έν
452 942 496 1010 μιᾷ
509 942 609 1010 γένηται
622 943 721 1013 γνώμῃ.
731 943 811 996 ΤΟΥ.
928 942 964 994 ἀπ’
984 941 1133 1014 Ἀρτεμισίιμ.
1152 947 1208 1002 An.

136 1019 200 1086 43],
211 1035 253 1074 υο.
269 1015 310 1090 Τῷ
321 1018 385 1088 παρά
399 1025 447 1071 τῶν
461 1019 626 1092 πωλούντων]
645 1018 810 1090 Ἐπαναιρορά.
821 1023 852 1072 Β.
930 1015 933 1024 “
961 1021 1292 1096 438,17.ίίαίτύνέντῷ
1306 1028 1348 1090 τῆς
1362 1023 1506 1100 Ἀγραύλου]
1522 1029 1593 1084 Ἔστι
1606 1030 1650 1102 μέν
1665 1036 1709 1104 μία

137 1097 201 1166 437,
217 1113 262 1152 21.
275 1097 475 1168 Μροεστηκότας]
486 1097 552 1160 Τινὲς
565 1097 665 1169 λέγουσι
678 1099 730 1169 περί
743 1103 785 1151 τού
797 1099 884 1170 Ἀίσχί·
927 1104 975 1151 τῶν
991 1099 1110 1169 Κέκροπος
1121 1102 1257 1172 θυγατέρων
1268 1102 1284 1168 ἡ
1298 1102 1437 1174 Ἄγραυλος.
1476 1104 1520 1160 Ἐν
1532 1109 1558 1162 δέ
1570 1115 1604 1181 τῷ
1615 1115 1706 1182 γεγώς.

84 1191 154 1230 νου.
191 1175 294 1228 Βέλτιον
305 1175 331 1228 δέ
342 1175 429 1228 λαθεῖν
439 1175 497 1228 ούτδ
509 1175 563 1248 περὶ
577 1176 712 1230 Εύύούλου.
732 1182 765 1230 Α.
929 1176 1002 1244 αύτῆς
1015 1178 1039 1232 οἱ
1054 1177 1155 1242 ίξιόντες
1167 1179 1200 1242 εἰς
1213 1181 1268 1242 τούς
1280 1181 1381 1251 ίρήύους
1397 1181 1423 1234 ίκ
1441 1185 1534 1238 παίδων
1554 1188 1615 1257 μετά
1632 1210 1707 1244 πανο-

134 1254 201 1323 437,
219 1272 264 1308 αα.
279 1255 361 1308 Ταύτα
374 1255 454 1308 τοίνυν
471 1255 506 1326 ἐφ’
520 1255 579 1326 ύμῖν
593 1254 803 1327 ἔστι]Φρονίμως
821 1258 883 1310 πάνυ
927 1255 1005 1308 πλιῶν
1025 1257 1122 1326 ὤμνυον
1132 1258 1283 1330 ύπερμαχεῖν
1301 1260 1360 1332 ἀχρι
1371 1261 1474 1315 θανάτου
1487 1267 1530 1330 τῆς
1551 1266 1698 1336 θρεψαμένης

88 1332 164 1402 μετά
178 1331 223 1397 τήν
236 1333 333 1401 αύξησιν
347 1337 389 1399 τῆς
402 1339 449 1387 τῶν
464 1335 588 1404 προδοτῶν
606 1335 690 1395 κακίας
705 1335 746 1386 καί
758 1338 801 1403 τῆς
811 1335 883 1388 δυνα-
932 1331 962 1384 Ἦ
977 1333 1002 1388 δύ
1016 1334 1110 1405 ἱστορία
1125 1335 1201 1403 αύιη·
1219 1336 1351 1408 ’Ἀγραυλος
1364 1339 1405 1391 καὶ
1419 1338 1498 1410 Ἕρση
1513 1342 1554 1396 καί
1571 1345 1708 1416 Πάνδροσος

87 1411 181 1472 στείας
195 1413 295 1482 μείζονα
306 1412 348 1464 καί
356 1411 499 1482 ἰσχυρότερα
512 1412 616 1466 δείκνυσι
627 1411 659 1464 τύ
670 1413 884 1482 δικαστήρια,ίνιι
928 1411 1054 1483 θυγατέρες
1068 1413 1203 1485 ίίέκροπος,
1218 1417 1251 1478 ώς
1264 1435 1336 1486 φησιν
1353 1417 1530 1490 όΦιλόχορος.
1568 1423 1708 1493 Δέγουσιδέ

90 1487 136 1561 μὴ
150 1491 273 1560 φοόῶνται
288 1489 390 1556 αύτούς,
404 1489 470 1543 ἀλλά
483 1491 630 1553 κολάζωσιν.
642 1493 723 1547 ΤΟΥ.
927 1491 979 1554 ότι,
998 1491 1107 1562 πολέμου
1126 1494 1261 1564 συμόάντος
1281 1495 1336 1565 παρ’
1357 1494 1503 1564 Ἀθηναίοις,
1524 1500 1566 1554 ότι
1580 1501 1708 1572 Εὔμολπος

143 1571 207 1634 438,
223 1573 249 1633 4.
262 1569 306 1631 Ὃς
318 1569 366 1640 γάρ
380 1568 465 1622 ἑαυτόν
478 1568 561 1637 τάξας]
576 1567 792 1640 Ἀνακεφαλαίωσιν
805 1575 883 1625 ποιεί-
927 1569 1069 1639 έστράσευσε
1093 1571 1156 1624 κατά
1181 1570 1331 1642 Ἐρεχθέως,
1354 1574 1396 1626 καί
1415 1579 1583 1646 μηκυνομένου
1603 1581 1705 1648 τούτου,

89 1663 141 1700 ται
155 1649 204 1700 τῶν
215 1647 346 1718 εἰρημένων
361 1645 386 1700 έν
395 1650 427 1718 τῇ
437 1649 582 1700 καταπάτει
594 1648 708 1715 πάντων,
719 1649 795 1719 μηδὲν
806 1670 883 1720 παρα·
927 1644 1031 1717 ἔχρησεν
1048 1647 1062 1700 δ
1082 1646 1207 1702 Ἀπόλλων
1218 1649 1450 1720 ἀπαλλαγήσκσθαι,
1463 1651 1505 1706 ἰάν
1518 1673 1554 1716 τις
1567 1653 1641 1730 ἀνέλῃ
1653 1659 1708 1713 έαυ-

85 1727 192 1780 ,λείπων
206 1727 239 1790 ὡς
255 1726 401 1782 εύσύνοπτον
422 1727 534 1798 γενέσθαι
547 1725 591 1792 τὴν
605 1726 751 1781 ύπόθεσιν.’
776 1728 808 1782 Εἰ
821 1731 847 1782 δέ
860 1751 883 1784 τι
926 1723 1038 1795 τδνύπθρ
1051 1727 1094 1791 τῆς
1107 1725 1210 1788 πόλεως.
1252 1723 1283 1778 Ἥ
1293 1727 1374 1780 τοίνυν
1387 1726 1520 1798 Ἄγραυλος
1534 1730 1621 1786 ίκούσα
1632 1736 1707 1803 αύτήν

91 1805 143 1857 καί
156 1805 338 1875 παραδάόλητειι
355 1809 467 1858 τοιοῦτον
491 1805 595 1872 ἐκύολῆς
614 1805 682 1860 έλίου
699 1807 787 1872 ἕνεκα,
802 1811 883 1880 ῶσπερ
927 1800 1038 1862 leffium
1057 1803 1090 1866 είς
1109 1805 1220 1858 θάνατον·
1236 1804 1314 1878 ἔρριψε
1330 1805 1377 1878 γάρ
1392 1805 1479 1874 ίαυτήν
1498 1807 1525 1862 έκ
1543 1815 1587 1864 τού
1601 1815 1705 1885 τείχους.

90 1884 132 1936 τὰ
145 1883 207 1936 κατά
228 1882 394 1954 Ἀτρεστίδαν,
412 1883 454 1936 καί
471 1883 502 1936 τίι
519 1884 608 1954 γύναια
628 1885 669 1936 καί
682 1885 713 1938 τίι
725 1887 852 1958 παιδάρια,
867 1889 882 1955 ἢ
926 1879 990 1934 Εἶτα
1004 1881 1185 1956 ἀπαλλαγέντες
1197 1889 1241 1937 τού
1258 1883 1366 1955 πολέμου
1377 1885 1442 1954 ίερδν
1461 1885 1519 1957 ύπέρ
1533 1890 1618 1944 τούτου
1635 1889 1707 1961 ἀστή-

91 1964 167 2016 ἄλλο
178 1984 202 2018 τι
213 1969 261 2017 τῶν
278 1962 397 2029 αύξήσεως
410 1959 552 2033 ίχομένων,
574 1962 643 2018 οὐδὲν
665 1965 813 2036 θαυμαστόν·
827 1969 883 2020 σόν-
927 1976 1001 2012 οονῒο
1021 1959 1082 2032 οὔτῇ
1099 1959 1163 2033 πορθ,
1185 1962 1216 2018 τά
1237 1963 1375 2033 προπῦλοῑο
1396 1967 1439 2028 τῆς
1457 1964 1551 2028 πθλοοοε
1568 1969 1608 2020 καί
1629 1970 1707 2026 έκεῖσε

91 2044 157 2110 ηθες
168 2042 216 2113 γάρ
230 2047 266 2114 τῷ
278 2041 360 2113 ῥήτορι
381 2041 443 2094 κατά
463 2043 518 2103 τούς
535 2043 632 2113 καιρούς
653 2043 709 2106 τούς
724 2042 883 2116 ἰμπίπτοντσις
925 2036 1023 2107 θ’ίμοοοο
1037 2037 1061 2090 οί
1075 2038 1162 2110 ίφηὸοῑ
1174 2041 1304 2112 μθίλοοτοε
1317 2039 1402 2103 έξιέναι
1415 2041 1447 2102 εἰς
1460 2043 1578 2115 πόλεμον,
1590 2048 1670 2116 ΤΟΥ.

90 2124 206 2192 χρῆσθαι
219 2124 271 2182 τοῖς
283 2121 400 2182 τοιούτοις
413 2121 503 2182 τύποις.
518 2121 599 2178 ΤΟΥ.
961 2117 1029 2182 438,
1045 2135 1087 2187 ¹9·
1101 2118 1151 2184 Τήν
1171 2118 1271 2192 έρυθράν
1286 2120 1427 2192 θάλατταν]
1443 2122 1532 2176 ὡσανεὶ
1546 2122 1632 2197 ἔλεγε,
1646 2149 1706 2182 παν.

135 2199 171 2251 (λδ
180 2197 228 2269 μὴν
240 2198 320 2252 σύδενί
332 2198 445 2270 μαλλον]
458 2197 674 2269 Ἀνακεφαλαίωσις
682 2205 730 2253 τῶν
741 2204 883 2272 προειρημέ·
926 2199 1004 2264 τοχοῦ
1017 2200 1060 2262 τῆς
1073 2195 1224 2269 οίοοομέθης-
1239 2200 1318 2254 ART-

91 2295 149 2329 νων
164 2277 297 2343 ἀπάντων,
312 2279 345 2340 ῶς
359 2276 424 2330 εἶναι
435 2277 477 2329 καί
487 2281 560 2330 τοῦτο
573 2277 638 2330 ἀλλο
652 2279 722 2349 μέρος
736 2286 785 2332 τῶν
803 2279 883 2334 έπιλό-
934 2274 937 2282 ’
961 2276 1023 2340 438,
1035 2291 1078 2330 οο.
1093 2275 1146 2346 ίλῦχ
1160 2277 1174 2330 ό
1187 2277 1230 2348 μίν
1244 2277 1343 2348 γράφων
1355 2277 1384 2331 τό
1395 2277 1522 2350 ψήφισμα]
1537 2278 1705 2351 Ἐμερίζοντο,

90 2373 162 2425 γων·
181 2353 349 2427 ἀναλαμύάνει
366 2356 414 2427 γάρ
426 2357 521 2410 ἅπαντα
538 2355 569 2409 τά
587 2356 758 2427 κεφαλαιωδῶς
769 2358 882 2430 εἰρημένα
926 2353 1000 2422 W),
1013 2352 1057 2420 ῖθί
1072 2355 1134 2410 Μὰ
1146 2357 1271 2410 ‘mm
1283 2355 1421 2426 ορθοθολθί
1437 2357 1551 2428 Μολίνης
1564 2360 1605 2412 κοί
1618 2355 1708 2414 Εὗθοο·

90 2433 163 2487 κατά
174 2431 219 2499 τήν
228 2435 341 2490 ύπόθεσιν
349 2475 358 2500 ,
379 2434 454 2504 μηδὲν
464 2434 624 2506 παραλιπών,
638 2435 671 2496 ὡς
682 2434 827 2490 εθσύνοπτον
843 2458 883 2508 γε.
925 2430 983 2496 λος,
998 2432 1013 2484 ό
1027 2432 1069 2504 μὲν
1082 2434 1224 2506 ψηφίσματα
1236 2436 1346 2506 γράφων,
1359 2435 1373 2486 ό
1393 2433 1419 2488 δέ
1432 2436 1566 2505 πρεσόεύων
1581 2437 1613 2499 εἰς
1627 2437 1706 2492 Πελο-

91 2513 182 2565 νέσθαι
195 2513 239 2580 τήν
257 2514 369 2568 ύπόθεσιν
389 2515 462 2568 πάλιν
483 2515 536 2575 τοῖς
555 2514 679 2575 δικάζουσι
696 2514 736 2566 διὰ
758 2516 879 2586 βραχέων,
925 2513 1058 2578 πόννησον,
1080 2513 1123 2564 ἵνα
1147 2516 1179 2584 τῇ·
1201 2512 1376 2582 κοινωνίακαὶ
1399 2511 1470 2574 σύτύς
1496 2515 1706 2588 μεταόεύλημίνος

97 2588 203 2656 Ἐπειδὴ
217 2591 265 2662 γάρ
279 2591 362 2646 πολλά
373 2591 403 2645 τά
425 2590 540 2662 εἰρημένα
558 2591 601 2643 καί
622 2591 786 2663 πολυμερήςό
806 2593 882 2666 λόγος
925 2589 1072 2660 εύρίσκηται.
1085 2593 1165 2646 ΤΟΥ.

91 2667 142 2720 ειαί
160 2667 254 2734 πλοκὴν
272 2668 325 2739 ἔχει
342 2669 474 2738 ποικίλην,
496 2669 579 2722 πολλὰ
596 2669 623 2723 δέ
643 2671 673 2724 τά
693 2670 863 2745 έμόεύλημένα
871 2715 879 2742 ,
960 2671 1022 2738 439,
1036 2687 1060 2724 1.
1072 2669 1118 2721 ίίαλ
1131 2669 1274 2741 έγείρεταιέη
1288 2675 1336 2724 τῶν
1352 2667 1483 2738 Ἀθηναίων
1496 2671 1584 2744 πόλις]
1598 2671 1706 2740 ὴπολλθ

90 2746 192 2800 πολλαί
205 2747 232 2801 δέ
245 2748 286 2802 καί
305 2748 331 2800 αί
353 2749 475 2815 αθξ-ήσεις,
500 2747 524 2810 έξ
545 2745 580 2801 ών
602 2748 617 2816 ἡ
638 2748 663 2802 έν
682 2753 735 2813 τοῖς
756 2754 882 2825 πράγμασι
924 2747 1081 2802 οοθῑθδοοοο-
1096 2750 1176 2802 TCV-

90 2825 218 2889 πολλάκις
228 2827 356 2898 ουμόαίνει
365 2826 481 2898 ἀσάφεια,
496 2826 537 2880 διά
547 2831 619 2880 τούτο
630 2832 818 2901 κατηναγκάσθη
835 2832 880 2886 πά·
961 2825 1029 2894 439,
1052 2825 1077 2880 3.
1096 2826 1229 2896 Συντυχεῖν
1249 2825 1298 2897 γάρ
1311 2825 1388 2880 ἀπιὼν
1410 2824 1560 2899 Ἀτρεστίδᾳ]
1576 2829 1705 2901 Χρησιμω-

90 2906 139 2956 λιν
148 2905 188 2956 διά
201 2906 312 2976 βραχέων
324 2904 403 2958 αύτῶν
413 2911 461 2960 τῶν
478 2905 677 2976 ἀναγκαιοτάτων
694 2906 879 2980 ἰπιμνησθῆναι.
924 2902 984 2970 τότε]
999 2905 1100 2975 γέγονεν
1113 2904 1204 2976 αύτῷή
1217 2905 1300 2976 μνήμη
1315 2911 1363 2958 τῶν
1376 2905 1437 2958 κατάι
1454 2905 1604 2976 Ἀτρεστίδαν
1618 2908 1646 2960 ού
1660 2910 1705 2979 μό-

92 2979 344 3054 Ἀρχςςαιδὲηῦςως
370 2984 411 3037 «ὁ
431 2984 479 3055 γὰρ
498 2983 583 3039 ἑαυτὸν
605 2985 683 3048 τάξας·
709 3009 720 3036 ς
740 2993 817 3042 τοῦτο
833 2989 880 3060 1³²?
924 2996 966 3029 νον
978 2979 1018 3030 διά
1031 2979 1075 3046 τήν
1089 2984 1132 3034 τού
1145 2981 1212 3034 ἐλέου
1224 2979 1340 3047 έκόολήν,
1353 2980 1411 3034 ἀλλ’
1424 2981 1520 3035 ίναικαί
1536 2983 1650 3056 φαίνηται
1664 2985 1704 3037 διά

90 3064 184 3134 ὅμοιόν
198 3063 261 3117 έστιν
270 3062 390 3136 έκείνητῇ
403 3063 507 3135 έπιόολῇ
515 3068 558 3130 τῆς
570 3065 746 3127 καταστάσεως·
760 3069 806 3137 (p.
818 3068 880 3132 344,
923 3055 1009 3110 ῖοίῑοο
1020 3057 1137 3128 θίοχίίηε
1151 3059 1327 3130 οοοομολοτῶί
1340 3061 1382 3121 τάς
1399 3079 1425 3114 οἱ
1444 3061 1591 3130 δοοοθοοίοε
1611 3063 1652 3116 οοί
1663 3063 1705 3128 τὰς

91 3147 133 3206 A)
147 3163 161 3191 ιι
177 3141 250 3196 Ἐστι
263 3142 345 3195 τοίνυν
360 3137 431 3204 ούτος
451 3139 466 3194 ό
484 3148 578 3212 πρῶτος
595 3141 725 3208 Ἀθηναίων
739 3143 881 3216 αἰσθόμενος
924 3135 1048 3190 ‹mimz›
1063 3138 1157 3202 δοοῑῑέ,
1171 3138 1213 3190 καί
1231 3139 1270 3192 ὅῖῑ
1287 3133 1339 3200 οίθί
1351 3141 1377 3192 τί
1391 3137 1441 3192 ἕοῐῑ
1461 3139 1503 3192 κοί
1517 3137 1550 3202 οἷς
1569 3141 1705 3212 ῧῑοφθοροίε

92 3221 233 3275 Φίλιππον.
258 3242 269 3270 ν
293 3221 433 3274 BFRSYP.
458 3217 676 3290 Ἀνακεφαλαίωσιν
703 3223 807 3275 ποιεῖται
831 3229 879 3276 τῶν
924 3213 964 3265 καί
982 3213 1041 3276 ὅλος
1057 3214 1120 3286 61οοῦ
1139 3216 1269 3285 προδοῦναί
1287 3215 1383 3281 πόλεος,
1401 3218 1445 3270 ίνο
1461 3217 1576 3288 φοίοηῐοῑ
1589 3217 1705 3290 θίοχίίοίς

93 3301 279 3371 προειρημένων
295 3298 320 3353 ἐν
338 3302 370 3371 τῇ
383 3301 645 3354 mammutium,
659 3302 691 3352 Α,
923 3291 963 3344 διά
982 3292 1139 3347 τῶνοίκείων
1157 3293 1318 3366 ἁλισκόμενος
1334 3295 1435 3366 λόγων·
1455 3295 1486 3350 τά
1504 3295 1552 3367 γάρ
1565 3297 1639 3368 όμοια
1652 3301 1704 3361 τοῖς

135 3381 195 3444 438,
211 3379 251 3432 13.
266 3379 477 3449 Συστευάζεσθαι]
493 3377 547 3431 ἀντί
557 3383 600 3432 τοῦ
613 3376 859 3435 ίπιύουλεύεσθαι.Α.
922 3371 1016 3444 θμοίοίς
1035 3371 1167 3426 ἆοίολοοθο·
1204 3374 1236 3426 El
1254 3374 1308 3445 γάρ
1319 3374 1463 3444 Ἀτρεστίδας
1476 3370 1535 3445 ἦγεν
1555 3375 1705 3448 αἰχμάλωτα

133 3459 194 3522 438,
213 3457 253 3509 15.
270 3455 311 3517 Τίς
327 3455 341 3507 ό
355 3455 410 3517 τούς
424 3455 530 3526 μακρούς
543 3455 584 3509 καί
593 3455 683 3517 καλούς
695 3455 786 3527 λόγους
798 3458 879 3529 δημη.
922 3452 964 3506 καί
976 3454 1008 3506 δι’
1028 3451 1177 3522 Ἀτρεστίδαν
1189 3453 1296 3524 ώδόρετο
1311 3453 1354 3520 τὴν
1371 3451 1497 3521 Ἐλλάδα,
1510 3453 1617 3526 ώδύρετο
1629 3456 1658 3508 ἀν
1670 3477 1705 3520 τις

89 3537 194 3606 Ιχορῶν]
209 3533 361 3604 Ἀποσιιώψας
372 3532 444 3587 αύεδν
460 3534 500 3586 καί
510 3534 542 3596 εἰς
555 3539 631 3606 μῆκος
645 3534 739 3606 λόγων,
756 3535 878 3608 ἰνεφάνισε
922 3532 963 3584 κοί
984 3531 1025 3583 διὰ
1041 3531 1084 3586 τίον
1098 3531 1215 3602 Alexim
1228 3533 1338 3595 Φωκέας·
1376 3531 1430 3603 Οὔκ
1445 3533 1543 3598 {nom
1560 3533 1608 3604 γὰρ
1626 3533 1704 3606 'Am-

90 3613 181 3666 δὲκαὶ
204 3613 267 3684 [τό]
290 3611 425 3666 Μιλτιάδου
448 3613 489 3666 καλ
511 3615 540 3667 τδ
561 3613 751 3684 Θεμιστοκλέους
769 3615 878 3688 ψήφισμα
921 3611 1005 3662 στίδου
1024 3608 1069 3674 τήν
1089 3610 1238 3679 δωροδοκίαν
1250 3609 1366 3680 Αἰσχίνης
1376 3611 1417 3664 καί
1438 3609 1602 3680 Φιλοκράτης.
1621 3613 1702 3667 ΤΟΥ.

90 3692 229 3761 ἀναγνούς,
244 3692 283 3742 ότι
300 3687 471 3760 μισοφίλιππος
487 3686 517 3756 ἦν
529 3690 646 3761 Αἰσχίνης
656 3693 684 3746 τδ
698 3693 825 3763 πρότερον.
848 3694 879 3745 Εἰ
921 3683 997 3750 Οὗτος
1010 3687 1024 3741 ό
1041 3687 1188 3759 Ἀτρεστίδας
1198 3689 1317 3758 προδότης
1325 3683 1355 3756 ήν
1370 3686 1461 3759 Ἀρκάς.
1473 3689 1552 3741 ΑίίΤ.

91 3769 144 3842 γάρ
157 3767 223 3836 ἠξίου
233 3768 278 3834 τὴν
292 3767 505 3839 πόλινμιμιῖσθσι
518 3769 561 3822 τόν
575 3769 712 3823 Μιλτιάδου
721 3771 822 3841 δρόμον,
837 3773 878 3826 καί
957 3768 1024 3836 439,
1046 3771 1073 3830 4.
1088 3765 1178 3819 Γύναισι
1197 3766 1238 3819 καί
1251 3767 1365 3838 παιδάρια
1377 3769 1410 3829 ὡς
1428 3767 1557 3836 τριάκοντα
1575 3767 1702 3842 βαδίζειν]

91 3848 128 3902 τά
147 3845 339 3918 Θεμιστοκλέους
359 3845 571 3917 στρατηγήματα,
592 3849 634 3900 καί
651 3853 699 3902 τῶν
717 3849 877 3920 ψηφισμάτων
925 3843 967 3907 Ὧς
980 3845 1161 3916 στοχαζόμενος
1168 3842 1236 3898 εἶπεν
1249 3843 1366 3915 ἀορίστως
1377 3845 1419 3899 τδν
1434 3843 1597 3916 άριθμδν,ίνα
1610 3845 1703 3900 ύπολά·

92 3933 107 3956 *
121 3923 156 3978 ὧν
169 3927 276 3996 έγραφον
300 3923 389 3978 ίκεῖνοι
403 3927 593 3996 προτρεπόμενοι
610 3925 655 3992 τήν
669 3925 740 3979 πόλιν
763 3923 802 3980 έπί
822 3929 877 3991 τούς
921 3924 982 3976 δωσι
988 3921 1029 3977 καί
1038 3924 1154 3994 γυναῖκας
1165 3923 1294 3993 τριάκοντα
1302 3923 1343 3978 καί
1349 3924 1464 3994 παιδάρια
1475 3925 1700 3992 τριάκοντα.ΤΟΥ.

95 4007 247 4078 βαρύάρους,
264 4004 364 4072 εύδηλος
382 3999 413 4071 ήν
427 4009 512 4058 τοῦτον
539 4007 688 4078 διακείμενος
709 4006 752 4060 τδν
776 4007 874 4077 τρόπον.
956 4005 1025 4076 439,
1041 4011 1067 4061 6.
1086 4005 1126 4068 Τίς
1139 4006 1265 4076 ἀνθρωπός
1279 4005 1341 4060 ίστι·
1356 4005 1408 4080 Ικαί
1426 4007 1461 4068 τίς
1475 4006 1583 4078 όχλοςς]
1603 4003 1648 4078 ἀρα
1667 4005 1701 4077 μή

96 4082 266 4148 Ἐπαινεῖδὲ,
282 4082 393 4152 οδχ’ίνα
411 4084 552 4156 μαρτυρήσῃ
574 4083 618 4150 τὴν
639 4081 741 4155 ἀρετήν,
764 4083 821 4137 ἀλλ’
835 4087 877 4140 ἵνα
920 4083 1048 4154 τύραννοςς
1064 4081 1110 4156 θρα
1123 4081 1156 4156 μὴ
1170 4085 1305 4156 στρατηγός
1318 4089 1363 4138 τού
1378 4085 1502 4140 Φιλίππου
1516 4084 1595 4156 λόχον
1609 4085 1702 4148 καθίζει

91 4160 137 4214 διά
148 4166 189 4228 τῆς
206 4161 336 4233 μαρτυρίας
347 4161 435 4227 ταύτης
446 4165 611 4233 φανερώτερον
630 4163 676 4236 έλη
694 4163 777 4218 αύτόν.
827 4165 875 4218 Τόν
920 4164 991 4228 τινάς
1005 4165 1086 4218 ΤΟΥ.

92 4239 145 4312 γάρ
154 4239 251 4298 ἐναντία
266 4239 359 4293 τούτων
373 4240 561 4311 πολιτευόμενον
572 4243 607 4304 τίς
618 4241 662 4294 ούκ
669 4243 698 4295 ἀν
712 4242 835 4314 μισήσειεν
843 4244 877 4306 ώς
955 4241 1024 4312 439,
1042 4247 1083 4306 14.
1102 4241 1205 4296 Ἀκούειν
1219 4241 1267 4313 γάρ
1282 4241 1326 4312 ἔφη
1345 4249 1392 4296 τῶν
1407 4241 1502 4313 φθιων]
1516 4241 1618 4295 Δίδωσιν
1637 4239 1702 4314 αύτῷ

92 4321 248 4389 δωροδόασνς
262 4315 329 4370 ἀλλά
342 4318 438 4372 καίτδν
458 4321 531 4390 ὅρκον
552 4325 600 4373 τῶν
621 4320 716 4391 ίφήόων
737 4321 762 4375 έν
785 4325 876 4393 τῷτής
919 4322 974 4376 τότε
986 4321 1027 4374 καί
1038 4321 1135 4392 φίλους,
1156 4323 1198 4376 ὅτε
1211 4321 1253 4374 καί
1265 4319 1336 4382 αύτθς
1357 4317 1387 4388 ἣν
1407 4320 1496 4383 εύνους.
1539 4317 1701 4392 Ἐπιστροφὴν

98 4398 230 4468 Ἀγραύλου
249 4396 369 4467 Αἰσχίνην
386 4396 562 4469 ἀναγινώσκειν
584 4399 672 4470 φησίν,
687 4393 716 4465 ής
737 4401 875 4472 Πάνδροσος
903 4409 905 4416 ’
919 4401 968 4467 δὲῆ
979 4401 1096 4472 τιμωρίαν
1108 4399 1170 4454 κατά
1181 4405 1229 4453 τῶν
1240 4401 1366 4470 προδοτῶν
1378 4399 1394 4466 ἢ
1407 4396 1546 4471 μεταόολήν
1558 4403 1601 4453 τού
1610 4399 1701 4470 τρόπου

91 4477 137 4530 καί
158 4475 236 4549 Ἕρση
260 4475 372 4546 ἀδελφαί.
425 4473 509 4548 Ἱίρεια
535 4477 561 4530 δέ
583 4480 684 4549 γέγονεν
706 4477 721 4545 ἡ
745 4477 875 4550 Ἀγραυλος
919 4477 967 4532 ἀπδ
978 4478 1093 4550 ῥᾳθυμίας
1106 4477 1138 4540 εἰς
1149 4477 1265 4543 σπουδήν.
1278 4477 1358 4532 ΤΟΥ.

95 4554 213 4620 Ἀθηνᾶς,
228 4556 328 4624 ώςρησι
341 4554 491 4624 Φιλόχορος.
503 4557 584 4609 ΤΟΥ.
955 4557 1017 4626 439,
1035 4573 1081 4608 τυ.
1094 4556 1164 4623 Μήτε
1175 4557 1278 4627 τρόπαια
1291 4555 1390 4627 λέγειν]
1404 4554 1524 4626 Ὅραπῶς
1534 4551 1639 4607 ούκεῖπε
1652 4553 1699 4624 μά-

130 4633 194 4708 438,
211 4637 253 4686 ιδ.
269 4632 316 4684 Καὶ
328 4631 356 4685 εδ
370 4632 506 4685 Μιλτιάδου
520 4633 562 4686 καί
574 4633 781 4706 Θεμιστοκλέους]
795 4631 875 4688 έπιόν·
918 4653 965 4705 χας
979 4633 1033 4688 ούδὲ
1046 4635 1183 4699 κινδύνους,
1197 4633 1263 4686 ἀλλά
1274 4635 1385 4704 τρόπαια,
1399 4633 1428 4687 τύ
1440 4631 1486 4700 ἡδύ
1501 4633 1543 4686 καί
1555 4631 1645 4702 σιμνδν
1658 4631 1700 4684 καί

90 4729 143 4763 των
157 4716 206 4764 τῶν
217 4711 311 4778 Μήδων
326 4710 350 4772 ἐξ
365 4710 443 4782 ἀρχῆς
453 4713 495 4764 καί
509 4712 524 4764 ό
538 4711 674 4779 Μιλτιάδης
691 4713 792 4783 δραμεῖν
809 4711 875 4775 εἰνθύς
918 4711 1016 4774 ένδοξον
1029 4711 1149 4766 αἰδεῖσθαι
1160 4712 1204 4766 ούκ
1218 4712 1273 4766 ἰῶν.
1288 4714 1368 4767 ΤΟΥ.

91 4789 133 4844 ἰπί
145 4789 187 4841 τόν
201 4789 342 4860 Μαραθῶνα
353 4788 484 4860 έψηφίσατο
495 4790 536 4842 καί
547 4789 579 4862 μή
592 4790 720 4862 ἀναμένειν
732 4791 778 4851 ἕως
790 4789 875 4843 συλλε-
952 4789 1023 4857 Μήτε
1038 4790 1135 4860 βοηθεῖν
1150 4789 1247 4862 οδδενί]
1262 4791 1297 4843 Τό
1311 4790 1417 4844 καθόλου
1428 4789 1469 4843 καί
1482 4789 1510 4842 τδ
1522 4789 1623 4853 ἀτοπον,
1638 4787 1696 4859 μηδ’

90 4873 168 4934 γῶειν
182 4867 206 4921 σί
224 4869 437 4940 συμμαχήσοντες.
473 4870 517 4922 Διό
536 4870 577 4922 καί
590 4871 700 4938 νενίκησε
720 4870 802 4940 μόνος.
845 4867 874 4922 ‘0
918 4869 947 4920 ἀν
962 4861 1097 4940 οἰκεῖοςῇ,
1119 4869 1176 4939 μηδ’
1192 4869 1221 4921 ἂν
1238 4871 1294 4929 παῖς
1307 4867 1380 4938 ίμθς,
1404 4867 1460 4938 μηδ’
1472 4868 1501 4919 ἀν
1516 4861 1543 4919 εύ
1562 4866 1699 4932 πεποιηκὼς

89 4945 295 5018 δὲθεμιστοκλῆς
307 4946 369 5000 κατά
382 4951 430 5018 γῆν
443 4949 522 5020 άπορα
537 4949 632 5019 βλέπων
644 4949 675 5002 τά
689 4951 820 5020 πράγματα
831 4969 873 5002 συ-
918 4947 961 5021 epi
983 4951 1110 5020 πρότερον,
1134 4950 1190 5019 μηδ’
1205 4949 1235 5002 ἀν
1252 4948 1275 5002 σί
1294 4947 1345 5000 θεοί
1363 4947 1529 5019 προστάτεωσι
1550 4943 1591 4998 καί
1613 4941 1698 5012 Ἀθηνᾶ

90 5025 232 5079 νεόούλευσε
247 5025 290 5096 μέν
303 5025 399 5097 ἀφεῖναι
410 5025 455 5092 τήν
466 5027 548 5092 πόλιν,
565 5027 597 5089 εἰς
608 5027 739 5100 Σαλαμῖνα
750 5025 776 5080 δέ
790 5046 872 5098 μετοι-
918 5034 1044 5101 συγχωρῇ.
1057 5028 1129 5082 ΤΟΥ
1132 5068 1138 5080 .
1694 5084 1698 5092 ,

89 5107 212 5171 οῑῦθῆίοῑ·
253 5101 282 5158 ‘0
293 5109 354 5176 γοῦν
369 5105 482 5175 Ἀίσχίνης
496 5106 634 5178 παροξύνων
655 5107 717 5162 κατὰ
731 5112 774 5162 τού
788 5107 870 5161 Μακε-
952 5107 1021 5176 439,
1042 5107 1085 5162 τό.
1103 5103 1177 5159 Εἰναί
1195 5123 1221 5160 τε
1234 5105 1278 5160 τόν
1299 5103 1425 5159 Φίλιππον
1444 5102 1527 5168 αύτδν,
1550 5099 1695 5174 Ἡράκλεις]

90 5185 160 5245 δόνυς
174 5183 259 5246 αύτούς
281 5182 363 5238 ἰκεῖνα
373 5183 504 5256 ’προύφερε
526 5187 620 5239 ΤΟΥ.’
644 5185 674 5239 θί
694 5186 737 5241 δύο
753 5184 881 5258 ἔγραψαν,
916 5185 1024 5257 Σημεΐον
1035 5189 1079 5240 τού
1095 5185 1215 5258 θαύματος
1228 5184 1257 5238 τδ
1274 5181 1412 5256 Ἧράκλεις.
1442 5181 1656 5250 Ἑλληνικώτατον
1670 5178 1696 5232 δέ
