4032 6094
672 371 712 447 νς
736 387 824 448 ιτενι
845 387 922 446 ’τινε
944 384 1119 448 εινιιιιιεε.
1628 406 1686 460 ειο

96 521 168 576 Οότω
181 521 222 574 καί
242 517 477 592 νΰνόόημοσθίνης
488 517 627 586 πεποίηκεν.
664 519 748 591 λέγειν
765 519 871 592 μὲνγὰρ
954 519 997 587 57,
1025 523 1066 573 ιθ.
1092 517 1248 590 Ἐκφεύγειν]
1276 520 1316 572 διά
1343 522 1372 574 τό
1399 522 1433 592 μὴ
1464 527 1543 578 ποιεῖν
1574 525 1635 597 ὐμᾶς
1659 529 1688 580 τὰ

96 604 155 674 όπέρ
171 603 296 654 Φιλίππου
318 602 401 664 δοκεῖ,
423 599 451 651 ού
470 601 571 670 μετέστη
590 599 616 651 δέ
635 600 678 665 τῆς
695 601 870 670 προαιρέσεως,
915 595 1010 648 δέοντα,
1026 597 1058 648 R.

97 679 164 732 ἀλλὰ
177 677 218 730 διά
232 677 262 729 τό
277 677 360 730 κοινδν
373 675 496 746 χρήσιμον
516 675 580 728 οότω
593 676 636 730 τόν
650 676 728 748 λόγον
741 678 872 748 μετιχειρί·
950 671 985 724 05
998 671 1045 742 μὴν
1059 671 1125 723 ἀλλὰ
1136 672 1404 746 καίτερ]ἳωμπέρασμα
1417 679 1459 728 τοῦ
1468 677 1605 749 προοιμίου.
1617 681 1687 734 BFP.

96 778 166 814 σατο.
185 757 252 818 Τινίς
261 755 289 810 δέ
297 759 464 826 πραγματικῆς
477 755 597 827 ἐγγράφου
610 761 697 810 τοῦτον
708 756 870 828 ἀπεφήναντο,
952 750 995 819 57·
1017 768 1057 820 ¹7·
1076 749 1212 820 Πῑπῑῑῑὼς]
1230 751 1315 812 Καλῶς
1332 753 1361 805 τί)
1379 750 1463 822 οἰομαι
1478 753 1587 826 ἐπήγαγε
1605 760 1687 809 τοῦτο.

97 836 210 906 λέγοντες
221 835 254 895 ὡς
264 835 318 904 περὶ
334 833 429 904 εἰρήνης
442 834 608 904 συμόουλεύει·
626 835 729 907 ἰγραφος
738 835 764 888 δί
777 835 793 902 ὴ
805 834 870 906 εἰρή-
916 829 999 892 Οἰιδείς
1009 829 1057 900 γάρ
1069 828 1249 899 άμφιόάλλοντι
1261 829 1344 900 ῥήτορι
1352 831 1468 888 πείθεται.
1480 835 1512 888 R.

97 934 135 980 νη·
149 913 270 984 ἔγγραφος
283 911 330 983 άρα
348 910 504 983 πραγματικὴ
520 911 535 978 ὴ
550 915 641 976 στάσις.
697 914 832 966 Φαίνονται
845 913 871 966 δέ
952 909 1051 978 57,αα.
1071 905 1181 977 Ἀκριόῶς
1194 906 1433 979 δέεδὼς-παρόνῖ
1447 909 1526 978 ἔσται]
1539 909 1690 980 Προοιμιακίι

96 991 261 1061 ἀγνοήσαντες
273 991 306 1052 ῖυς
323 991 351 1043 σίι
362 991 417 1061 περί
430 995 472 1057 τῆς
490 991 585 1061 εἰρήνης
598 992 666 1064 λέγει
685 995 726 1046 νῦν
745 992 800 1046 οδδί
818 993 872 1062 περὶ
917 987 1028 1057 νοήματα
1048 989 1125 1040 ταῦτα
1138 987 1184 1057 πρδ
1202 989 1245 1052 τῆς
1260 985 1407 1052 ύποθέσεως,
1422 985 1450 1038 οἰι
1473 988 1553 1042 τέλεια
1575 990 1690 1059 προοίμια

96 1071 184 1138 ταύτην
197 1067 351 1145 ὴσχόληται,
366 1069 423 1122 ἀλλ’
437 1071 476 1123 ότι
493 1071 605 1142 συμφέρει
617 1071 727 1134 δίξααθαι
739 1070 812 1124 αότδν
830 1072 871 1124 καί
916 1065 1062 1136 ἀναιροῦντα
1074 1065 1103 1117 τδ
1115 1064 1237 1134 φορτικόν·
1255 1063 1336 1129 ἰπιιδὴ
1347 1065 1395 1136 γάρ
1411 1065 1496 1136 μέλλει
1507 1066 1592 1120 έαυτδν
1612 1065 1687 1137 έγκω-

96 1147 130 1218 μὴ
140 1146 269 1216 πολεμεῖν.
306 1145 382 1200 Ὥστε
392 1145 511 1213 εἶναιτὴν
522 1149 605 1202 στάσιν
617 1147 788 1219 πραγματικὴν
797 1148 872 1219 άγρα·
916 1146 1055 1214 μιάζειν....
1066 1145 1097 1197 R.

94 1245 149 1296 ρον·
164 1223 223 1296 ψιλὴ
237 1224 311 1296 γθρὴ
322 1226 468 1296 παραίνεσις.
504 1225 542 1278 Tb
553 1227 579 1280 δί
589 1227 732 1297 προοίμιον,
750 1226 829 1292 ἰπιιδὴ
845 1227 871 1280 έοι
954 1221 1098 1292 Ἀκρῑὸἶῦςίέ
1113 1219 1196 1291 Q]
1207 1221 1321 1292 Δείπῑρθθ
1333 1221 1470 1292 πρωίμῑῡί·
1485 1225 1559 1276 BFP·
1568 1223 1648 1286 Εἰδὼς
1659 1225 1689 1276 τί)

94 1304 235 1376 παραδόξων
256 1304 354 1376 ἔρχεται
371 1303 454 1374 (παρὰ
463 1302 510 1374 γάρ
523 1302 568 1369 τήν
579 1303 664 1357 ίαυτοό
677 1305 718 1357 καί
734 1304 777 1370 τὴν
794 1304 870 1358 αὐτῶν
914 1301 1024 1370 χαλεπόν
1038 1303 1081 1366 τῆς
1093 1299 1245 1364 ύποθέσεως,
1260 1301 1301 1358 καί
1320 1301 1358 1352 ότι
1377 1301 1499 1370 δυσχερῶς
1523 1301 1547 1354 οί
1562 1300 1690 1362 ἀκούοντες

94 1385 197 1453 γνιύμην
213 1382 285 1434 δοκεῖ
294 1381 392 1450 λέγειν,
407 1379 431 1433 εἰ
441 1399 470 1450 γε
485 1381 539 1452 περί
552 1377 646 1452 εἰρήνης
658 1382 729 1434 δοκεῖ
739 1381 819 1453 λέγειν
830 1381 872 1434 καί
914 1375 1092 1447 προσήσονται,
1102 1377 1214 1428 σύντασιν
1228 1379 1333 1430 ποιεῖται
1341 1383 1390 1430 τῶν
1401 1376 1496 1430 οἰκείων
1506 1378 1601 1448 λόγων,
1613 1379 1645 1439 ιίις
1655 1377 1689 1449 μὴ

94 1460 184 1530 τρόπον
200 1458 254 1511 τινὰ
272 1457 331 1528 ύπίρ
346 1457 497 1524 Φιλίππου),
524 1458 587 1526 (οὒκ
601 1458 668 1521 εύθυς
685 1459 712 1513 ίκ
729 1466 777 1514 τῶν
793 1480 871 1530 πραγ·
914 1454 1104 1525 ἁμαρτανόντων
1131 1455 1267 1524 μηδέποτε,
1290 1449 1352 1524 μηδέ
1370 1455 1547 1509 διαπιπτόντων
1571 1456 1626 1526 περί
1646 1455 1690 1517 τθς

96 1541 180 1608 μάτων
192 1541 234 1604 τῆς
245 1536 389 1598 ἀκολουθίας
400 1535 544 1608 ἀρξάμενος,
562 1536 620 1588 ἀλλ’
634 1536 660 1590 ἰκ
671 1541 779 1607 ταραχῆς
787 1543 810 1604 ,)
826 1538 870 1591 σόα
914 1531 1050 1598 ύποθέσεις,
1066 1535 1112 1586 όσα
1121 1537 1181 1602 γοῦν
1195 1533 1401 1602 συμόουλεύσαντι
1413 1531 1479 1605 αύτῷ
1490 1531 1523 1604 μὴ
1534 1533 1687 1601 έπείσθησαν,

95 1617 163 1679 εύθίις
175 1619 218 1682 τῆς
229 1617 363 1678 ύποθίσεως
375 1616 494 1686 άρχεται,
510 1615 576 1668 ἀλλὰ
586 1616 698 1685 ταράττει
710 1621 815 1686 πρῶτον,
827 1618 869 1669 ἵνα
914 1610 980 1663 άλλίι
993 1611 1142 1682 διήμαρτον,
1165 1615 1243 1664 ταῦτα
1264 1611 1417 1682 ύπίμνησεν,
1438 1612 1471 1664 ἵν’
1492 1611 1618 1685 ἰπιστρίήη
1631 1613 1690 1683 πρός

94 1697 128 1757 ιὐς
142 1696 166 1750 έν
182 1697 316 1768 τηλικαύτη
328 1699 425 1767 ταραχῇ
436 1695 506 1758 αύτδς
515 1695 685 1767 συμόουλεόων
700 1697 780 1766 ῶσπερ
792 1695 870 1766 ἰατρός
913 1687 958 1754 τὴν
972 1693 1095 1760 παροῦσαν
1113 1688 1225 1744 ύπόθεσιν
1240 1689 1281 1742 καὶ
1294 1691 1468 1762 καταναγκάση
1480 1692 1617 1758 πεισθῆναι.
1635 1693 1686 1744 FP.

96 1771 181 1843 είιρεθῇ
198 1771 260 1825 κατέ
270 1772 326 1834 τούς
337 1772 426 1842 λόγους
441 1773 562 1842 γενέσθαι·
578 1773 619 1825 δεῖ
631 1771 689 1843 γάρ,
704 1773 745 1826 ότι
758 1789 782 1824 τι
791 1774 869 1843 παρά·
913 1769 1036 1840 Συμφέρον
1050 1768 1194 1838 κεφάλαιον.
1236 1764 1270 1820 Ἦ
1287 1766 1313 1820 δέ
1324 1765 1431 1828 σύνταξις
1446 1765 1530 1829 οὕτως·
1547 1766 1650 1837 άκριόῶς
1663 1771 1689 1822 δὲ

94 1849 163 1910 δοξον
180 1850 302 1920 μέλλομεν
317 1850 415 1920 λέγειν,
432 1847 465 1920 μὴ
479 1849 547 1912 εἰιθίις
565 1849 592 1903 ίει
611 1852 810 1921 τοῦπράγματος
829 1851 871 1920 ἀρ-
914 1846 983 1909 ιίδὼς
993 1852 1042 1900 τῶν
1053 1845 1245 1899 λυσιτελούντων
1259 1844 1367 1915 ὓπάρχον
1381 1847 1453 1898 τοῦτο
1464 1844 1493 1898 εδ
1506 1847 1617 1917 πρᾶγμα,
1633 1847 1687 1899 οἷον

95 1947 113 1996 χ
115 1930 196 1991 εσθαι,
211 1926 278 1979 ἀλλὰ
296 1929 421 1998 ταράττειν
435 1927 478 1980 τόν
495 1925 632 1998 ἀκροατὴν,
649 1927 691 1981 ἵνα
705 1927 792 1999 ῥᾷστον
809 1925 869 1980 ἀπο-
914 1925 943 1978 τδ
955 1925 1035 1996 λέγειν
1050 1924 1159 1979 τινὰκαὶ
1175 1924 1230 1994 περί
1242 1923 1328 1976 ἑαυτοῦ
1338 1923 1380 1975 καί
1392 1923 1447 1993 περί
1457 1919 1493 1976 ῶν
1512 1922 1566 1978 εἶπέ
1576 1944 1634 1978 ποτε
1647 1927 1689 1978 καί

94 2005 212 2073 δέχηται,
229 2004 262 2066 ῶς
284 2003 309 2057 έν
333 2005 441 2076 μεγίστῳ
456 2005 586 2076 τυγχάνων
606 2005 688 2077 φόόῳ,
706 2009 750 2058 τοῦ
764 2005 869 2076 συμόου-
914 2005 1115 2067 συνεόούλευσεν,
1139 2003 1177 2056 ότι
1194 2001 1223 2054 τδ
1243 2000 1350 2054 ἐπαινεῖν
1373 2000 1457 2054 ίαυτδν
1471 2000 1580 2063 καίτοδς
1601 2002 1688 2055 ἑαυτοῦ

94 2083 207 2145 λεύοντος
219 2083 260 2135 καί
271 2083 382 2138 όπωσυΰν
397 2086 502 2154 ίχουσαν
517 2081 561 2148 τὴν
574 2086 724 2154 παραίνεσιν.
776 2085 811 2137 To
826 2084 869 2155 μίν
913 2082 1002 2153 λόγους
1018 2083 1093 2143 ούτως
1106 2080 1157 2151 ἰγὼ
1167 2080 1279 2151 φορτικόν
1295 2079 1403 2150 ὴγοῖιμαι
1416 2081 1479 2132 ὥστε
1498 2079 1606 2149 ἀνάγκην
1625 2081 1689 2152 έχων

93 2157 138 2212 οὖν
153 2161 278 2231 προοίμιον
293 2157 389 2225 πολλὴν
403 2158 513 2230 ταραχὴν
534 2159 633 2230 ἐμποιεῖ
642 2167 677 2233 τῆν
692 2160 814 2233 ἀκροατῇ,
838 2163 870 2224 ῶς
914 2165 955 2214 νῦν
966 2159 1070 2232 έμαυτδν
1084 2158 1190 2214 έπαινιῖν
1209 2159 1276 2230 ὅμως
1288 2163 1360 2212 τοῦτο
1371 2161 1453 2230 φεύγω
1462 2161 1552 2212 ποιεῖν.
1566 2161 1616 2214 Rs,

95 2236 203 2307 ἰφαμεν,
215 2235 256 2288 διὰ
274 2235 319 2302 τὴν
328 2237 425 2306 χρείαν.
466 2235 496 2288 Ἥ
511 2237 536 2289 δί
549 2239 664 2306 πρότασις
675 2240 819 2311 διῃρημένη.
833 2243 867 2294 Α.
950 2239 993 2308 57,
1004 2245 1048 2294 τό.
1066 2237 1201 2309 Ἀνάγκην]
1218 2237 1247 2290 τ“ο
1261 2235 1367 2291 έπαινεῖν
1377 2237 1480 2308 ἰμαντδν
1490 2241 1595 2307 πρῶτον.
1609 2241 1640 2290 R.

131 2317 174 2384 57,
190 2333 214 2369 ε.
232 2313 313 2385 Ὃρῶ]
329 2314 456 2384 Πρότασις.
470 2343 507 2354 —-
516 2315 551 2366 Τίι
562 2317 689 2387 προοίμιον
700 2317 777 2372 ἰκτοῦ
790 2319 869 2389 πράγ-
950 2317 996 2381 58,
1015 2321 1041 2380 ό.
1057 2315 1172 2369 Ἐπῑιθύν
1185 2334 1246 2376 τινες
1257 2315 1335 2386 ύμᾶν]
1346 2314 1390 2376 El<
1402 2315 1459 2377 tob<
1471 2314 1573 2385 ῥήτορας
1589 2315 1688 2370 &Wil-

94 2413 170 2464 ματος
183 2395 225 2446 καί
237 2397 265 2446 ίκ
276 2397 320 2447 τού
330 2397 533 2464 κατηγοροῦντος.
551 2396 624 2448 BFP.
914 2413 980 2447 νεται
988 2395 1043 2456 τούς
1055 2393 1145 2454 ἀλλους
1155 2393 1210 2454 τούς
1221 2393 1349 2462 προδότας.
1367 2395 1399 2447 R.

130 2473 173 2541 57,
189 2489 215 2527 2.
230 2469 332 2537 Πολλὴν
348 2471 478 2524 δυσκολίαν
493 2471 600 2543 ἔχοντα]
614 2472 735 2534 Δύσκολος
749 2472 815 2546 αύτῷ
829 2474 871 2528 καί
950 2475 993 2539 58,
1013 2475 1039 2528 5.
1052 2473 1221 2544 Πλουτάρχῳ]
1238 2471 1396 2543 Πλούταρχος
1413 2467 1443 2538 ήν
1461 2471 1583 2541 Ἐρετρίας
1602 2470 1698 2540 τύραν-’

92 2547 191 2618 χαλεπὴ
203 2551 274 2602 δοκεῖ
287 2548 446 2619 τυγχάνεινὴ
460 2555 570 2620 παροῦσα
584 2549 702 2612 ύπόθεσις·
720 2550 810 2614 εἰωθὼς
822 2552 870 2624 γάρ
913 2570 962 2614 νος.
999 2551 1087 2622 Τούτῳ
1107 2549 1224 2616 ἀπανέστη
1243 2549 1410 2620 Κλείταρχος,
1429 2550 1471 2602 καί
1489 2550 1540 2620 άμα
1553 2549 1595 2601 καὶ
1608 2549 1632 2601 οί
1645 2570 1689 2602 πο·

92 2626 156 2680 κατὰ
175 2627 300 2681 Φιλίππου
319 2627 414 2698 λέγειν,
435 2626 598 2698 ἀναγκάζεταί
612 2649 663 2688 πως
680 2634 715 2700 τῷ
734 2629 870 2700 βουλήματι
913 2629 1156 2682 λῖταισυνεπίθεντο.
1194 2627 1303 2699 Ἔπεμήε
1317 2628 1375 2697 πρδς
1392 2625 1532 2694 ’Ἀθηναίους
1545 2629 1688 2697 συμμαχίαν

91 2705 167 2758 αἰτοῦ
180 2706 221 2758 καί
233 2705 298 2759 ἀπων
311 2709 476 2776 συνηγορῆσαι
483 2743 491 2771 ,
504 2706 546 2758 καί
563 2708 653 2760 πείθειν
662 2706 707 2772 τὴν
722 2709 794 2762 πόλιν
804 2708 870 2780 εἰρή-
914 2705 998 2759 αἰτῶν.
1040 2705 1323 2776 ἈντεῖπεΔημοσθένης,
1361 2704 1403 2770 ίίίὴ
1425 2707 1559 2766 πεισθέντες
1580 2703 1688 2758 ἀπέστει-

92 2801 139 2848 νην
154 2781 304 2852 άγειναίιτδς
318 2780 409 2842 εἰωθὼς
422 2781 593 2853 συμόουλεύειν
607 2783 649 2835 τόν
662 2781 791 2837 ἀδικοῦντα
807 2783 869 2856 ἀμύ-
913 2786 970 2840 λαν.
1006 2786 1181 2857 ἰάττιπέμήατο
1192 2785 1233 2838 καὶ
1245 2785 1402 2855 μισθοφόρους
1413 2783 1501 2846 ξένους.
1539 2784 1688 2854 Διαλυαάμε·

93 2861 185 2911 υεσθαι.
222 2859 310 2929 Γέγονε
324 2859 434 2912 δέτοῖιτυ
447 2859 551 2930 αύτῷόύ
567 2861 628 2915 κατά
638 2863 870 2933 προαίρεσιν,ἀλλά
914 2883 968 2930 νος,
990 2863 1155 2918 ἀπαιτούντων
1175 2861 1247 2915 αύτδν
1261 2867 1310 2914 τῶν
1332 2861 1403 2924 ξένοιν
1419 2861 1461 2914 τόν
1487 2860 1583 2931 μισθόν,
1606 2859 1688 2923 αἰετοῖς
1767 2876 1768 2884 ’

92 2937 127 2987 δι’
141 2935 266 3006 ἀνάγκην,
280 2937 394 2990 ἁπάντων
404 2941 452 2990 τῶν
469 2935 597 3004 Ἑλλήνων
616 2939 816 3006 συνεληλυθότων
828 2942 870 2994 καί
916 2941 1047 3010 Ἀθηναίων
1056 2941 1163 3012 λογάδας
1176 2941 1251 3006 δήσας
1269 2941 1373 3004 ἔδωκεν,
1388 2939 1413 2992 σί
1430 2939 1457 2992 δέ
1471 2937 1593 3004 Ἀθηναῖοι
1610 2939 1631 2991 ν’
1645 2941 1687 2992 τά·

92 3014 259 3087 ἐψηφισμένων
276 3015 433 3086 ’Ἀμφικτύονα
453 3014 518 3069 εἶναι
534 3017 577 3070 τὀν
597 3017 731 3072 Φίλιππον.
768 3019 869 3081 Οθςδε-
912 3021 991 3074 λαντα
1010 3019 1144 3091 πέμψαντες
1162 3018 1280 3072 ἰλύσαντο
1295 3018 1388 3079 αύτούς.
1435 3017 1478 3069 Aah
1495 3017 1536 3069 καί
1549 3017 1687 3088 δαπανηρδν

91 3091 180 3151 δοικίος
201 3091 403 3162 συμόουλεόειτῇ
418 3091 490 3144 πόλει
501 3094 617 3164 γενναίως
636 3092 676 3145 διά
689 3094 719 3147 τό
734 3093 795 3166 αύτῆ
807 3115 867 3166 συμ-
914 3097 1006 3151 ἐκεῖνον
1024 3097 1067 3150 τδν
1087 3097 1195 3167 πόλεμον
1220 3093 1330 3166 εἰρηκεν,
1352 3093 1437 3158 άδοξον
1458 3096 1500 3162 δέ,
1521 3096 1559 3149 ότι
1579 3098 1689 3170 τυράννῳ

90 3166 869 3240 φέρειντόσνμύεθηπδςΦωκεῖισικαίμὴδιδτοῦτοέναντιοῦσθαι
915 3175 1014 3247 βοηθεῖν
1029 3173 1234 3246 ήμελλον.ΑΗίἰ.

70 3286 75 3292 .
91 3247 152 3316 πρὸς
165 3245 299 3300 Φίλιππον.
322 3245 451 3316 Πρόκειται
465 3247 491 3300 δέ
505 3248 570 3320 αύτῷ
588 3247 621 3320 μὴ
644 3249 817 3317 ἐναντιωθῆναι
834 3257 869 3323 τῷ
948 3255 992 3318 58,
1007 3257 1032 3308 6.
1044 3253 1204 3323 Δαπανηρδν]
1222 3249 1374 3304 ἀναλωτιεῖον
1385 3249 1485 3304 πολλῶν
1499 3252 1643 3320 χρημάτων.
1655 3255 1684 3304 P.

90 3323 199 3392 δόγματι
207 3328 255 3375 τῶν
265 3321 451 3393 Ἀμφικτυόνων,
462 3323 627 3394 έψηρισμένων
637 3323 794 3396 Ἀμφικτύονα
803 3325 868 3382 εἶναι
948 3331 992 3396 58,
1010 3331 1051 3384 15.
1064 3330 1255 3400 Νεοπτόλεμον]
1270 3327 1300 3380 Ὁ
1308 3328 1479 3400 Νεοπτόλεμος
1493 3329 1591 3398 Σκύριος
1603 3325 1632 3396 ήν
1647 3333 1688 3383 καί

90 3398 277 3452 τίενΦίλιππον.
293 3399 385 3469 Χρήται
399 3394 442 3452 ούν
457 3406 492 3471 τῷ
505 3402 591 3473 δικαίῳ
601 3407 723 3472 παραινῶν
736 3401 769 3473 μὴ
783 3405 867 3474 προτί·
912 3411 1047 3482 τραγῳδίας
1059 3409 1211 3479 ύπεκρίνατο.
1248 3407 1356 3460 Θέλειδί
1369 3405 1446 3460 εἰπεῖν
1459 3409 1498 3458 ότι
1513 3405 1556 3460 οἰκ
1569 3406 1687 3472 ὴκούσατε

89 3498 147 3548 ρους
156 3477 311 3546 παραόαίνειν
325 3476 433 3548 εἰρήνην,
449 3479 510 3549 μηδέ
521 3481 606 3550 όρκους
618 3485 721 3551 συγχεῖν
745 3481 801 3534 εἶτα
815 3503 869 3554 γτν-
912 3493 954 3542 τοῦ
971 3487 1142 3556 Νεοπτολέμου
1153 3489 1234 3555 ῶσπερ
1248 3484 1273 3538 έν
1286 3487 1378 3555 θεάτρῳ
1395 3483 1435 3538 διὰ
1450 3488 1493 3549 τῆς
1505 3489 1586 3554 φιονῆς
1598 3488 1687 3553 κηλού-

89 3557 215 3626 ναιότερον
230 3555 327 3616 ἐπεξιὼν
338 3556 414 3626 φόόον
428 3555 509 3619 αύτοῖς
520 3559 661 3628 παρίστησιν
676 3561 714 3613 ότι
724 3561 782 3630 πρδς
795 3561 869 3615 άπαν-
913 3585 991 3636 μενοι.
1031 3563 1123 3634 Ἐχρῆν
1141 3564 1166 3617 δί
1182 3563 1245 3634 ύμίις
1259 3563 1288 3614 τδ
1310 3561 1436 3626 ἰναντίον,
1455 3561 1476 3614 εἰ
1492 3563 1533 3613 καὶ
1551 3562 1576 3615 έν
1596 3564 1689 3636 θεάτρῳ

90 3653 134 3695 τας
148 3634 229 3696 αύτοῖς
244 3633 313 3687 ἔσται
329 3634 385 3696 τοίις
398 3633 523 3702 Ἕλληνας
534 3637 708 3694 ἰναντιοῖισθαι.
720 3641 770 3694 FP.
912 3643 1031 3709 ἠκούσατε
1042 3640 1199 3712 ἀμφοτέρων,
1215 3639 1311 3709 μάλλον
1324 3639 1380 3708 ἰμοί
1397 3640 1542 3709 προσθέσθαι
1556 3640 1588 3700 ὥς
1601 3659 1687 3710 παραι-

127 3711 163 3764 Οἰι
184 3713 276 3783 μόνον]
294 3712 442 3779 Κατασπευή.
455 3715 482 3766 Β.
508 3715 650 3782 Κατασκευὴ
669 3721 712 3784 τῆς
732 3720 868 3788 προτάσεως
912 3719 1034 3774 νοῦντιτά
1051 3717 1170 3788 χρήσιμα.
1208 3715 1302 3768 θύκοόν
1318 3714 1492 3786 έμδςότόπος.
1533 3714 1688 3786 Ἐμὴνεῖναι

89 3791 224 3862 διῃρημένη
238 3790 361 3856 καίαύτη.
398 3791 428 3843 Ἀί
447 3792 495 3864 γάρ
515 3795 660 3848 κατασκευαί
677 3800 711 3867 πῇ
729 3796 771 3866 μέν
788 3798 869 3869 διηρη·
912 3798 953 3850 καί
966 3795 1010 3862 τὴν
1019 3797 1097 3866 ᾖρον
1108 3795 1192 3865 ἐχρῆν.
1212 3791 1346 3860 Ἐκκλησία
1359 3793 1407 3865 γάρ
1423 3789 1463 3860 ήν.
1501 3793 1535 3845 Τό
1549 3794 1576 3846 δὲ
1588 3795 1687 3850 θεᾶσθαι

89 3871 214 3942 μίνωςπῇ
231 3869 443 3940 δέδιεζευγμένως
455 3870 578 3942 λέγονται.
616 3873 661 3924 Διά
674 3877 717 3926 τοῦ
731 3869 774 3927 σύν
787 3875 867 3946 λέγειν
911 3877 1090 3947 παρατηρητέον
1101 3872 1141 3928 ἰπί
1149 3873 1289 3944 τραγῳδῶν·
1307 3871 1444 3942 άρχαϊσμδς
1454 3872 1512 3943 γάρ.
1527 3873 1609 3926 AHR.

92 3971 105 3996 ι
120 3946 149 3999 ού
163 3948 238 4018 μόνον
250 3969 261 3996 ν
273 3946 363 4018 μερίζει
372 3948 413 4000 καί
425 3949 543 4003 δείκνυσιν
556 3952 594 4003 ότι
602 3952 655 4004 κατ’
663 3951 727 4004 ἀλλο
736 3971 760 4006 τι
769 3953 866 4024 διαιρῶν
948 3955 996 4006 Τόν
1019 3951 1167 4024 ύποκριτὴν]
1189 3949 1333 4022 Ὗποκριτάς
1352 3951 1453 4004 έκάλουν
1468 3950 1492 4002 οί
1512 3949 1613 4020 ἀρχαῖοι
1633 3948 1689 4008 τούς

90 4027 132 4078 καὶ
143 4025 191 4095 οἰιχ
203 4025 241 4096 ύφ’
251 4026 277 4078 ἰν
287 4025 354 4095 λέγει
367 4023 411 4092 τὴν
423 4028 582 4094 κατασκευήν.
601 4031 657 4082 ΑΒ.
913 4037 954 4086 νῦν
965 4030 1103 4103 τραγῳδούς
1115 4031 1262 4102 λεγομένους
1273 4031 1329 4091 τούς
1342 4029 1455 4097 ποιητάς,
1466 4027 1519 4082 οἷον
1531 4029 1573 4082 τόν
1588 4028 1687 4100 Εύριπί-

129 4104 275 4174 Προεῖσθαι]
287 4103 399 4174 Ούλέγει
413 4105 451 4158 ότι
464 4105 533 4178 ύμεῖς
546 4108 729 4176 προδεδώκατε,
741 4107 797 4160 ἀλλ’
808 4109 868 4162 αύτά
912 4114 956 4180 δην
970 4111 1012 4164 καί
1029 4109 1215 4181 Ἀριστοφάνην,
1240 4109 1295 4170 τούς
1314 4109 1340 4162 δὲ
1361 4113 1403 4162 νῦν
1423 4106 1550 4178 ὐποκριτάς
1561 4103 1645 4176 (οὗτοι
1662 4104 1688 4156 δέ

89 4181 124 4234 Τὰ
137 4183 268 4252 ³9⁴th
280 4181 447 4250 πίθδέίθίῖαῑ·
459 4185 489 4236 fl·
911 4187 972 4258 ήσαν
986 4190 1055 4256 δύο),
1074 4188 1117 4243 τόν
1131 4188 1174 4260 μὲν
1195 4185 1432 4258 δευτεραγωνιστήν,
1447 4186 1489 4239 τόν
1506 4186 1532 4237 δέ
1545 4203 1688 4254 τριταγωνι·

128 4260 172 4326 57,
184 4264 210 4322 4.
222 4257 367 4330 Προύργου]
382 4259 437 4314 ἀντί
450 4266 492 4314 τοῦ
502 4261 624 4333 χρήσιμον
636 4262 677 4316 καί
690 4265 818 4334 συμφέρον.
834 4268 865 4318 R.
912 4267 988 4333 στήν,
1007 4266 1093 4329 αύτούς
1107 4266 1134 4318 δί
1148 4266 1204 4328 τούς
1221 4264 1322 4331 ποιητός
1339 4271 1386 4318 τῶν
1406 4265 1535 4335 δραμάτων
1550 4260 1689 4332 τραγῳδούς

128 4333 164 4388 Εἰ
178 4338 276 4407 λέΤῑῑί]
289 4337 412 4409 ῖίλθῖῑῗί·
426 4341 459 4394 R·
912 4347 953 4399 καί
968 4345 1247 4418 τραγῳδοδιδασκάλους.
1265 4345 1339 4397 BFP.
1352 4343 1470 4397 Turbata
1487 4342 1542 4395 haec
1553 4342 1591 4393 εἰσ
1608 4341 1635 4391 in
1647 4357 1688 4391 οτ-

129 4417 173 4484 57,
189 4416 215 4470 5.
226 4415 292 4466 Ιίατίι
303 4415 395 4484 ταύτίι]
409 4414 436 4470 ἐκ
448 4417 608 4488 παραλλήλου
620 4418 698 4488 δηλοῖ
707 4419 736 4473 τό
748 4419 819 4490 όμού.
833 4423 866 4475 R.
911 4424 1001 4478 dinem
1028 4423 1127 4494 redegit
1145 4423 1290 4476 Lambinus
1305 4425 1332 4475 in
1349 4421 1393 4475 σά.
1419 4419 1530 4476 Μοταίίίἰ
1551 4435 1559 4471 :
1585 4455 1615 4473 ...
1632 4417 1688 4476 τούς

129 4494 172 4562 57,
193 4498 218 4545 ό.
234 4493 269 4546 Τό
289 4495 424 4566 συμφέρον]
447 4494 501 4550 ἀντί
522 4499 566 4550 τοῦ
585 4497 613 4551 τό
626 4499 743 4570 συμφέρον
762 4498 866 4568 όφείλειν
912 4506 954 4556 ν’όν
967 4503 1098 4574 κωμῳδούς
1109 4501 1150 4554 καί
1161 4501 1300 4572 τραγῳδούς
1309 4500 1465 4572 λεγομένους.
1502 4491 1577 4550 Οὗτοι
1590 4491 1687 4562 δέήσαν

87 4571 157 4626 εἶναι
168 4573 215 4642 πρδ
226 4572 315 4634 παντός
324 4571 406 4644 ἔργου.
417 4576 449 4628 R.
912 4583 990 4651 τρεῖς,
1003 4581 1018 4632 ό
1031 4580 1074 4653 μέν
1087 4577 1307 4650 πρωταγωνιστὴς,
1318 4578 1332 4631 ό
1343 4578 1369 4630 δέ
1387 4574 1621 4648 δευτεραγωνιστής,
1634 4574 1649 4626 ό
1662 4573 1688 4625 δέ

124 4653 168 4720 57,
182 4668 209 4719 7.
223 4650 360 4722 Δυσκόλου]
375 4653 477 4722 Δευτίρα
488 4653 609 4722 πρότασις.
623 4655 695 4710 BFP.
913 4657 1110 4728 τριταγωνιστής·
1121 4655 1207 4717 αύτούς
1216 4657 1240 4708 δ.
1256 4675 1278 4708 τ.
1290 4676 1317 4710 π.
1329 4657 1352 4707 δ.
1370 4654 1498 4725 τραγικούς
1509 4653 1550 4706 καὶ
1561 4653 1689 4722 ,τραγῳδο-

128 4730 172 4796 57,
189 4747 230 4781 10.
251 4727 281 4780 Οί
301 4729 344 4800 μέν
363 4729 412 4802 γὰρ
424 4730 515 4801 ἀλλοι]
537 4731 675 4798 Ιίατασπευὴ
696 4736 740 4799 τῆς
760 4735 868 4805 δευτέρας
911 4735 1089 4798 διδασκάλους,
1106 4729 1302 4804 οἰονἘύριπίδην
1315 4735 1356 4786 καί
1372 4732 1550 4804 Ἀριστοφάνην.

87 4810 238 4877 προτάσεως.
255 4807 348 4863 BPFB.
949 4813 992 4876 58,
1008 4813 1051 4866 23.
1068 4811 1158 4874 λύτοίτς
1171 4811 1249 4882 ύμσῑς]
1262 4812 1297 4864 Τό
1313 4811 1399 4872 αύτούς
1417 4811 1479 4880 ὑμᾶς
1499 4808 1554 4860 ἀντὶ
1570 4811 1614 4859 τοῖο
1627 4807 1689 4878 ὐμᾶς

128 4889 172 4956 57,
186 4905 227 4940 12.
243 4885 289 4940 Ἐκ
300 4887 326 4941 δί
335 4887 438 4960 τούτου]
458 4887 484 4942 ἐκ
495 4890 693 4960 τοΰάμαρτάνειν
707 4889 777 4960 ὑμεῖς.
794 4893 826 4944 R.
912 4889 994 4952 άπλῶς
1005 4891 1064 4944 νόει.
1080 4892 1110 4944 P.

127 4965 172 5034 57,
189 4971 230 5020 18.
245 4965 314 5035 Ιίαρά
326 4966 423 5037 πάντα]
439 4967 493 5020 καθ’
513 4969 541 5020 δν
565 4967 616 5039 έγὼ
632 4967 790 5039 πολιτεύομαι
810 4971 868 5039 χρό-
948 4969 991 5038 59,
1005 4970 1030 5024 5.
1049 4967 1387 5038 Ἕξαργυρίσας]διαπράσας.
1403 4970 1433 5021 Ρ.

87 5060 145 5095 νῦν.
159 5044 191 5094 R·
948 5047 992 5116 59,
1009 5064 1050 5100 ια.
1062 5046 1166 5108 Θεσπιὰς
1176 5046 1217 5099 καί
1230 5045 1369 5116 Πλαταιέες]
1384 5043 1461 5099 λύσαι
1477 5045 1589 5096 Βοιωτῶν
1608 5043 1632 5094 αί
1644 5043 1688 5096 πό·

128 5121 172 5188 57,
191 5124 231 5184 εή.
246 5119 410 5194 Εύδοκιμεῖν]
424 5119 463 5174 διά
477 5121 595 5176 τδδοκεῖν
608 5121 688 5190 ἀληθῆ
701 5123 790 5194 λέγειν.
912 5123 972 5186 λεις.
1010 5125 1102 5186 Ταύτας
1121 5123 1248 5178 ίιπακούειν
1272 5127 1323 5186 τοῖς
1344 5123 1459 5191 θηόαίοις
1481 5121 1513 5194 μὴ
1538 5121 1688 5193 βουλομένας
