4150 6094
606 441 896 503 ineruditionis
915 443 980 503 ΟΒ.
1000 443 1050 504 DE
1070 443 1277 504 soefflsnru

136 577 193 640 πῶς
219 574 248 632 οὐ
264 571 316 652 χρὴ
341 571 386 630 καί
409 573 456 640 τῆς
477 570 596 637 παιδείας
615 572 716 644 ἐκείνην
742 573 858 648 μάλιστα
878 597 918 631 τι·

137 673 207 742 μᾷν,
224 663 268 741 ἀρ’
284 653 315 731 ἧς
330 658 394 736 πρὸς
413 665 489 718 τοῦτο
502 659 532 716 τὸ
546 659 619 737 γένος
635 663 687 718 τῶν
704 661 788 736 λόγων
805 661 918 742 εὐπόρως

135 749 244 825 θζομενς

177 859 201 898 ο.
224 829 310 913 Οἶμαι
324 835 351 895 δέ
366 833 411 893 καί
435 833 477 890 ert
491 831 560 893 τοῦτ’
586 831 656 901 άζων
679 823 746 891 εἶναι
767 836 826 902 τούς
852 857 917 916 γρα·

107 942 120 975 ⁵
136 923 216 990 πτούς
228 924 319 1002 λόγους
329 920 539 998 ἀποδοκιμάζειν,
549 920 589 978 ότι
600 922 642 981 τὸν
659 923 714 1000 βίον
727 925 778 982 τῶν
794 947 919 1002 μεταχει-

137 1011 279 1090 ριζομένων
296 1010 436 1088 ἀνώμαλον
451 1015 600 1068 καθιστᾶσι.
610 1011 677 1088 Περὶ
687 1011 792 1068 πάντων
808 1011 854 1088 μέν
868 1014 919 1092 γὰρ

133 1105 190 1159 τῶν
215 1099 380 1180 πραγμάτων
394 1101 590 1178 γεγραμμένους
608 1098 765 1156 ἐπίστασθαι
785 1101 877 1178 λόγους
893 1100 918 1156 έν

135 1214 162 1248 τι
176 1193 228 1246 τῶν
244 1189 375 1247 ἀδυνάτων
397 1187 523 1263 πέρυκεν,
539 1187 641 1261 ἀνάγκη
656 1185 684 1244 δέ
699 1189 788 1262 ἐστιν,
805 1189 867 1245 ὅταν
882 1213 920 1256 τις

135 1276 170 1334 τά
185 1276 232 1350 μέν
247 1273 434 1354 αὐτοσχεδιάζῃ
451 1273 484 1330 τδι
500 1273 528 1331 δέ
542 1277 636 1350 τυποῖ,
648 1273 692 1332 τόν
708 1271 784 1352 λόγον
799 1275 919 1350 ἀνόμοιον

94 1367 120 1405 ¹⁰
135 1365 199 1422 ὄντα
216 1363 295 1442 ψόγον
315 1367 353 1442 τῷ
374 1363 475 1437 λέγοντι
494 1361 714 1439 παρασκευάζειν,
739 1363 784 1420 καί
808 1365 842 1421 τά
870 1363 917 1439 μέν

135 1453 274 1531 ὑποκρίσει
294 1450 341 1508 καὶ
357 1449 479 1529 ῥαψῳδία
499 1449 672 1527 παραπλήσια
689 1450 773 1508 δοκεῖν
796 1441 871 1521 εἶναι,
887 1449 920 1509 τδι

135 1541 163 1598 δέ
178 1539 289 1598 ταπεινά
305 1539 350 1598 καὶ
372 1541 459 1618 φαῦλα
484 1537 620 1614 φαίνεσθαι
640 1537 713 1616 παρά
738 1537 787 1608 τήν
811 1537 918 1596 ἐκείνων

135 1627 283 1707 ἀκρίόειαν.

175 1735 199 1774 α.
225 1713 314 1774 Δεινδν
337 1713 358 1770 δ
381 1712 437 1771 έστῖ
462 1711 505 1769 τθν
529 1711 741 1787 ἀντιποιούμενον
768 1714 921 1795 φιλοσορίας

89 1810 123 1849 15
135 1805 182 1872 τῆς
197 1807 242 1859 τοῦ
256 1801 339 1877 λέγειν
355 1799 400 1858 καλ
420 1799 569 1857 παιδεύσων
586 1801 686 1878 ἑτέρους
701 1799 919 1878 ὑπισχνούμενον,

136 1891 168 1948 ἀν
186 1888 234 1966 μέν
249 1889 298 1967 ἔχῃ
313 1895 494 1966 γραμματεῖον
510 1887 527 1956 ἢ
554 1887 674 1964 βιόλίον,
691 1888 824 1945 δεικνύναι
839 1888 921 1946 δύνα-

136 1983 199 2035 σθαι
212 1977 258 2046 τήν
271 1982 349 2035 αὐτοῦ
365 1974 468 2054 σορίαν,
485 1973 515 2032 διν
531 1975 556 2031 δὲ
572 1977 670 2032 τούτοιν
684 1974 791 2053 ἄμοιρος
802 1975 922 2052 γένηται,

79 2073 82 2078 ’
137 2065 220 2140 μηδέν
241 2069 292 2122 τῶν
316 2062 477 2121 ἀπαιδεύτων
501 2061 595 2140 βελτίω
609 2062 783 2134 καθεστάναι,
799 2064 842 2121 καλ
857 2063 923 2144 χρό-

136 2175 182 2212 νου
198 2152 246 2226 μέν
257 2151 372 2217 δοθέντος
388 2149 513 2208 δύνασθαι
525 2149 601 2226 λόγον
616 2149 773 2227 ἐξενεγκεῖν,
784 2151 876 2218 εὐθέως
896 2151 921 2209 δέ

91 2255 123 2294 αυ
136 2241 198 2318 περὶ
217 2245 262 2300 τοῦ
277 2237 443 2320 προτεθέντος
466 2237 628 2316 ἀρωνότερον
643 2226 709 2294 εἶναι
727 2240 778 2294 τῶν
794 2238 922 2314 ἰδιωτῶν,

137 2329 185 2386 καλ
205 2328 291 2406 λόγοιν
309 2326 357 2402 μέν
377 2325 471 2404 τέχνας
492 2326 715 2402 ἐπαγγέλλεσθαι,
732 2331 776 2384 τοῦ
794 2326 820 2382 δὲ
837 2325 922 2401 λέγειν

138 2414 208 2491 μηδὲ
236 2413 333 2492 μικράν
356 2413 465 2490 δύναμιν
485 2412 580 2492 ἔχοντα
610 2417 635 2472 ἐν
662 2416 746 2494 ἑαυτῷ
775 2413 920 2492 φαίνεσθαι.

141 2504 196 2563 Καὶ
213 2503 264 2581 γάρ
284 2501 413 2578 ἡμελέτη
435 2507 480 2558 τοῦ
500 2503 607 2580 γράφειν
631 2501 741 2578 ἀπορίαν
766 2508 811 2559 τού
838 2503 922 2581 λέγειν

140 2589 268 2662 πλείστην
294 2589 483 2666 παραδίδωσιν.
525 2587 612 2647 Ὅταν
627 2587 678 2667 γάρ
695 2613 732 2653 τις
747 2591 835 2669 ἐθισθῇ
855 2590 923 2647 κατὰ

96 2690 125 2728 ²⁶
143 2677 238 2757 μικρὸν
266 2675 446 2756 ἐξεργάζεσθαι
475 2675 534 2742 τούς
568 2677 658 2754 λόγους
685 2677 728 2734 καί
755 2677 821 2751 μετά
850 2680 925 2756 ἀκρι-

141 2765 216 2832 ὐείας
229 2767 274 2824 καλ
289 2769 388 2846 ῥυθμοῦ
413 2765 446 2823 τά
463 2765 569 2846 ῥήματα
592 2767 737 2823 συντιθέναι
756 2767 800 2822 καὶ
817 2767 925 2848 βραδεῖά

139 2858 174 2933 τῇ
206 2859 253 2924 τῆς
280 2852 394 2916 διανοίας
427 2853 527 2924 κινήσει
553 2851 687 2932 χρώμενος
717 2855 843 2912 ἐπιτελεῖν
877 2855 924 2924 τήν

141 2941 301 3020 ἑρμηνείαν,
316 2941 458 3014 ἀναγκαῖόν
479 2944 533 2998 ἐστι
548 2945 653 3010 τοῦτον,
669 2938 730 2998 όταν
751 2943 785 3006 είς
800 2939 858 3007 τούς
875 2945 926 2999 αὐ-

140 3027 342 3108 τοσχεδιαστούς
359 3025 422 3106 έκθῃ
436 3030 545 3106 λόγους,
571 3028 675 3086 ἐναντία
697 3029 848 3108 πράσσοντα
871 3035 927 3098 ταῖς

93 3135 125 3174 ³⁰
142 3117 290 3188 συνηθείαις
312 3116 422 3195 ἀπορίας
443 3117 488 3174 καῖ
514 3115 623 3194 θορύόσο
645 3115 734 3194 πλήρη
760 3113 806 3186 τὴν
823 3119 927 3193 γνώμην

142 3205 233 3284 ἀχειν,
248 3204 293 3262 καί
312 3204 377 3282 πρὸς
391 3203 496 3276 ἅπαντα
518 3206 564 3279 μέν
584 3205 781 3282 δυσχεραίνειν,
805 3205 885 3278 μηδὲν
900 3207 927 3263 δὲ

142 3291 276 3372 διαφέρειν
285 3296 338 3350 τῶν
353 3290 535 3370 ὐσχνορόινοιν,
549 3290 672 3350 οὐδέποτε
686 3294 708 3349 δ’
724 3289 823 3372 εὐλότῳ
833 3298 866 3370 τῇ
881 3297 928 3364 τῆς

143 3385 231 3460 ψυχῆς
244 3379 365 3462 ἀγχινοίᾳ
380 3405 400 3458 χ
402 3379 515 3460 ρώμενον
528 3383 611 3456 ὐγρῶς
621 3380 665 3436 καί
675 3379 863 3460 φιλανθρώπως
881 3405 927 3456 με·

143 3470 341 3548 ταχειρίζεαθαι
351 3467 411 3534 τούς
427 3470 530 3544 λόγους,
544 3469 602 3526 ἀλλ’
617 3467 708 3546 ὥσπερ
720 3471 743 3525 οἱ
763 3466 805 3525 διά
821 3473 928 3546 μακρῶν

101 3579 129 3618 κε
144 3557 247 3636 χρόνων
263 3559 293 3613 ἐκ
313 3557 416 3629 δεσμῶν
430 3553 548 3622 λυθέντες
570 3557 599 3613 οὐ
618 3553 742 3614 δύνανται
764 3563 818 3622 τοῖς
840 3556 928 3622 ἀλλοις

145 3643 240 3716 ὁμοίαν
265 3645 426 3713 ποιήσασθαι
444 3643 491 3716 τήν
525 3643 690 3722 ὁδοιπορίαν,
720 3646 777 3703 ἀλλ’
797 3645 830 3710 εἷς
845 3649 930 3704 ἐκεῖνα

146 3731 180 3787 τδι
198 3729 325 3810 σχήματα
343 3731 387 3788 καί
409 3729 468 3796 τούς
484 3732 595 3812 ὁοθμούς
615 3733 789 3812 ἀποτρέρσνται
813 3737 870 3808 μεθ’
894 3726 929 3792 ῶν

147 3820 193 3876 καὶ
213 3818 359 3894 δεδεμένοις
378 3823 466 3886 αὐτοῖς
489 3822 632 3897 ἀναγκαῖον
650 3811 682 3890 ἦν
700 3819 869 3900 πορεύεσθαι,
888 3824 931 3880 τὸν

148 3907 333 3983 αὐτὸντρόπον
347 3911 364 3976 ἡ
378 3904 466 3987 γραρή
482 3908 604 3987 βραδείας
619 3905 664 3972 τάς
680 3909 853 3982 διαθάσειςτγ,
866 3911 931 3986 γνόι-

106 4015 134 4054 ια
150 4019 189 4073 μη
209 3997 445 4072 παρασκευάζουσα
467 3998 511 4052 καὶ
532 4001 577 4054 τοῦ
592 3994 676 4071 λέγειν
696 3999 722 4055 ἐν
738 4005 789 4063 τοῖς
810 3998 933 4064 ἐναντίοις

149 4083 220 4142 ἔθεσι
231 4081 375 4160 ποιουμένη
387 4085 436 4156 τὴν
451 4086 563 4156 ἄσκησιν
577 4085 673 4164 ἄπορον
688 4086 732 4144 καὶ
743 4087 871 4162 δεσμῶτιν
885 4087 933 4157 τήν
948 4117 952 4143 a

149 4173 239 4253 ψυχὴν
261 4173 400 4245 καθίστησι
423 4175 468 4234 καὶ
502 4180 548 4246 τῆς
571 4178 598 4232 έν
623 4184 676 4240 τοῖς
705 4177 934 4255 αὐτοσχεδιαστσῑς

151 4263 253 4342 εὐροίας
269 4262 373 4334 ἀπάσης
386 4262 540 4344 ἐπίπροσθεν
558 4264 666 4339 γίνεται.

192 4369 214 4408 7.
236 4349 344 4426 Νομίζω
360 4349 444 4409 δὲκαὶ
466 4353 513 4423 τὴν
530 4355 643 4428 μάθησιν
671 4355 721 4408 τῶν
743 4355 867 4430 γραπτῶν
893 4354 935 4411 λό-

110 4459 138 4498 to
152 4461 206 4516 γων
218 4437 338 4516 χαλεπὴν
355 4440 399 4496 καί
413 4439 460 4510 τήν
475 4438 581 4516 μνήμην
597 4438 718 4496 ἐπίπονον
734 4438 778 4496 καί
795 4439 840 4508 τήν
854 4441 935 4510 λήθην

154 4527 268 4605 αἶσχράν
292 4528 319 4582 έν
341 4533 394 4592 τοῖς
412 4528 495 4604 ἀγῶσι
517 4527 646 4606 γίνεσθαι.
700 4527 802 4591 Πάντες
827 4527 878 4607 γὰρ
906 4529 937 4585 ἀν

154 4614 345 4692 ὁμολογήσειαν
359 4614 392 4672 τδι
411 4615 492 4693 μικρά
514 4621 566 4674 τῶν
589 4615 710 4691 μεγάλων
732 4613 776 4671 καί
797 4615 830 4671 τά
853 4617 938 4674 πολλὰ

157 4706 211 4760 τῶν
224 4703 317 4778 ὀλίγων
331 4703 515 4780 χαλεπώτερον
534 4695 601 4760 εἶναι
618 4708 708 4778 μαθεῖν
724 4704 769 4759 καὶ
787 4711 936 4778 μνημονεῦ-

160 4813 213 4850 σαι.
256 4791 323 4872 Περὶ
338 4791 385 4866 μέν
396 4783 438 4849 οὐν
450 4791 508 4857 τούς
525 4789 764 4869 σύτοσχεδιασμούς
780 4791 823 4848 ἐπὶ
836 4797 886 4849 τῶν
899 4795 940 4848 ἐν-

115 4893 142 4931 ῡθ
152 4879 319 4957 ’θυμιημάτων
332 4881 370 4937 δεῖ
387 4879 463 4955 μόνον
478 4877 526 4950 τὴν
540 4879 648 4957 γνόιμην
663 4877 745 4958 ἔχειν,
762 4887 816 4945 τοῖς
835 4879 861 4936 δέ
881 4881 939 4939 ὀνό-

158 4990 239 5046 μασιν
250 4969 279 5026 ἐκ
289 4974 334 5026 τοῦ
347 4967 498 5049 παραυτίκα
509 4969 612 5039 δηλοῦν·
624 4969 650 5024 έν
661 4967 688 5025 δέ
698 4976 750 5032 τοῖς
760 4976 886 5045 γραπτοῖς
898 4965 943 5024 λό-

157 5080 212 5136 γοις
227 5056 273 5116 καὶ
295 5061 346 5116 τῶν
368 5057 500 5134 ὀνομάτων
523 5057 569 5116 καί
587 5060 639 5116 τῶν
661 5057 865 5132 (ἐνθυμημάτων
880 5059 941 5138 καῖ)

159 5145 300 5204 συλλαόῶν
329 5147 469 5224 ἀναγκαῖόν
506 5149 561 5206 ἐστι
595 5149 725 5204 ποιεῖσθαι
756 5145 802 5216 τήν
836 5145 943 5222 μνήμην

159 5237 205 5294 καὶ
227 5235 277 5306 τήν
303 5236 415 5310 μάθησιν
439 5235 546 5314 expete.
605 5232 799 5310 Ἰ·“.νθυμήματα
825 5235 870 5293 μέν
900 5229 942 5293 οὐν

1685 459 1743 509 203

964 587 1016 623 eum
1030 574 1102 624 etiarn
1121 575 1222 624 mortrui
1242 574 1356 624 tentamus
1372 574 1505 638 disciptinae
1524 577 1633 638 nentem,
1648 543 1748 638 ηοεεσ

965 713 1009 761 irae
1022 713 1167 774 eloquentiae
1177 727 1252 776 genus
1265 717 1319 776 ente
1331 715 1502 764 instituamur?

996 859 1019 900 τι.
1037 855 1127 900 Verum
1147 855 1269 914 propterea
1290 866 1387 915 qunque
1402 855 1504 916 scriptus
1522 856 1642 906 orationes
1666 871 1748 919 repro-

965 961 1055 1010 bandas
1064 975 1115 1011 esse
1127 964 1186 1024 nuto
1197 963 1263 1024 quod
1275 963 1348 1011 vitem
1362 963 1399 1012 tris
1411 965 1530 1012 utentium
1538 965 1681 1028 inaequalem
1693 966 1747 1014 red·

965 1075 1034 1124 dunt.
1066 1077 1126 1124 Nem
1138 1076 1189 1124 tieri
1204 1075 1287 1137 nequit
1299 1080 1325 1122 ut
1337 1075 1367 1122 de
1378 1075 1462 1137 qrrnvis
1477 1089 1503 1124 re
1514 1076 1614 1138 scriptae
1628 1077 1748 1126 erutiones

965 1187 1046 1234 tenena
1053 1200 1061 1242 ;
1074 1183 1136 1232 unde
1144 1185 1277 1232 necessario
1287 1183 1395 1244 sequitur
1406 1186 1442 1244 ut,
1454 1185 1536 1245 siquis
1546 1184 1632 1246 poriirn
1645 1198 1675 1233 err
1687 1189 1748 1234 [ετο-

966 1309 1023 1357 pore
1035 1295 1098 1343 dieat
1109 1295 1194 1356 pertine
1214 1295 1341 1356 irgnrntaru
1354 1295 1486 1343 orationem
1499 1301 1609 1356 proruat,
1624 1295 1749 1358 inequali-
1816 1319 1821 1326 ·

967 1409 1002 1453 tes
1019 1405 1071 1453 tneo
1083 1405 1173 1452 oratori
1194 1404 1253 1452 vitio
1268 1407 1385 1464 vertatur,
1400 1418 1476 1466 quum
1491 1406 1537 1452 ntia
1548 1405 1748 1454 declamationem

967 1515 1088 1566 histrionis
1101 1517 1137 1564 rei
1150 1515 1260 1576 rirapsodi
1273 1515 1389 1576 reserant,
1400 1516 1445 1564 otiu
1454 1516 1679 1578 jnrteexquisitnnr
1692 1517 1746 1565 itto-

968 1633 1022 1668 runr
1036 1617 1164 1667 artificium
1177 1617 1275 1666 dormitio
1290 1617 1394 1679 vitiaque
1409 1630 1462 1666 esse
1478 1619 1613 1666 videantur.

999 1734 1021 1776 ο.
1038 1728 1126 1778 titirurn
1142 1739 1198 1774 vero
1210 1729 1245 1774 est
1262 1740 1333 1785 erran,
1355 1727 1395 1787 qui
1415 1727 1472 1773 uatis
1491 1727 1601 1776 oratoriae
1627 1729 1750 1776 scientium

967 1835 1012 1885 nitri
1028 1835 1130 1884 vindicet
1144 1835 1244 1896 aliisque
1261 1848 1287 1882 so
1305 1834 1446 1894 irrugietruru
1463 1819 1548 1892 otiert,
1570 1834 1590 1880 si
1603 1833 1701 1894 quidem
1712 1840 1750 1882 tu-

969 1947 1041 1996 bellas
1067 1947 1110 1996 rni
1139 1947 1226 1994 iiuruna
1249 1945 1348 2002 trudent,
1365 1945 1492 1993 ostendere
1515 1958 1584 2006 {resse
1609 1946 1751 2006 seruientium

967 2058 1095 2116 suerrr,ein
1112 2057 1148 2106 trie
1165 2059 1293 2105 destitutus
1302 2057 1348 2116 sit,
1359 2055 1485 2105 ineruditis
1498 2057 1557 2103 niirii
1568 2069 1621 2104 esee
1634 2060 1750 2118 praestan·

969 2169 1068 2224 tiorern,
1090 2178 1118 2214 an
1134 2169 1242 2227 tempore
1260 2175 1375 2212 concesso
1396 2178 1464 2226 posse
1482 2166 1614 2213 orationem
1627 2179 1751 2228 promere,

968 2271 1005 2319 sin
1017 2270 1098 2318 stetim
1109 2268 1139 2317 de
1151 2269 1271 2330 proposito
1285 2275 1427 2330 argumento
1440 2268 1606 2318 disserendum
1618 2271 1658 2330 sit,
1673 2270 1753 2318 indoc-

970 2384 999 2432 tis
1018 2395 1044 2432 se
1058 2382 1185 2430 mutierem
1203 2380 1321 2442 praebere,
1337 2385 1362 2428 et
1389 2380 1532 2442 eloquentiae
1557 2381 1655 2442 quidem
1674 2387 1751 2434 artem

971 2493 1088 2555 proiiteri,
1103 2491 1198 2542 dicendi
1211 2491 1292 2540 autem
1306 2491 1419 2540 tenuitate
1430 2503 1460 2539 ne
1470 2491 1569 2540 nrinirna
1580 2493 1678 2553 quidem
1691 2507 1751 2554 prae-

970 2603 1047 2651 dituru
1060 2601 1144 2651 rideri.
1177 2600 1272 2649 liteniru
1286 2599 1382 2648 assiduo
1404 2601 1530 2648 meditatio
1553 2615 1609 2662 ηοω
1627 2603 1753 2652 scribendo

972 2712 1106 2770 insumitur,
1118 2723 1191 2759 eausa
1205 2711 1288 2771 estut,
1302 2709 1343 2757 ubi
1353 2709 1481 2759 dicendum
1496 2712 1536 2770 sit,
1549 2723 1646 2760 suranae
1659 2713 1752 2762 consitii

972 2822 1050 2882 inopia
1059 2820 1204 2868 iuberemus.
1237 2821 1297 2868 itero
1307 2821 1346 2878 qui
1358 2818 1494 2868 rniuutatiru
1502 2819 1623 2868 orationes
1632 2820 1754 2870 elaborare

971 2939 996 2986 et
1011 2947 1095 2996 ariagne
1111 2933 1232 2994 diligentia
1248 2932 1383 2993 rhytinniee
1397 2935 1470 2981 verba
1487 2946 1632 2996 componere
1647 2937 1672 2984 et
1689 2936 1755 2985 teuta

973 3047 1059 3108 ingenti
1077 3050 1144 3094 motu
1156 3044 1286 3093 dictionem
1301 3045 1413 3106 perticere
1427 3047 1596 3108 consueverit,
1612 3046 1632 3095 ia
1651 3047 1681 3095 ud
1699 3063 1754 3098 ore-

974 3159 1049 3204 tiaues
1059 3169 1072 3204 e
1082 3163 1188 3218 ternpore
1202 3155 1323 3204 trahendus
1338 3156 1469 3218 adductus,
1484 3171 1560 3220 quum
1573 3161 1649 3210 suetis
1663 3164 1746 3210 ooutra

974 3269 1007 3316 riu
1017 3271 1079 3330 eget,
1093 3275 1233 3316 neeesseesr
1244 3268 1351 3316 animum
1374 3268 1513 3330 perplexum
1531 3274 1555 3318 ei
1572 3271 1698 3320 turonum
1713 3272 1753 3320 ira-

974 3381 1028 3428 beat
1040 3382 1063 3428 et
1079 3379 1168 3440 ubique
1177 3379 1283 3427 ostendat
1294 3392 1371 3440 nequae
1384 3365 1414 3428 ab
1425 3381 1453 3428 iis
1466 3382 1552 3442 aaron
1568 3383 1646 3443 tingue
1660 3384 1754 3434 transitui

974 3491 1069 3540 differre
1085 3491 1208 3550 rideatur,
1221 3503 1265 3538 nee
1283 3505 1391 3552 unquenr
1408 3489 1517 3555 ἀκρειθιο
1539 3495 1625 3556 ingenii
1649 3497 1756 3544 soltertia

975 3603 1112 3652 suauiteret
1123 3602 1250 3651 liberaliter
1258 3601 1353 3664 eloquio
1363 3602 1396 3650 uti
1407 3604 1490 3664 possit.
1502 3603 1757 3666 Sedqnenaednrodnnr

976 3715 1017 3776 qui
1030 3718 1084 3776 poet
1098 3715 1168 3775 ionga
1183 3714 1298 3774 temporis
1318 3715 1393 3774 spatia
1409 3727 1423 3762 e
1440 3715 1540 3764 rineutis
1556 3716 1691 3779 solvuntur,
1711 3733 1759 3768 nun

977 3823 1085 3873 utoeieri
1097 3823 1142 3872 iter
1152 3822 1329 3884 iecereqneunt
1338 3858 1345 3882 ,
1360 3835 1444 3872 verum
1462 3823 1485 3871 iu
1501 3824 1598 3874 habitus
1619 3832 1758 3889 nuntiusque,

978 3935 1065 3996 quibus
1076 3935 1149 3982 vincti
1162 3932 1253 3994 ingredi
1268 3935 1422 3994 cogebantur,
1436 3935 1585 3996 relabuntur,
1599 3937 1632 3985 sie
1641 3938 1760 3986 scribendi

979 4037 1222 4098 ‹nusuetudoingenii
1240 4051 1347 4100 grossrnn
1366 4037 1479 4086 tarditate
1498 4040 1601 4100 quadarn
1620 4041 1725 4090 eitieiens
1737 4046 1762 4092 et

980 4145 1096 4192 edicendi
1108 4147 1158 4192 arte
1172 4155 1267 4204 {uorsus
1277 4143 1383 4190 eiieunns
1396 4143 1537 4204 iurneditunr
1548 4145 1701 4206 eteeptivuur
1716 4147 1762 4195 ani·

982 4264 1047 4298 runrn
1061 4251 1140 4306 tenet,
1156 4251 1181 4296 et
1193 4259 1223 4294 ne
1236 4245 1319 4294 ieutter
1329 4247 1497 4308 extemporalis
1507 4249 1584 4296 eratin
1595 4249 1661 4306 tinet.
1672 4253 1761 4301 obstat.

1013 4363 1036 4408 7.
1056 4362 1127 4407 Porro
1144 4358 1244 4417 scriptus
1261 4356 1382 4406 arationes
1405 4355 1510 4405 ediscere
1529 4357 1656 4406 nrotestnnr
1677 4363 1701 4408 et
1714 4375 1763 4409 rne-

983 4471 1057 4518 rnoriu
1075 4474 1156 4519 tenere
1167 4481 1294 4529 operosum
1311 4470 1335 4515 et
1352 4467 1473 4516 oblivione
1492 4467 1517 4516 in
1538 4469 1618 4516 nausis
1634 4470 1679 4518 tabi
1698 4475 1766 4534 turno

984 4595 1034 4630 esso
1047 4585 1111 4642 ςιιιιο.
1146 4583 1206 4628 Naru
1220 4580 1312 4628 ruinnta
1323 4579 1415 4641 magnis
1425 4584 1448 4628 et
1462 4580 1539 4631 muita
1553 4581 1636 4642 araneis
1648 4580 1767 4630 diffinitius

985 4691 1056 4742 edisci
1073 4689 1331 4738 ornneseontiteautur.
1373 4691 1428 4738 iarn
1441 4701 1499 4737 vero
1518 4689 1543 4736 in
1563 4689 1768 4750 extemporalibus

986 4805 1015 4852 ad
1029 4801 1157 4851 sententies
1172 4799 1324 4849 sotumrnodo
1341 4797 1511 4848 attendendum
1528 4803 1579 4860 est,
1600 4799 1673 4848 verbe
1686 4805 1768 4851 autern

987 4913 1011 4961 in
1024 4913 1074 4974 ipse
1086 4911 1193 4959 oratione
1203 4907 1344 4957 invenienda
1358 4911 1430 4970 sunt;
1443 4909 1571 4968 inscriptis
1584 4923 1641 4958 vern
1656 4911 1769 4960 orationi·

989 5027 1033 5076 tans
1045 5027 1116 5076 etiarn
1127 5025 1200 5074 verba
1212 5025 1384 5074 sententiarum
1397 5025 1470 5086 etque
1480 5023 1540 5074 adeo
1549 5025 1648 5086 syitabae
1662 5031 1772 5076 aocrrrata

989 5135 1100 5184 ‹tisernda
1116 5139 1140 5184 ei
1156 5133 1285 5184 retinenda.
1305 5132 1529 5182 Sententiasuuteur
1541 5137 1659 5194 [τουτοισί
1675 5147 1772 5194 uragnas

991 5247 1066 5292 oratio
1082 5243 1165 5303 traiani,
1182 5242 1278 5290 nornine
1293 5255 1348 5291 vero
1365 5248 1390 5292 σι
1405 5241 1521 5291 voeabula
1538 5242 1613 5292 rnuitu
1631 5243 1656 5291 et
1670 5241 1739 5289 eride
1751 5245 1774 5289 et
