<?xml version="1.0" encoding="UTF-8"?>
<!DOCTYPE html PUBLIC "-//W3C//DTD XHTML 1.0 Transitional//EN"
    "http://www.w3.org/TR/xhtml1/DTD/xhtml1-transitional.dtd">
<html xmlns="http://www.w3.org/1999/xhtml" xml:lang="en" lang="en">
 <head>
  <title>
</title>
<meta http-equiv="Content-Type" content="text/html;charset=utf-8" />
  <meta name='ocr-system' content='tesseract 3.04.00' />
  <meta name='ocr-capabilities' content='ocr_page ocr_carea ocr_par ocr_line ocrx_word'/>
</head>
<body>
  <div class='ocr_page' id='page_1' title='image "./oratoresatticia00unkngoog/oratoresatticia00unkngoog_0615.png"; bbox 0 0 4032 6094; ppageno 0'>
   <div class='ocr_carea' id='block_1_1' title="bbox 548 336 1671 408">
    <p class='ocr_par' dir='ltr' id='par_1_1' title="bbox 548 336 1671 408">
     <span class='ocr_line' id='line_1_1' title="bbox 548 336 1671 408; baseline 0.003 -13"><span class='ocrx_word' id='word_1_1' title='bbox 548 336 626 408; x_wconf 79' lang='grc' dir='ltr'><strong>ΧΙΧ.</strong></span> <span class='ocrx_word' id='word_1_2' title='bbox 649 336 740 395; x_wconf 84' lang='grc' dir='ltr'><strong>ΠΕΡΙ</strong></span> <span class='ocrx_word' id='word_1_3' title='bbox 761 337 838 396; x_wconf 84' lang='grc' dir='ltr'><strong>ΤΗΣ</strong></span> <span class='ocrx_word' id='word_1_4' title='bbox 858 337 1191 397; x_wconf 81' lang='grc' dir='ltr'><strong>ΠΑΡΑΠΡΕΣΒΕΙΑΣ.</strong></span> <span class='ocrx_word' id='word_1_5' title='bbox 1613 347 1671 398; x_wconf 76' lang='grc'><strong>609</strong></span> 
     </span>
    </p>
   </div>
   <div class='ocr_carea' id='block_1_2' title="bbox 71 463 1676 3356">
    <p class='ocr_par' dir='ltr' id='par_1_2' title="bbox 71 463 1676 3356">
     <span class='ocr_line' id='line_1_2' title="bbox 73 463 1674 538; baseline 0.002 -20"><span class='ocrx_word' id='word_1_6' title='bbox 73 464 186 532; x_wconf 88' lang='grc' dir='ltr'><strong>ποιότητι</strong></span> <span class='ocrx_word' id='word_1_7' title='bbox 199 466 241 517; x_wconf 85' lang='grc' dir='ltr'><strong>τοῦ</strong></span> <span class='ocrx_word' id='word_1_8' title='bbox 261 463 429 536; x_wconf 74' lang='grc' dir='ltr'>Φιλοκράτους</span> <span class='ocrx_word' id='word_1_9' title='bbox 442 463 629 536; x_wconf 80' lang='grc' dir='ltr'><strong>τήνδιαφθσράν</strong></span> <span class='ocrx_word' id='word_1_10' title='bbox 643 467 685 530; x_wconf 82' lang='grc' dir='ltr'><strong>τῆς</strong></span> <span class='ocrx_word' id='word_1_11' title='bbox 698 467 798 536; x_wconf 87' lang='grc' dir='ltr'><strong>γνώμης</strong></span> <span class='ocrx_word' id='word_1_12' title='bbox 813 486 848 520; x_wconf 83' lang='grc' dir='ltr'><strong>πι·</strong></span> <span class='ocrx_word' id='word_1_13' title='bbox 897 466 961 537; x_wconf 84' lang='grc' dir='ltr'><strong>ἀρχή</strong></span> <span class='ocrx_word' id='word_1_14' title='bbox 986 469 1031 537; x_wconf 82' lang='lat' dir='ltr'><strong>(p.</strong></span> <span class='ocrx_word' id='word_1_15' title='bbox 1057 467 1119 531; x_wconf 84' lang='grc'><strong>348,</strong></span> <span class='ocrx_word' id='word_1_16' title='bbox 1143 466 1207 537; x_wconf 76' lang='grc'>15)·</span> <span class='ocrx_word' id='word_1_17' title='bbox 1232 489 1243 515; x_wconf 89' lang='grc' dir='ltr'><strong>ι</strong></span> <span class='ocrx_word' id='word_1_18' title='bbox 1268 469 1311 518; x_wconf 85' lang='grc' dir='ltr'><strong>τοῦ</strong></span> <span class='ocrx_word' id='word_1_19' title='bbox 1329 467 1402 536; x_wconf 89' lang='grc' dir='ltr'><strong>χάριν</strong></span> <span class='ocrx_word' id='word_1_20' title='bbox 1427 465 1457 532; x_wconf 79' lang='grc' dir='ltr'><strong>δή</strong></span> <span class='ocrx_word' id='word_1_21' title='bbox 1481 469 1557 520; x_wconf 88' lang='grc' dir='ltr'><strong>ταῦτα</strong></span> <span class='ocrx_word' id='word_1_22' title='bbox 1579 473 1674 538; x_wconf 88' lang='grc' dir='ltr'><strong>πρῶτον</strong></span> 
     </span>
     <span class='ocr_line' id='line_1_3' title="bbox 73 541 1675 616; baseline 0.003 -22"><span class='ocrx_word' id='word_1_23' title='bbox 73 543 211 611; x_wconf 82' lang='grc' dir='ltr'><strong>στοῦμενος.</strong></span> <span class='ocrx_word' id='word_1_24' title='bbox 226 543 306 596; x_wconf 85' lang='lat' dir='ltr'>TCV.</span> <span class='ocrx_word' id='word_1_25' title='bbox 899 566 908 592; x_wconf 84' lang='grc' dir='ltr'><strong>ι</strong></span> <span class='ocrx_word' id='word_1_26' title='bbox 926 543 1069 614; x_wconf 78' lang='grc' dir='ltr'><strong>ῦπὲμνησας</strong></span> <span class='ocrx_word' id='word_1_27' title='bbox 1086 567 1096 593; x_wconf 86' lang='grc' dir='ltr'><strong>ι</strong></span> <span class='ocrx_word' id='word_1_28' title='bbox 1112 543 1192 608; x_wconf 79' lang='grc' dir='ltr'><strong>ἐπειδὴ</strong></span> <span class='ocrx_word' id='word_1_29' title='bbox 1204 543 1231 596; x_wconf 78' lang='grc' dir='ltr'><strong>δὲ</strong></span> <span class='ocrx_word' id='word_1_30' title='bbox 1240 545 1355 614; x_wconf 93' lang='grc' dir='ltr'><strong>διαίρεσιν</strong></span> <span class='ocrx_word' id='word_1_31' title='bbox 1366 541 1442 597; x_wconf 88' lang='grc' dir='ltr'><strong>εἰπεῖν</strong></span> <span class='ocrx_word' id='word_1_32' title='bbox 1457 548 1501 596; x_wconf 90' lang='grc' dir='ltr'><strong>τοῦ</strong></span> <span class='ocrx_word' id='word_1_33' title='bbox 1514 545 1592 616; x_wconf 90' lang='grc' dir='ltr'><strong>λόγου</strong></span> <span class='ocrx_word' id='word_1_34' title='bbox 1604 547 1675 616; x_wconf 84' lang='grc' dir='ltr'><strong>προθ-</strong></span> 
     </span>
     <span class='ocr_line' id='line_1_4' title="bbox 110 619 1675 693; baseline 0.004 -21"><span class='ocrx_word' id='word_1_35' title='bbox 110 621 176 684; x_wconf 68' lang='grc'><strong>343,</strong></span> <span class='ocrx_word' id='word_1_36' title='bbox 190 637 235 684; x_wconf 80' lang='lat'><strong>22,</strong></span> <span class='ocrx_word' id='word_1_37' title='bbox 257 619 318 690; x_wconf 75' lang='grc' dir='ltr'><strong>Ἐμὲ</strong></span> <span class='ocrx_word' id='word_1_38' title='bbox 333 619 375 691; x_wconf 73' lang='grc' dir='ltr'><strong>μὲν</strong></span> <span class='ocrx_word' id='word_1_39' title='bbox 389 619 482 690; x_wconf 88' lang='grc' dir='ltr'><strong>φαῦλον</strong></span> <span class='ocrx_word' id='word_1_40' title='bbox 496 619 611 690; x_wconf 75' lang='grc' dir='ltr'><strong>ἡγεῖσθε]</strong></span> <span class='ocrx_word' id='word_1_41' title='bbox 627 619 736 690; x_wconf 89' lang='grc' dir='ltr'><strong>Τιμωρία</strong></span> <span class='ocrx_word' id='word_1_42' title='bbox 747 621 794 690; x_wconf 85' lang='grc' dir='ltr'><strong>γὰρ</strong></span> <span class='ocrx_word' id='word_1_43' title='bbox 809 619 850 673; x_wconf 86' lang='grc' dir='ltr'><strong>αθ-</strong></span> <span class='ocrx_word' id='word_1_44' title='bbox 896 624 998 692; x_wconf 87' lang='grc' dir='ltr'><strong>θέμεθα,</strong></span> <span class='ocrx_word' id='word_1_45' title='bbox 1017 623 1105 674; x_wconf 82' lang='grc' dir='ltr'>κωλύει</span> <span class='ocrx_word' id='word_1_46' title='bbox 1123 623 1148 675; x_wconf 91' lang='grc' dir='ltr'><strong>δὲ</strong></span> <span class='ocrx_word' id='word_1_47' title='bbox 1162 621 1230 674; x_wconf 80' lang='grc' dir='ltr'><strong>οῦδὲν</strong></span> <span class='ocrx_word' id='word_1_48' title='bbox 1250 622 1290 673; x_wconf 87' lang='grc' dir='ltr'><strong>διά</strong></span> <span class='ocrx_word' id='word_1_49' title='bbox 1308 623 1418 692; x_wconf 87' lang='grc' dir='ltr'><strong>βραχέων</strong></span> <span class='ocrx_word' id='word_1_50' title='bbox 1430 623 1533 693; x_wconf 80' lang='grc' dir='ltr'><strong>ὡσπερεί</strong></span> <span class='ocrx_word' id='word_1_51' title='bbox 1550 625 1675 693; x_wconf 86' lang='grc' dir='ltr'><strong>σπέρματα</strong></span> 
     </span>
     <span class='ocr_line' id='line_1_5' title="bbox 72 697 1674 770; baseline 0.001 -19"><span class='ocrx_word' id='word_1_52' title='bbox 72 699 162 768; x_wconf 85' lang='grc' dir='ltr'><strong>τάρκης</strong></span> <span class='ocrx_word' id='word_1_53' title='bbox 174 697 217 751; x_wconf 86' lang='grc' dir='ltr'><strong>τδν</strong></span> <span class='ocrx_word' id='word_1_54' title='bbox 233 697 363 764; x_wconf 88' lang='grc' dir='ltr'><strong>Ἀθηναίων</strong></span> <span class='ocrx_word' id='word_1_55' title='bbox 382 699 521 768; x_wconf 83' lang='grc' dir='ltr'><strong>σόμόουλον</strong></span> <span class='ocrx_word' id='word_1_56' title='bbox 540 699 580 750; x_wconf 85' lang='grc' dir='ltr'><strong>καί</strong></span> <span class='ocrx_word' id='word_1_57' title='bbox 594 697 740 768; x_wconf 83' lang='grc' dir='ltr'><strong>πρεσόευτήν</strong></span> <span class='ocrx_word' id='word_1_58' title='bbox 756 699 849 768; x_wconf 88' lang='grc' dir='ltr'><strong>φαῦλον</strong></span> <span class='ocrx_word' id='word_1_59' title='bbox 895 700 1123 770; x_wconf 86' lang='grc' dir='ltr'><strong>καταόαλλομίνους</strong></span> <span class='ocrx_word' id='word_1_60' title='bbox 1135 700 1261 770; x_wconf 77' lang='grc' dir='ltr'><strong>ἐφοδεῦσαι</strong></span> <span class='ocrx_word' id='word_1_61' title='bbox 1277 702 1331 761; x_wconf 74' lang='grc' dir='ltr'><strong>τοίας</strong></span> <span class='ocrx_word' id='word_1_62' title='bbox 1350 700 1563 770; x_wconf 73' lang='grc' dir='ltr'><strong>ἐντυγχάνοντας,</strong></span> <span class='ocrx_word' id='word_1_63' title='bbox 1581 702 1623 754; x_wconf 91' lang='grc' dir='ltr'><strong>δεῖ</strong></span> <span class='ocrx_word' id='word_1_64' title='bbox 1631 707 1674 768; x_wconf 86' lang='grc' dir='ltr'><strong>τῆς</strong></span> 
     </span>
     <span class='ocr_line' id='line_1_6' title="bbox 72 775 1676 850; baseline 0.004 -22"><span class='ocrx_word' id='word_1_65' title='bbox 72 777 129 846; x_wconf 87' lang='grc' dir='ltr'><strong>παρ’</strong></span> <span class='ocrx_word' id='word_1_66' title='bbox 155 775 286 843; x_wconf 84' lang='grc' dir='ltr'><strong>Ἀθηναίοις</strong></span> <span class='ocrx_word' id='word_1_67' title='bbox 306 777 456 847; x_wconf 79' lang='grc' dir='ltr'><strong>νομίζεσθαι.</strong></span> <span class='ocrx_word' id='word_1_68' title='bbox 475 777 553 833; x_wconf 84' lang='lat' dir='ltr'>TCV,</span> <span class='ocrx_word' id='word_1_69' title='bbox 576 778 688 843; x_wconf 83' lang='grc' dir='ltr'><strong>Φαῦλον,</strong></span> <span class='ocrx_word' id='word_1_70' title='bbox 708 777 851 849; x_wconf 78' lang='grc' dir='ltr'><strong>ήγουνψεί-</strong></span> <span class='ocrx_word' id='word_1_71' title='bbox 895 778 1032 844; x_wconf 88' lang='grc' dir='ltr'><strong>δεινότητος</strong></span> <span class='ocrx_word' id='word_1_72' title='bbox 1054 782 1182 848; x_wconf 74' lang='grc' dir='ltr'><strong>πανταχοῦ</strong></span> <span class='ocrx_word' id='word_1_73' title='bbox 1208 781 1371 847; x_wconf 82' lang='grc' dir='ltr'><strong>στοχάζεσθαι</strong></span> <span class='ocrx_word' id='word_1_74' title='bbox 1393 784 1436 830; x_wconf 89' lang='grc' dir='ltr'><strong>τοῦ</strong></span> <span class='ocrx_word' id='word_1_75' title='bbox 1455 779 1565 850; x_wconf 79' lang='grc' dir='ltr'><strong>ῥήτορος.</strong></span> <span class='ocrx_word' id='word_1_76' title='bbox 1607 780 1676 834; x_wconf 70' lang='grc' dir='ltr'><strong>Ἐπεὶ</strong></span> 
     </span>
     <span class='ocr_line' id='line_1_7' title="bbox 73 853 1674 928; baseline 0.004 -23"><span class='ocrx_word' id='word_1_77' title='bbox 73 873 144 920; x_wconf 92' lang='grc' dir='ltr'><strong>στην.</strong></span> <span class='ocrx_word' id='word_1_78' title='bbox 159 857 190 907; x_wconf 87' lang='grc' dir='ltr'><strong>Ρ.</strong></span> <span class='ocrx_word' id='word_1_79' title='bbox 895 857 975 908; x_wconf 90' lang='grc' dir='ltr'><strong>τοίνυν</strong></span> <span class='ocrx_word' id='word_1_80' title='bbox 988 856 1031 909; x_wconf 87' lang='grc' dir='ltr'><strong>σθκ</strong></span> <span class='ocrx_word' id='word_1_81' title='bbox 1043 853 1073 922; x_wconf 75' lang='grc' dir='ltr'><strong>ἦν</strong></span> <span class='ocrx_word' id='word_1_82' title='bbox 1092 856 1154 917; x_wconf 86' lang='grc' dir='ltr'><strong>εἰκδς</strong></span> <span class='ocrx_word' id='word_1_83' title='bbox 1171 857 1214 909; x_wconf 87' lang='grc' dir='ltr'><strong>τδν</strong></span> <span class='ocrx_word' id='word_1_84' title='bbox 1225 857 1350 910; x_wconf 88' lang='grc' dir='ltr'><strong>Φίλιππον</strong></span> <span class='ocrx_word' id='word_1_85' title='bbox 1368 859 1433 927; x_wconf 86' lang='grc' dir='ltr'><strong>δῶρα</strong></span> <span class='ocrx_word' id='word_1_86' title='bbox 1451 859 1534 912; x_wconf 86' lang='grc' dir='ltr'><strong>δοῦναι</strong></span> <span class='ocrx_word' id='word_1_87' title='bbox 1546 855 1615 928; x_wconf 85' lang='grc' dir='ltr'><strong>ἀνδρί</strong></span> <span class='ocrx_word' id='word_1_88' title='bbox 1626 867 1674 912; x_wconf 87' lang='grc' dir='ltr'><strong>τῶν</strong></span> 
     </span>
     <span class='ocr_line' id='line_1_8' title="bbox 109 931 1674 1008; baseline 0.004 -22"><span class='ocrx_word' id='word_1_89' title='bbox 109 935 171 997; x_wconf 87' lang='grc'><strong>343,</strong></span> <span class='ocrx_word' id='word_1_90' title='bbox 185 933 230 987; x_wconf 79' lang='lat'><strong>23.</strong></span> <span class='ocrx_word' id='word_1_91' title='bbox 243 931 336 1004; x_wconf 84' lang='grc' dir='ltr'><strong>Ἀφετε]</strong></span> <span class='ocrx_word' id='word_1_92' title='bbox 347 931 423 1002; x_wconf 88' lang='grc' dir='ltr'><strong>ήγουν</strong></span> <span class='ocrx_word' id='word_1_93' title='bbox 438 931 574 987; x_wconf 73' lang='grc' dir='ltr'><strong>ἀπολύσασα</strong></span> <span class='ocrx_word' id='word_1_94' title='bbox 588 937 630 1000; x_wconf 85' lang='grc' dir='ltr'><strong>τῆς</strong></span> <span class='ocrx_word' id='word_1_95' title='bbox 638 935 807 1006; x_wconf 82' lang='grc' dir='ltr'><strong>κατακρίσεως,</strong></span> <span class='ocrx_word' id='word_1_96' title='bbox 819 939 849 990; x_wconf 89' lang='grc' dir='ltr'><strong>Ρ.</strong></span> <span class='ocrx_word' id='word_1_97' title='bbox 895 935 1031 1003; x_wconf 84' lang='grc' dir='ltr'><strong>τυχόντων,</strong></span> <span class='ocrx_word' id='word_1_98' title='bbox 1051 935 1117 988; x_wconf 82' lang='grc' dir='ltr'><strong>ἀλλὰ</strong></span> <span class='ocrx_word' id='word_1_99' title='bbox 1133 941 1168 1006; x_wconf 83' lang='grc' dir='ltr'><strong>τῷ</strong></span> <span class='ocrx_word' id='word_1_100' title='bbox 1184 937 1297 988; x_wconf 82' lang='grc' dir='ltr'><strong>δοκοῦντι</strong></span> <span class='ocrx_word' id='word_1_101' title='bbox 1316 941 1364 988; x_wconf 87' lang='grc' dir='ltr'><strong>τῶν</strong></span> <span class='ocrx_word' id='word_1_102' title='bbox 1378 936 1462 988; x_wconf 89' lang='grc' dir='ltr'><strong>άλλων</strong></span> <span class='ocrx_word' id='word_1_103' title='bbox 1479 937 1541 991; x_wconf 84' lang='grc' dir='ltr'><strong>κατά</strong></span> <span class='ocrx_word' id='word_1_104' title='bbox 1555 937 1599 1002; x_wconf 80' lang='grc' dir='ltr'><strong>τήν</strong></span> <span class='ocrx_word' id='word_1_105' title='bbox 1617 958 1674 1008; x_wconf 90' lang='grc' dir='ltr'><strong>πρε-</strong></span> 
     </span>
     <span class='ocr_line' id='line_1_9' title="bbox 109 1009 1676 1088; baseline 0.005 -26"><span class='ocrx_word' id='word_1_106' title='bbox 109 1009 199 1062; x_wconf 81' lang='grc' dir='ltr'><strong>Πολλὰ</strong></span> <span class='ocrx_word' id='word_1_107' title='bbox 212 1009 238 1062; x_wconf 76' lang='grc' dir='ltr'><strong>δέ</strong></span> <span class='ocrx_word' id='word_1_108' title='bbox 251 1011 292 1062; x_wconf 82' lang='grc' dir='ltr'><strong>καί</strong></span> <span class='ocrx_word' id='word_1_109' title='bbox 309 1010 375 1062; x_wconf 86' lang='grc' dir='ltr'><strong>δεινά</strong></span> <span class='ocrx_word' id='word_1_110' title='bbox 389 1014 535 1081; x_wconf 75' lang='grc' dir='ltr'><strong>κατηγορεῖν</strong></span> <span class='ocrx_word' id='word_1_111' title='bbox 556 1011 638 1082; x_wconf 79' lang='grc' dir='ltr'><strong>ἔχων]</strong></span> <span class='ocrx_word' id='word_1_112' title='bbox 654 1013 850 1082; x_wconf 85' lang='grc' dir='ltr'><strong>Προκαταστατι-</strong></span> <span class='ocrx_word' id='word_1_113' title='bbox 895 1013 978 1064; x_wconf 87' lang='grc' dir='ltr'><strong>σόείαν</strong></span> <span class='ocrx_word' id='word_1_114' title='bbox 998 1015 1109 1083; x_wconf 83' lang='grc' dir='ltr'><strong>κρατεῖν·</strong></span> <span class='ocrx_word' id='word_1_115' title='bbox 1128 1015 1186 1077; x_wconf 83' lang='grc' dir='ltr'><strong>καί,</strong></span> <span class='ocrx_word' id='word_1_116' title='bbox 1209 1012 1291 1078; x_wconf 76' lang='grc' dir='ltr'><strong>ἐπειδὴ</strong></span> <span class='ocrx_word' id='word_1_117' title='bbox 1311 1013 1358 1083; x_wconf 83' lang='grc' dir='ltr'><strong>οθχ</strong></span> <span class='ocrx_word' id='word_1_118' title='bbox 1377 1013 1431 1068; x_wconf 93' lang='grc' dir='ltr'><strong>οίόν</strong></span> <span class='ocrx_word' id='word_1_119' title='bbox 1453 1035 1479 1068; x_wconf 89' lang='grc' dir='ltr'><strong>τε</strong></span> <span class='ocrx_word' id='word_1_120' title='bbox 1498 1012 1527 1082; x_wconf 82' lang='grc' dir='ltr'><strong>ήν</strong></span> <span class='ocrx_word' id='word_1_121' title='bbox 1544 1018 1676 1088; x_wconf 86' lang='grc' dir='ltr'><strong>προδοῦναι</strong></span> 
     </span>
     <span class='ocr_line' id='line_1_10' title="bbox 75 1087 1674 1164; baseline 0.003 -22"><span class='ocrx_word' id='word_1_122' title='bbox 75 1089 119 1142; x_wconf 87' lang='grc' dir='ltr'><strong>κδν</strong></span> <span class='ocrx_word' id='word_1_123' title='bbox 135 1089 251 1158; x_wconf 85' lang='grc' dir='ltr'><strong>έννόημα.</strong></span> <span class='ocrx_word' id='word_1_124' title='bbox 289 1089 425 1158; x_wconf 84' lang='grc' dir='ltr'><strong>Πληριθσας</strong></span> <span class='ocrx_word' id='word_1_125' title='bbox 442 1089 486 1154; x_wconf 76' lang='grc' dir='ltr'><strong>τὴν</strong></span> <span class='ocrx_word' id='word_1_126' title='bbox 507 1089 712 1159; x_wconf 81' lang='grc' dir='ltr'><strong>προκατασκευήν,</strong></span> <span class='ocrx_word' id='word_1_127' title='bbox 728 1091 851 1144; x_wconf 88' lang='grc' dir='ltr'><strong>εἰσόάλλει</strong></span> <span class='ocrx_word' id='word_1_128' title='bbox 896 1090 996 1152; x_wconf 81' lang='grc' dir='ltr'><strong>Φωκέας</strong></span> <span class='ocrx_word' id='word_1_129' title='bbox 1009 1091 1051 1144; x_wconf 89' lang='grc' dir='ltr'><strong>τδν</strong></span> <span class='ocrx_word' id='word_1_130' title='bbox 1067 1089 1099 1162; x_wconf 81' lang='grc' dir='ltr'><strong>μή</strong></span> <span class='ocrx_word' id='word_1_131' title='bbox 1115 1092 1221 1162; x_wconf 91' lang='grc' dir='ltr'><strong>μάλιστα</strong></span> <span class='ocrx_word' id='word_1_132' title='bbox 1238 1092 1334 1144; x_wconf 88' lang='grc' dir='ltr'><strong>πάντων</strong></span> <span class='ocrx_word' id='word_1_133' title='bbox 1348 1093 1480 1160; x_wconf 78' lang='grc' dir='ltr'><strong>δυνάμενον</strong></span> <span class='ocrx_word' id='word_1_134' title='bbox 1496 1093 1550 1146; x_wconf 82' lang='grc' dir='ltr'><strong>οίιδὲ</strong></span> <span class='ocrx_word' id='word_1_135' title='bbox 1564 1087 1674 1164; x_wconf 81' lang='grc' dir='ltr'><strong>μὴνοίόν</strong></span> 
     </span>
     <span class='ocr_line' id='line_1_11' title="bbox 73 1163 1675 1240; baseline 0.003 -23"><span class='ocrx_word' id='word_1_136' title='bbox 73 1165 182 1220; x_wconf 86' lang='grc' dir='ltr'><strong>έντεῦθεν</strong></span> <span class='ocrx_word' id='word_1_137' title='bbox 196 1165 234 1219; x_wconf 84' lang='grc' dir='ltr'><strong>έπί</strong></span> <span class='ocrx_word' id='word_1_138' title='bbox 245 1164 289 1231; x_wconf 82' lang='grc' dir='ltr'><strong>τὴν</strong></span> <span class='ocrx_word' id='word_1_139' title='bbox 299 1168 501 1236; x_wconf 85' lang='grc' dir='ltr'><strong>προκατάστασιν.</strong></span> <span class='ocrx_word' id='word_1_140' title='bbox 512 1170 585 1222; x_wconf 76' lang='lat' dir='ltr'><strong>Am).</strong></span> <span class='ocrx_word' id='word_1_141' title='bbox 595 1167 729 1222; x_wconf 87' lang='grc' dir='ltr'><strong>Αἰνίττεται</strong></span> <span class='ocrx_word' id='word_1_142' title='bbox 740 1168 850 1236; x_wconf 78' lang='grc' dir='ltr'><strong>ίσωςτὴν</strong></span> <span class='ocrx_word' id='word_1_143' title='bbox 895 1187 921 1220; x_wconf 92' lang='grc' dir='ltr'><strong>τε</strong></span> <span class='ocrx_word' id='word_1_144' title='bbox 942 1163 971 1235; x_wconf 83' lang='grc' dir='ltr'><strong>ήν</strong></span> <span class='ocrx_word' id='word_1_145' title='bbox 989 1172 1071 1222; x_wconf 87' lang='grc' dir='ltr'><strong>πεῖσαι</strong></span> <span class='ocrx_word' id='word_1_146' title='bbox 1091 1170 1146 1231; x_wconf 85' lang='grc' dir='ltr'><strong>τοίις</strong></span> <span class='ocrx_word' id='word_1_147' title='bbox 1161 1167 1291 1229; x_wconf 86' lang='grc' dir='ltr'><strong>άκοῦοντας</strong></span> <span class='ocrx_word' id='word_1_148' title='bbox 1313 1170 1351 1220; x_wconf 84' lang='grc' dir='ltr'><strong>δτι</strong></span> <span class='ocrx_word' id='word_1_149' title='bbox 1369 1170 1466 1222; x_wconf 88' lang='grc' dir='ltr'><strong>πάντων</strong></span> <span class='ocrx_word' id='word_1_150' title='bbox 1481 1177 1529 1222; x_wconf 88' lang='grc' dir='ltr'><strong>τῶν</strong></span> <span class='ocrx_word' id='word_1_151' title='bbox 1552 1172 1675 1240; x_wconf 83' lang='grc' dir='ltr'><strong>πρέσόεων</strong></span> 
     </span>
     <span class='ocr_line' id='line_1_12' title="bbox 75 1243 1676 1318; baseline 0.002 -21"><span class='ocrx_word' id='word_1_152' title='bbox 75 1243 100 1297; x_wconf 80' lang='grc' dir='ltr'><strong>ἐν</strong></span> <span class='ocrx_word' id='word_1_153' title='bbox 116 1245 255 1314; x_wconf 74' lang='grc' dir='ltr'><strong>Μακεδονία</strong></span> <span class='ocrx_word' id='word_1_154' title='bbox 268 1247 351 1315; x_wconf 78' lang='grc' dir='ltr'><strong>μέθην,</strong></span> <span class='ocrx_word' id='word_1_155' title='bbox 367 1245 407 1298; x_wconf 82' lang='grc' dir='ltr'><strong>καί</strong></span> <span class='ocrx_word' id='word_1_156' title='bbox 420 1244 465 1310; x_wconf 78' lang='grc' dir='ltr'><strong>τήν</strong></span> <span class='ocrx_word' id='word_1_157' title='bbox 483 1245 612 1301; x_wconf 76' lang='grc' dir='ltr'><strong>Ὀλυνθίαν</strong></span> <span class='ocrx_word' id='word_1_158' title='bbox 627 1247 797 1318; x_wconf 89' lang='grc' dir='ltr'><strong>αἰχμάλωτον,</strong></span> <span class='ocrx_word' id='word_1_159' title='bbox 810 1250 851 1302; x_wconf 85' lang='grc' dir='ltr'><strong>καί</strong></span> <span class='ocrx_word' id='word_1_160' title='bbox 895 1246 973 1298; x_wconf 88' lang='grc' dir='ltr'><strong>όντων</strong></span> <span class='ocrx_word' id='word_1_161' title='bbox 988 1249 1060 1316; x_wconf 90' lang='grc' dir='ltr'><strong>μόνος</strong></span> <span class='ocrx_word' id='word_1_162' title='bbox 1081 1247 1197 1317; x_wconf 79' lang='grc' dir='ltr'><strong>Αἰσχίνης</strong></span> <span class='ocrx_word' id='word_1_163' title='bbox 1210 1247 1342 1317; x_wconf 80' lang='grc' dir='ltr'><strong>προδότης,</strong></span> <span class='ocrx_word' id='word_1_164' title='bbox 1365 1245 1502 1316; x_wconf 88' lang='grc' dir='ltr'><strong>ἀναγκαίως</strong></span> <span class='ocrx_word' id='word_1_165' title='bbox 1517 1247 1585 1309; x_wconf 85' lang='grc' dir='ltr'><strong>εἰδὼς</strong></span> <span class='ocrx_word' id='word_1_166' title='bbox 1603 1255 1676 1302; x_wconf 89' lang='grc' dir='ltr'><strong>τοῦτο</strong></span> 
     </span>
     <span class='ocr_line' id='line_1_13' title="bbox 72 1321 1674 1398; baseline 0.006 -24"><span class='ocrx_word' id='word_1_167' title='bbox 72 1321 119 1386; x_wconf 81' lang='grc' dir='ltr'><strong>τήν</strong></span> <span class='ocrx_word' id='word_1_168' title='bbox 138 1322 242 1393; x_wconf 83' lang='grc' dir='ltr'><strong>αἰσχράν</strong></span> <span class='ocrx_word' id='word_1_169' title='bbox 259 1324 395 1393; x_wconf 84' lang='grc' dir='ltr'><strong>παροινίαν,</strong></span> <span class='ocrx_word' id='word_1_170' title='bbox 407 1325 449 1378; x_wconf 79' lang='grc' dir='ltr'><strong>καί</strong></span> <span class='ocrx_word' id='word_1_171' title='bbox 466 1324 496 1378; x_wconf 91' lang='grc' dir='ltr'><strong>τά</strong></span> <span class='ocrx_word' id='word_1_172' title='bbox 516 1325 579 1378; x_wconf 82' lang='grc' dir='ltr'><strong>κατά</strong></span> <span class='ocrx_word' id='word_1_173' title='bbox 596 1325 702 1396; x_wconf 82' lang='grc' dir='ltr'><strong>Θρᾴκην.</strong></span> <span class='ocrx_word' id='word_1_174' title='bbox 742 1327 806 1398; x_wconf 78' lang='grc' dir='ltr'><strong>Ἔφη</strong></span> <span class='ocrx_word' id='word_1_175' title='bbox 829 1329 850 1379; x_wconf 90' lang='grc' dir='ltr'><strong>δ’</strong></span> <span class='ocrx_word' id='word_1_176' title='bbox 897 1323 963 1386; x_wconf 79' lang='grc' dir='ltr'><strong>εθθθς</strong></span> <span class='ocrx_word' id='word_1_177' title='bbox 976 1324 1000 1378; x_wconf 85' lang='grc' dir='ltr'><strong>έν</strong></span> <span class='ocrx_word' id='word_1_178' title='bbox 1015 1325 1081 1398; x_wconf 84' lang='grc' dir='ltr'><strong>ἀρχῇ</strong></span> <span class='ocrx_word' id='word_1_179' title='bbox 1089 1330 1131 1392; x_wconf 83' lang='grc' dir='ltr'><strong>τῆς</strong></span> <span class='ocrx_word' id='word_1_180' title='bbox 1140 1327 1309 1386; x_wconf 88' lang='grc' dir='ltr'><strong>καταστάσεως</strong></span> <span class='ocrx_word' id='word_1_181' title='bbox 1323 1325 1447 1394; x_wconf 75' lang='grc' dir='ltr'><strong>θεραπεύει</strong></span> <span class='ocrx_word' id='word_1_182' title='bbox 1456 1325 1485 1378; x_wconf 87' lang='grc' dir='ltr'><strong>τδ</strong></span> <span class='ocrx_word' id='word_1_183' title='bbox 1498 1325 1674 1397; x_wconf 90' lang='grc' dir='ltr'><strong>ἀντικείμενον.</strong></span> 
     </span>
     <span class='ocr_line' id='line_1_14' title="bbox 73 1397 1674 1476; baseline 0.003 -24"><span class='ocrx_word' id='word_1_184' title='bbox 73 1403 112 1452; x_wconf 87' lang='grc' dir='ltr'><strong>ότι</strong></span> <span class='ocrx_word' id='word_1_185' title='bbox 126 1401 154 1453; x_wconf 90' lang='grc' dir='ltr'><strong>τδ</strong></span> <span class='ocrx_word' id='word_1_186' title='bbox 167 1397 225 1466; x_wconf 83' lang='grc' dir='ltr'><strong>ήθος</strong></span> <span class='ocrx_word' id='word_1_187' title='bbox 237 1401 368 1470; x_wconf 90' lang='grc' dir='ltr'><strong>Αἰσχίνου,</strong></span> <span class='ocrx_word' id='word_1_188' title='bbox 383 1402 450 1468; x_wconf 77' lang='grc' dir='ltr'><strong>καλὴ</strong></span> <span class='ocrx_word' id='word_1_189' title='bbox 464 1403 625 1472; x_wconf 76' lang='grc' dir='ltr'><strong>προειληφυῖα</strong></span> <span class='ocrx_word' id='word_1_190' title='bbox 638 1403 696 1466; x_wconf 75' lang='grc' dir='ltr'><strong>δόξα</strong></span> <span class='ocrx_word' id='word_1_191' title='bbox 708 1405 749 1456; x_wconf 84' lang='grc' dir='ltr'><strong>καί</strong></span> <span class='ocrx_word' id='word_1_192' title='bbox 762 1404 777 1470; x_wconf 74' lang='grc' dir='ltr'>ἡ</span> <span class='ocrx_word' id='word_1_193' title='bbox 789 1407 849 1476; x_wconf 83' lang='grc' dir='ltr'><strong>πρό·</strong></span> <span class='ocrx_word' id='word_1_194' title='bbox 896 1403 915 1454; x_wconf 89' lang='grc' dir='ltr'><strong>Τ</strong></span> <span class='ocrx_word' id='word_1_195' title='bbox 917 1403 932 1454; x_wconf 84' lang='grc' dir='ltr'><strong>ἀ</strong></span> <span class='ocrx_word' id='word_1_196' title='bbox 946 1410 1029 1473; x_wconf 90' lang='grc' dir='ltr'><strong>πρῶτα</strong></span> <span class='ocrx_word' id='word_1_197' title='bbox 1049 1405 1097 1476; x_wconf 88' lang='grc' dir='ltr'><strong>γάρ</strong></span> <span class='ocrx_word' id='word_1_198' title='bbox 1113 1404 1216 1476; x_wconf 84' lang='grc' dir='ltr'><strong>Αἰσχίνη</strong></span> <span class='ocrx_word' id='word_1_199' title='bbox 1229 1403 1309 1464; x_wconf 83' lang='grc' dir='ltr'><strong>διδοίις</strong></span> <span class='ocrx_word' id='word_1_200' title='bbox 1329 1407 1372 1470; x_wconf 80' lang='grc' dir='ltr'><strong>τῆς</strong></span> <span class='ocrx_word' id='word_1_201' title='bbox 1387 1403 1526 1469; x_wconf 86' lang='grc' dir='ltr'><strong>πολιτείας,</strong></span> <span class='ocrx_word' id='word_1_202' title='bbox 1540 1405 1581 1456; x_wconf 84' lang='grc' dir='ltr'><strong>καί</strong></span> <span class='ocrx_word' id='word_1_203' title='bbox 1599 1425 1674 1474; x_wconf 88' lang='grc' dir='ltr'><strong>μονο-</strong></span> 
     </span>
     <span class='ocr_line' id='line_1_15' title="bbox 74 1476 1676 1553; baseline 0.004 -23"><span class='ocrx_word' id='word_1_204' title='bbox 74 1479 145 1549; x_wconf 79' lang='grc' dir='ltr'><strong>ληψις</strong></span> <span class='ocrx_word' id='word_1_205' title='bbox 157 1480 270 1548; x_wconf 90' lang='grc' dir='ltr'><strong>ταράττει</strong></span> <span class='ocrx_word' id='word_1_206' title='bbox 288 1480 330 1532; x_wconf 85' lang='grc' dir='ltr'><strong>τδν</strong></span> <span class='ocrx_word' id='word_1_207' title='bbox 349 1479 447 1550; x_wconf 76' lang='grc' dir='ltr'><strong>ῥήτορα.</strong></span> <span class='ocrx_word' id='word_1_208' title='bbox 490 1478 588 1546; x_wconf 79' lang='grc' dir='ltr'><strong>Ἐπειδὴ</strong></span> <span class='ocrx_word' id='word_1_209' title='bbox 602 1480 649 1550; x_wconf 84' lang='grc' dir='ltr'><strong>γάρ</strong></span> <span class='ocrx_word' id='word_1_210' title='bbox 666 1480 705 1551; x_wconf 83' lang='grc' dir='ltr'><strong>ἀφ’</strong></span> <span class='ocrx_word' id='word_1_211' title='bbox 717 1476 745 1547; x_wconf 84' lang='grc' dir='ltr'><strong>ής</strong></span> <span class='ocrx_word' id='word_1_212' title='bbox 762 1481 851 1553; x_wconf 79' lang='grc' dir='ltr'><strong>ἡμέρας</strong></span> <span class='ocrx_word' id='word_1_213' title='bbox 897 1482 969 1550; x_wconf 82' lang='grc' dir='ltr'><strong>νουχί</strong></span> <span class='ocrx_word' id='word_1_214' title='bbox 992 1482 1134 1552; x_wconf 82' lang='grc' dir='ltr'><strong>Περικλέους</strong></span> <span class='ocrx_word' id='word_1_215' title='bbox 1149 1482 1243 1552; x_wconf 85' lang='grc' dir='ltr'><strong>ἀξίωμα</strong></span> <span class='ocrx_word' id='word_1_216' title='bbox 1263 1481 1405 1550; x_wconf 80' lang='grc' dir='ltr'><strong>περιτιθείς,</strong></span> <span class='ocrx_word' id='word_1_217' title='bbox 1428 1479 1471 1546; x_wconf 75' lang='grc' dir='ltr'><strong>τήν</strong></span> <span class='ocrx_word' id='word_1_218' title='bbox 1487 1481 1588 1552; x_wconf 74' lang='grc' dir='ltr'><strong>δύναμιν</strong></span> <span class='ocrx_word' id='word_1_219' title='bbox 1612 1482 1676 1545; x_wconf 75' lang='grc' dir='ltr'><strong>αὔξει</strong></span> 
     </span>
     <span class='ocr_line' id='line_1_16' title="bbox 72 1556 1673 1632; baseline 0.003 -22"><span class='ocrx_word' id='word_1_220' title='bbox 72 1556 127 1610; x_wconf 85' lang='grc' dir='ltr'><strong>είλι</strong></span> <span class='ocrx_word' id='word_1_221' title='bbox 143 1557 478 1628; x_wconf 83' lang='grc' dir='ltr'><strong>τδνΤίμαίρχον,εθδοκιμεῖν</strong></span> <span class='ocrx_word' id='word_1_222' title='bbox 489 1557 528 1612; x_wconf 80' lang='grc' dir='ltr'><strong>ἀπὶ</strong></span> <span class='ocrx_word' id='word_1_223' title='bbox 539 1561 681 1632; x_wconf 76' lang='grc' dir='ltr'><strong>σωφροσύνη</strong></span> <span class='ocrx_word' id='word_1_224' title='bbox 693 1561 851 1632; x_wconf 88' lang='grc' dir='ltr'><strong>έδόκει,πόρ-</strong></span> <span class='ocrx_word' id='word_1_225' title='bbox 896 1559 937 1610; x_wconf 75' lang='grc' dir='ltr'><strong>καί</strong></span> <span class='ocrx_word' id='word_1_226' title='bbox 950 1565 987 1629; x_wconf 85' lang='grc' dir='ltr'><strong>τῷ</strong></span> <span class='ocrx_word' id='word_1_227' title='bbox 1000 1563 1121 1631; x_wconf 83' lang='grc' dir='ltr'><strong>προσώπῳ</strong></span> <span class='ocrx_word' id='word_1_228' title='bbox 1141 1562 1254 1630; x_wconf 93' lang='grc' dir='ltr'><strong>μέγιστον</strong></span> <span class='ocrx_word' id='word_1_229' title='bbox 1279 1557 1373 1628; x_wconf 80' lang='grc' dir='ltr'><strong>ἀξίωμα</strong></span> <span class='ocrx_word' id='word_1_230' title='bbox 1394 1560 1552 1628; x_wconf 87' lang='grc' dir='ltr'><strong>περιτίθησιν,</strong></span> <span class='ocrx_word' id='word_1_231' title='bbox 1572 1561 1614 1612; x_wconf 81' lang='grc' dir='ltr'><strong>ἵνα</strong></span> <span class='ocrx_word' id='word_1_232' title='bbox 1632 1562 1673 1615; x_wconf 79' lang='grc' dir='ltr'><strong>καί</strong></span> 
     </span>
     <span class='ocr_line' id='line_1_17' title="bbox 75 1635 1675 1710; baseline 0.008 -23"><span class='ocrx_word' id='word_1_233' title='bbox 75 1637 150 1706; x_wconf 89' lang='grc' dir='ltr'><strong>ρωθεν</strong></span> <span class='ocrx_word' id='word_1_234' title='bbox 164 1637 387 1707; x_wconf 81' lang='grc' dir='ltr'><strong>κατεπαγγέλλεται</strong></span> <span class='ocrx_word' id='word_1_235' title='bbox 399 1642 442 1690; x_wconf 89' lang='grc' dir='ltr'><strong>τοῦ</strong></span> <span class='ocrx_word' id='word_1_236' title='bbox 453 1637 526 1702; x_wconf 80' lang='grc' dir='ltr'><strong>ἤθους</strong></span> <span class='ocrx_word' id='word_1_237' title='bbox 537 1639 578 1690; x_wconf 81' lang='grc' dir='ltr'><strong>καί</strong></span> <span class='ocrx_word' id='word_1_238' title='bbox 590 1642 632 1704; x_wconf 80' lang='grc' dir='ltr'><strong>τῆς</strong></span> <span class='ocrx_word' id='word_1_239' title='bbox 647 1637 794 1710; x_wconf 84' lang='grc' dir='ltr'><strong>ίποκρίσεως</strong></span> <span class='ocrx_word' id='word_1_240' title='bbox 806 1640 850 1694; x_wconf 88' lang='grc' dir='ltr'><strong>τδν</strong></span> <span class='ocrx_word' id='word_1_241' title='bbox 896 1635 1033 1707; x_wconf 75' lang='grc' dir='ltr'><strong>ἀναγκαίως</strong></span> <span class='ocrx_word' id='word_1_242' title='bbox 1045 1639 1158 1708; x_wconf 88' lang='grc' dir='ltr'><strong>φαίνηται</strong></span> <span class='ocrx_word' id='word_1_243' title='bbox 1179 1637 1302 1698; x_wconf 73' lang='grc' dir='ltr'><strong>Φῦθππῦς</strong></span> <span class='ocrx_word' id='word_1_244' title='bbox 1315 1640 1402 1689; x_wconf 65' lang='grc' dir='ltr'><strong>Φῗίῐθί</strong></span> <span class='ocrx_word' id='word_1_245' title='bbox 1420 1637 1566 1707; x_wconf 55' lang='grc' dir='ltr'><strong>θεραπεύων,</strong></span> <span class='ocrx_word' id='word_1_246' title='bbox 1583 1641 1611 1690; x_wconf 70' lang='grc' dir='ltr'><strong>ὃν</strong></span> <span class='ocrx_word' id='word_1_247' title='bbox 1628 1641 1675 1710; x_wconf 67' lang='grc' dir='ltr'><strong>μά·</strong></span> 
     </span>
     <span class='ocr_line' id='line_1_18' title="bbox 75 1713 1675 1788; baseline 0.004 -23"><span class='ocrx_word' id='word_1_248' title='bbox 75 1713 193 1782; x_wconf 81' lang='grc' dir='ltr'><strong>ἔλεγχον.</strong></span> <span class='ocrx_word' id='word_1_249' title='bbox 230 1714 264 1766; x_wconf 75' lang='lat' dir='ltr'><strong>Tb</strong></span> <span class='ocrx_word' id='word_1_250' title='bbox 283 1715 335 1768; x_wconf 78' lang='grc' dir='ltr'><strong>δέν</strong></span> <span class='ocrx_word' id='word_1_251' title='bbox 360 1714 383 1777; x_wconf 80' lang='grc' dir='ltr'><strong>ἐξ</strong></span> <span class='ocrx_word' id='word_1_252' title='bbox 400 1713 437 1768; x_wconf 81' lang='grc' dir='ltr'><strong>ὧν</strong></span> <span class='ocrx_word' id='word_1_253' title='bbox 452 1715 495 1768; x_wconf 87' lang='grc' dir='ltr'><strong>οθκ</strong></span> <span class='ocrx_word' id='word_1_254' title='bbox 513 1715 578 1770; x_wconf 78' lang='grc' dir='ltr'><strong>ἔστιν</strong></span> <span class='ocrx_word' id='word_1_255' title='bbox 598 1717 626 1768; x_wconf 85' lang='grc' dir='ltr'><strong>δν</strong></span> <span class='ocrx_word' id='word_1_256' title='bbox 647 1719 677 1768; x_wconf 82' lang='grc' dir='ltr'><strong>ἀν</strong></span> <span class='ocrx_word' id='word_1_257' title='bbox 691 1717 734 1770; x_wconf 88' lang='grc' dir='ltr'><strong>οθκ</strong></span> <span class='ocrx_word' id='word_1_258' title='bbox 754 1717 851 1780; x_wconf 89' lang='grc' dir='ltr'><strong>εἰκότως</strong></span> <span class='ocrx_word' id='word_1_259' title='bbox 895 1716 967 1770; x_wconf 85' lang='grc' dir='ltr'><strong>λιστα</strong></span> <span class='ocrx_word' id='word_1_260' title='bbox 981 1722 1115 1788; x_wconf 88' lang='grc' dir='ltr'><strong>κρατοῦντα</strong></span> <span class='ocrx_word' id='word_1_261' title='bbox 1126 1721 1169 1783; x_wconf 80' lang='grc' dir='ltr'><strong>τῆς</strong></span> <span class='ocrx_word' id='word_1_262' title='bbox 1180 1717 1306 1786; x_wconf 84' lang='grc' dir='ltr'><strong>πρεσόείας</strong></span> <span class='ocrx_word' id='word_1_263' title='bbox 1319 1715 1451 1785; x_wconf 83' lang='grc' dir='ltr'><strong>έώρα,καί</strong></span> <span class='ocrx_word' id='word_1_264' title='bbox 1464 1722 1499 1787; x_wconf 84' lang='grc' dir='ltr'><strong>τῷ</strong></span> <span class='ocrx_word' id='word_1_265' title='bbox 1512 1717 1584 1770; x_wconf 82' lang='grc' dir='ltr'><strong>παντί</strong></span> <span class='ocrx_word' id='word_1_266' title='bbox 1598 1717 1675 1788; x_wconf 91' lang='grc' dir='ltr'><strong>ἀγῶνι</strong></span> 
     </span>
     <span class='ocr_line' id='line_1_19' title="bbox 74 1791 1674 1868; baseline 0.005 -26"><span class='ocrx_word' id='word_1_267' title='bbox 74 1792 198 1861; x_wconf 77' lang='grc' dir='ltr'><strong>μισήσειεν</strong></span> <span class='ocrx_word' id='word_1_268' title='bbox 212 1791 285 1844; x_wconf 86' lang='grc' dir='ltr'><strong>αθτδν</strong></span> <span class='ocrx_word' id='word_1_269' title='bbox 302 1815 313 1842; x_wconf 84' lang='grc' dir='ltr'><strong>ι</strong></span> <span class='ocrx_word' id='word_1_270' title='bbox 328 1795 477 1864; x_wconf 86' lang='grc' dir='ltr'><strong>σημαντικόν</strong></span> <span class='ocrx_word' id='word_1_271' title='bbox 497 1793 561 1847; x_wconf 78' lang='grc' dir='ltr'><strong>ἔστιν</strong></span> <span class='ocrx_word' id='word_1_272' title='bbox 575 1795 614 1847; x_wconf 85' lang='grc' dir='ltr'><strong>δτι</strong></span> <span class='ocrx_word' id='word_1_273' title='bbox 625 1795 666 1848; x_wconf 86' lang='grc' dir='ltr'><strong>καί</strong></span> <span class='ocrx_word' id='word_1_274' title='bbox 681 1795 736 1866; x_wconf 92' lang='grc' dir='ltr'><strong>παρ’</strong></span> <span class='ocrx_word' id='word_1_275' title='bbox 750 1795 811 1867; x_wconf 79' lang='grc' dir='ltr'><strong>ἡμῖν</strong></span> <span class='ocrx_word' id='word_1_276' title='bbox 828 1797 851 1850; x_wconf 87' lang='grc' dir='ltr'><strong>οί</strong></span> <span class='ocrx_word' id='word_1_277' title='bbox 900 1798 1069 1868; x_wconf 77' lang='grc' dir='ltr'><strong>παρασκευάζῃ</strong></span> <span class='ocrx_word' id='word_1_278' title='bbox 1096 1795 1139 1862; x_wconf 84' lang='grc' dir='ltr'><strong>τήν</strong></span> <span class='ocrx_word' id='word_1_279' title='bbox 1169 1797 1329 1861; x_wconf 88' lang='grc' dir='ltr'><strong>πιθανότητα.</strong></span> <span class='ocrx_word' id='word_1_280' title='bbox 1366 1794 1400 1846; x_wconf 88' lang='grc' dir='ltr'><strong>Τδ</strong></span> <span class='ocrx_word' id='word_1_281' title='bbox 1425 1794 1451 1848; x_wconf 80' lang='grc' dir='ltr'><strong>δὲ</strong></span> <span class='ocrx_word' id='word_1_282' title='bbox 1475 1797 1674 1865; x_wconf 87' lang='grc' dir='ltr'><strong>θαυμασιώτατον</strong></span> 
     </span>
     <span class='ocr_line' id='line_1_20' title="bbox 74 1869 1676 1945; baseline 0.004 -25"><span class='ocrx_word' id='word_1_283' title='bbox 74 1869 223 1938; x_wconf 75' lang='grc' dir='ltr'><strong>φαυλότατοι</strong></span> <span class='ocrx_word' id='word_1_284' title='bbox 239 1873 357 1940; x_wconf 86' lang='grc' dir='ltr'><strong>μαθόντες</strong></span> <span class='ocrx_word' id='word_1_285' title='bbox 371 1871 413 1924; x_wconf 87' lang='grc' dir='ltr'><strong>τδν</strong></span> <span class='ocrx_word' id='word_1_286' title='bbox 430 1873 482 1941; x_wconf 88' lang='grc' dir='ltr'><strong>βίον</strong></span> <span class='ocrx_word' id='word_1_287' title='bbox 501 1869 618 1942; x_wconf 76' lang='grc' dir='ltr'><strong>Αἰσχίνου</strong></span> <span class='ocrx_word' id='word_1_288' title='bbox 631 1871 784 1942; x_wconf 88' lang='grc' dir='ltr'><strong>μισήσουσιν.</strong></span> <span class='ocrx_word' id='word_1_289' title='bbox 808 1874 851 1928; x_wconf 90' lang='grc' dir='ltr'><strong>Αἰ·</strong></span> <span class='ocrx_word' id='word_1_290' title='bbox 895 1875 975 1929; x_wconf 79' lang='grc' dir='ltr'><strong>ἐκεῖνό</strong></span> <span class='ocrx_word' id='word_1_291' title='bbox 990 1876 1064 1942; x_wconf 82' lang='grc' dir='ltr'><strong>ἔστιν,</strong></span> <span class='ocrx_word' id='word_1_292' title='bbox 1083 1877 1121 1930; x_wconf 84' lang='grc' dir='ltr'><strong>δτι</strong></span> <span class='ocrx_word' id='word_1_293' title='bbox 1138 1875 1210 1928; x_wconf 76' lang='grc' dir='ltr'><strong>αθτδν</strong></span> <span class='ocrx_word' id='word_1_294' title='bbox 1224 1874 1342 1944; x_wconf 83' lang='grc' dir='ltr'><strong>Αἰσχίνην</strong></span> <span class='ocrx_word' id='word_1_295' title='bbox 1356 1875 1487 1943; x_wconf 84' lang='grc' dir='ltr'><strong>παρέχεται</strong></span> <span class='ocrx_word' id='word_1_296' title='bbox 1501 1881 1549 1926; x_wconf 88' lang='grc' dir='ltr'><strong>τῶν</strong></span> <span class='ocrx_word' id='word_1_297' title='bbox 1569 1875 1676 1945; x_wconf 72' lang='grc' dir='ltr'><strong>δωροδό·</strong></span> 
     </span>
     <span class='ocr_line' id='line_1_21' title="bbox 74 1949 1676 2025; baseline 0.004 -25"><span class='ocrx_word' id='word_1_298' title='bbox 74 1950 179 2002; x_wconf 78' lang='grc' dir='ltr'><strong>νίσσεται</strong></span> <span class='ocrx_word' id='word_1_299' title='bbox 191 1949 227 2014; x_wconf 81' lang='grc' dir='ltr'><strong>δέ,</strong></span> <span class='ocrx_word' id='word_1_300' title='bbox 239 1951 272 2014; x_wconf 82' lang='grc' dir='ltr'><strong>ῶς</strong></span> <span class='ocrx_word' id='word_1_301' title='bbox 286 1950 366 2017; x_wconf 82' lang='grc' dir='ltr'><strong>εἶπον,</strong></span> <span class='ocrx_word' id='word_1_302' title='bbox 380 1950 424 2018; x_wconf 79' lang='grc' dir='ltr'><strong>τήν</strong></span> <span class='ocrx_word' id='word_1_303' title='bbox 439 1952 464 2006; x_wconf 86' lang='grc' dir='ltr'><strong>έν</strong></span> <span class='ocrx_word' id='word_1_304' title='bbox 478 1952 619 2023; x_wconf 75' lang='grc' dir='ltr'><strong>Μακεδονίᾳ</strong></span> <span class='ocrx_word' id='word_1_305' title='bbox 632 1955 717 2024; x_wconf 85' lang='grc' dir='ltr'><strong>μέθην,</strong></span> <span class='ocrx_word' id='word_1_306' title='bbox 733 1954 774 2006; x_wconf 80' lang='grc' dir='ltr'><strong>καί</strong></span> <span class='ocrx_word' id='word_1_307' title='bbox 788 1953 848 2020; x_wconf 73' lang='grc' dir='ltr'><strong>ίξής.</strong></span> <span class='ocrx_word' id='word_1_308' title='bbox 895 1973 944 2006; x_wconf 91' lang='grc' dir='ltr'><strong>κων</strong></span> <span class='ocrx_word' id='word_1_309' title='bbox 960 1955 1097 2025; x_wconf 90' lang='grc' dir='ltr'><strong>κατήγορον</strong></span> <span class='ocrx_word' id='word_1_310' title='bbox 1110 1953 1151 2006; x_wconf 78' lang='grc' dir='ltr'><strong>καί</strong></span> <span class='ocrx_word' id='word_1_311' title='bbox 1168 1955 1275 2024; x_wconf 79' lang='grc' dir='ltr'><strong>μάρτυρα</strong></span> <span class='ocrx_word' id='word_1_312' title='bbox 1288 1957 1331 2004; x_wconf 87' lang='grc' dir='ltr'><strong>τοῦ</strong></span> <span class='ocrx_word' id='word_1_313' title='bbox 1341 1953 1517 2021; x_wconf 83' lang='grc' dir='ltr'><strong>διαφθείρεσθαι</strong></span> <span class='ocrx_word' id='word_1_314' title='bbox 1530 1951 1575 2006; x_wconf 82' lang='grc' dir='ltr'><strong>θπδ</strong></span> <span class='ocrx_word' id='word_1_315' title='bbox 1587 1953 1676 2007; x_wconf 89' lang='grc' dir='ltr'><strong>Φιλίπ-</strong></span> 
     </span>
     <span class='ocr_line' id='line_1_22' title="bbox 72 2029 1672 2101; baseline 0.001 -19"><span class='ocrx_word' id='word_1_316' title='bbox 72 2031 154 2082; x_wconf 85' lang='lat' dir='ltr'><strong>TCV.</strong></span> <span class='ocrx_word' id='word_1_317' title='bbox 895 2052 941 2086; x_wconf 91' lang='grc' dir='ltr'><strong>που</strong></span> <span class='ocrx_word' id='word_1_318' title='bbox 954 2035 1009 2094; x_wconf 84' lang='grc' dir='ltr'><strong>τοθς</strong></span> <span class='ocrx_word' id='word_1_319' title='bbox 1024 2032 1056 2094; x_wconf 90' lang='grc' dir='ltr'><strong>εἰς</strong></span> <span class='ocrx_word' id='word_1_320' title='bbox 1072 2033 1224 2084; x_wconf 85' lang='grc' dir='ltr'><strong>Μακεδονίαν</strong></span> <span class='ocrx_word' id='word_1_321' title='bbox 1240 2031 1434 2101; x_wconf 73' lang='grc' dir='ltr'><strong>ἀφικνουμένους.</strong></span> <span class='ocrx_word' id='word_1_322' title='bbox 1459 2029 1516 2083; x_wconf 81' lang='grc' dir='ltr'><strong>Ἐπὶ</strong></span> <span class='ocrx_word' id='word_1_323' title='bbox 1530 2031 1622 2092; x_wconf 78' lang='grc' dir='ltr'><strong>τούτοις</strong></span> <span class='ocrx_word' id='word_1_324' title='bbox 1631 2033 1672 2084; x_wconf 82' lang='grc' dir='ltr'><strong>καί</strong></span> 
     </span>
     <span class='ocr_line' id='line_1_23' title="bbox 111 2107 1672 2180; baseline 0 -20"><span class='ocrx_word' id='word_1_325' title='bbox 111 2109 177 2172; x_wconf 93' lang='grc'><strong>343,</strong></span> <span class='ocrx_word' id='word_1_326' title='bbox 200 2113 243 2162; x_wconf 81' lang='lat'><strong>26.</strong></span> <span class='ocrx_word' id='word_1_327' title='bbox 266 2108 471 2179; x_wconf 86' lang='grc' dir='ltr'><strong>Μνημονείιοντας</strong></span> <span class='ocrx_word' id='word_1_328' title='bbox 490 2107 578 2178; x_wconf 74' lang='grc' dir='ltr'><strong>ὑμῶν]</strong></span> <span class='ocrx_word' id='word_1_329' title='bbox 594 2107 695 2180; x_wconf 80' lang='grc' dir='ltr'><strong>Θηρεθει</strong></span> <span class='ocrx_word' id='word_1_330' title='bbox 719 2109 849 2180; x_wconf 87' lang='grc' dir='ltr'><strong>μαρτυρίαν</strong></span> <span class='ocrx_word' id='word_1_331' title='bbox 895 2113 985 2180; x_wconf 90' lang='grc' dir='ltr'><strong>τρίτον,</strong></span> <span class='ocrx_word' id='word_1_332' title='bbox 1002 2113 1039 2164; x_wconf 89' lang='grc' dir='ltr'><strong>ότι</strong></span> <span class='ocrx_word' id='word_1_333' title='bbox 1056 2111 1084 2163; x_wconf 86' lang='grc' dir='ltr'><strong>οθ</strong></span> <span class='ocrx_word' id='word_1_334' title='bbox 1102 2111 1258 2164; x_wconf 80' lang='grc' dir='ltr'><strong>διελάνθανεν</strong></span> <span class='ocrx_word' id='word_1_335' title='bbox 1272 2109 1345 2162; x_wconf 83' lang='grc' dir='ltr'><strong>αθτδν</strong></span> <span class='ocrx_word' id='word_1_336' title='bbox 1361 2107 1376 2174; x_wconf 81' lang='grc' dir='ltr'><strong>ή</strong></span> <span class='ocrx_word' id='word_1_337' title='bbox 1392 2113 1435 2161; x_wconf 85' lang='grc' dir='ltr'><strong>τοῦ</strong></span> <span class='ocrx_word' id='word_1_338' title='bbox 1449 2108 1573 2162; x_wconf 85' lang='grc' dir='ltr'><strong>Φιλίππου</strong></span> <span class='ocrx_word' id='word_1_339' title='bbox 1587 2111 1672 2179; x_wconf 78' lang='grc' dir='ltr'><strong>προαί·</strong></span> 
     </span>
     <span class='ocr_line' id='line_1_24' title="bbox 74 2185 1673 2260; baseline 0.002 -23"><span class='ocrx_word' id='word_1_340' title='bbox 74 2185 122 2254; x_wconf 87' lang='grc' dir='ltr'><strong>ήδη</strong></span> <span class='ocrx_word' id='word_1_341' title='bbox 135 2185 199 2256; x_wconf 90' lang='grc' dir='ltr'><strong>παρά</strong></span> <span class='ocrx_word' id='word_1_342' title='bbox 212 2191 260 2238; x_wconf 90' lang='grc' dir='ltr'><strong>τῶν</strong></span> <span class='ocrx_word' id='word_1_343' title='bbox 281 2185 429 2250; x_wconf 86' lang='grc' dir='ltr'><strong>ἀκουόντων,</strong></span> <span class='ocrx_word' id='word_1_344' title='bbox 443 2187 486 2238; x_wconf 88' lang='grc' dir='ltr'><strong>ίνα</strong></span> <span class='ocrx_word' id='word_1_345' title='bbox 499 2187 541 2238; x_wconf 85' lang='grc' dir='ltr'><strong>καί</strong></span> <span class='ocrx_word' id='word_1_346' title='bbox 556 2185 599 2252; x_wconf 81' lang='grc' dir='ltr'><strong>τήν</strong></span> <span class='ocrx_word' id='word_1_347' title='bbox 615 2188 760 2240; x_wconf 74' lang='grc' dir='ltr'><strong>κατάποσιν</strong></span> <span class='ocrx_word' id='word_1_348' title='bbox 775 2189 850 2257; x_wconf 90' lang='grc' dir='ltr'><strong>μόνον</strong></span> <span class='ocrx_word' id='word_1_349' title='bbox 896 2209 973 2260; x_wconf 91' lang='grc' dir='ltr'><strong>ρεσις,</strong></span> <span class='ocrx_word' id='word_1_350' title='bbox 988 2190 1031 2242; x_wconf 83' lang='grc' dir='ltr'><strong>οἵα</strong></span> <span class='ocrx_word' id='word_1_351' title='bbox 1046 2209 1071 2242; x_wconf 92' lang='grc' dir='ltr'><strong>τε</strong></span> <span class='ocrx_word' id='word_1_352' title='bbox 1085 2185 1115 2256; x_wconf 83' lang='grc' dir='ltr'><strong>ήν</strong></span> <span class='ocrx_word' id='word_1_353' title='bbox 1136 2189 1190 2260; x_wconf 77' lang='grc' dir='ltr'><strong>περὶ</strong></span> <span class='ocrx_word' id='word_1_354' title='bbox 1210 2187 1254 2252; x_wconf 83' lang='grc' dir='ltr'><strong>τὴν</strong></span> <span class='ocrx_word' id='word_1_355' title='bbox 1273 2188 1345 2240; x_wconf 92' lang='grc' dir='ltr'><strong>πόλιν</strong></span> <span class='ocrx_word' id='word_1_356' title='bbox 1361 2187 1403 2239; x_wconf 83' lang='grc' dir='ltr'><strong>καί</strong></span> <span class='ocrx_word' id='word_1_357' title='bbox 1421 2186 1465 2252; x_wconf 80' lang='grc' dir='ltr'><strong>τήν</strong></span> <span class='ocrx_word' id='word_1_358' title='bbox 1489 2185 1613 2252; x_wconf 82' lang='grc' dir='ltr'><strong>Ἑλλάδα,</strong></span> <span class='ocrx_word' id='word_1_359' title='bbox 1629 2188 1673 2240; x_wconf 85' lang='grc' dir='ltr'><strong>ἵνα</strong></span> 
     </span>
     <span class='ocr_line' id='line_1_25' title="bbox 73 2261 1673 2340; baseline 0.001 -22"><span class='ocrx_word' id='word_1_360' title='bbox 73 2265 118 2318; x_wconf 81' lang='grc' dir='ltr'><strong>οάκ</strong></span> <span class='ocrx_word' id='word_1_361' title='bbox 138 2264 222 2336; x_wconf 91' lang='grc' dir='ltr'><strong>ἀγῶνα</strong></span> <span class='ocrx_word' id='word_1_362' title='bbox 239 2265 371 2335; x_wconf 74' lang='grc' dir='ltr'><strong>ἐργάσηται</strong></span> <span class='ocrx_word' id='word_1_363' title='bbox 391 2266 432 2318; x_wconf 82' lang='grc' dir='ltr'><strong>καί</strong></span> <span class='ocrx_word' id='word_1_364' title='bbox 452 2265 480 2318; x_wconf 88' lang='grc' dir='ltr'><strong>τδ</strong></span> <span class='ocrx_word' id='word_1_365' title='bbox 499 2265 626 2336; x_wconf 83' lang='grc' dir='ltr'><strong>ἰπενεχθὲν</strong></span> <span class='ocrx_word' id='word_1_366' title='bbox 644 2265 798 2332; x_wconf 79' lang='grc' dir='ltr'><strong>πςστεθηται,</strong></span> <span class='ocrx_word' id='word_1_367' title='bbox 813 2267 851 2318; x_wconf 85' lang='grc' dir='ltr'><strong>ότι</strong></span> <span class='ocrx_word' id='word_1_368' title='bbox 895 2270 936 2322; x_wconf 84' lang='grc' dir='ltr'><strong>καί</strong></span> <span class='ocrx_word' id='word_1_369' title='bbox 949 2271 977 2323; x_wconf 87' lang='grc' dir='ltr'><strong>τί)</strong></span> <span class='ocrx_word' id='word_1_370' title='bbox 990 2276 1079 2340; x_wconf 89' lang='grc' dir='ltr'><strong>χρῶμα</strong></span> <span class='ocrx_word' id='word_1_371' title='bbox 1091 2269 1204 2339; x_wconf 88' lang='grc' dir='ltr'><strong>φαίνηται</strong></span> <span class='ocrx_word' id='word_1_372' title='bbox 1217 2265 1448 2320; x_wconf 85' lang='grc' dir='ltr'><strong>διάτοότωνλίιων·</strong></span> <span class='ocrx_word' id='word_1_373' title='bbox 1466 2265 1493 2318; x_wconf 84' lang='grc' dir='ltr'><strong>οδ</strong></span> <span class='ocrx_word' id='word_1_374' title='bbox 1505 2265 1551 2336; x_wconf 83' lang='grc' dir='ltr'><strong>γάρ</strong></span> <span class='ocrx_word' id='word_1_375' title='bbox 1565 2261 1594 2332; x_wconf 75' lang='grc' dir='ltr'><strong>ἦν</strong></span> <span class='ocrx_word' id='word_1_376' title='bbox 1611 2265 1673 2327; x_wconf 87' lang='grc' dir='ltr'><strong>εἰκδς</strong></span> 
     </span>
     <span class='ocr_line' id='line_1_26' title="bbox 74 2343 1674 2417; baseline -0.007 -12"><span class='ocrx_word' id='word_1_377' title='bbox 74 2347 126 2405; x_wconf 64' lang='grc' dir='ltr'><strong>τοῖς</strong></span> <span class='ocrx_word' id='word_1_378' title='bbox 143 2344 181 2414; x_wconf 54' lang='grc' dir='ltr'><strong>ΡΜ</strong></span> <span class='ocrx_word' id='word_1_379' title='bbox 205 2343 290 2396; x_wconf 51' lang='lat' dir='ltr'><strong>fimf&gt;</strong></span> <span class='ocrx_word' id='word_1_380' title='bbox 310 2347 487 2415; x_wconf 78' lang='grc' dir='ltr'><strong>πεπραγμένοις</strong></span> <span class='ocrx_word' id='word_1_381' title='bbox 507 2343 548 2396; x_wconf 82' lang='grc' dir='ltr'><strong>καί</strong></span> <span class='ocrx_word' id='word_1_382' title='bbox 568 2346 805 2416; x_wconf 85' lang='grc' dir='ltr'><strong>δεδημηγορημένοις</strong></span> <span class='ocrx_word' id='word_1_383' title='bbox 825 2344 850 2398; x_wconf 84' lang='grc' dir='ltr'><strong>έν</strong></span> <span class='ocrx_word' id='word_1_384' title='bbox 896 2347 1016 2417; x_wconf 85' lang='grc' dir='ltr'><strong>ἀγνοῆσαι</strong></span> <span class='ocrx_word' id='word_1_385' title='bbox 1026 2351 1068 2400; x_wconf 90' lang='grc' dir='ltr'><strong>τοῦ</strong></span> <span class='ocrx_word' id='word_1_386' title='bbox 1079 2347 1203 2400; x_wconf 88' lang='grc' dir='ltr'><strong>Φιλίππου</strong></span> <span class='ocrx_word' id='word_1_387' title='bbox 1214 2345 1259 2410; x_wconf 81' lang='grc' dir='ltr'><strong>τὴν</strong></span> <span class='ocrx_word' id='word_1_388' title='bbox 1273 2347 1375 2416; x_wconf 85' lang='grc' dir='ltr'><strong>γνώμην</strong></span> <span class='ocrx_word' id='word_1_389' title='bbox 1388 2343 1430 2394; x_wconf 87' lang='grc' dir='ltr'><strong>τδν</strong></span> <span class='ocrx_word' id='word_1_390' title='bbox 1445 2343 1521 2395; x_wconf 87' lang='grc' dir='ltr'><strong>πάλαι</strong></span> <span class='ocrx_word' id='word_1_391' title='bbox 1532 2343 1590 2396; x_wconf 81' lang='grc' dir='ltr'><strong>ποτέ</strong></span> <span class='ocrx_word' id='word_1_392' title='bbox 1600 2363 1674 2410; x_wconf 90' lang='grc' dir='ltr'><strong>κατη-</strong></span> 
     </span>
     <span class='ocr_line' id='line_1_27' title="bbox 73 2421 1675 2496; baseline 0.001 -24"><span class='ocrx_word' id='word_1_393' title='bbox 73 2422 141 2492; x_wconf 81' lang='grc' dir='ltr'><strong>ἀρχῇ</strong></span> <span class='ocrx_word' id='word_1_394' title='bbox 155 2423 261 2494; x_wconf 89' lang='grc' dir='ltr'><strong>μάλιστα</strong></span> <span class='ocrx_word' id='word_1_395' title='bbox 270 2421 471 2494; x_wconf 78' lang='grc' dir='ltr'><strong>ἐξελεγχθήσεται</strong></span> <span class='ocrx_word' id='word_1_396' title='bbox 484 2424 550 2492; x_wconf 77' lang='grc' dir='ltr'><strong>δῶρα</strong></span> <span class='ocrx_word' id='word_1_397' title='bbox 565 2422 640 2492; x_wconf 82' lang='grc' dir='ltr'><strong>ἔχων.</strong></span> <span class='ocrx_word' id='word_1_398' title='bbox 680 2425 783 2493; x_wconf 82' lang='grc' dir='ltr'><strong>Διχόθεν</strong></span> <span class='ocrx_word' id='word_1_399' title='bbox 797 2422 851 2475; x_wconf 81' lang='grc' dir='ltr'><strong>δέό</strong></span> <span class='ocrx_word' id='word_1_400' title='bbox 894 2430 1014 2496; x_wconf 91' lang='grc' dir='ltr'><strong>γοροῦντα</strong></span> <span class='ocrx_word' id='word_1_401' title='bbox 1027 2426 1202 2479; x_wconf 87' lang='grc' dir='ltr'><strong>τοῦΦιλίππου</strong></span> <span class='ocrx_word' id='word_1_402' title='bbox 1212 2425 1373 2493; x_wconf 85' lang='grc' dir='ltr'><strong>τῶντρόπων.</strong></span> <span class='ocrx_word' id='word_1_403' title='bbox 1388 2424 1468 2475; x_wconf 80' lang='lat' dir='ltr'>TCV.</span> <span class='ocrx_word' id='word_1_404' title='bbox 1483 2421 1560 2473; x_wconf 87' lang='grc' dir='ltr'><strong>Τοῦτο</strong></span> <span class='ocrx_word' id='word_1_405' title='bbox 1570 2423 1675 2491; x_wconf 83' lang='grc' dir='ltr'><strong>περιέχει</strong></span> 
     </span>
     <span class='ocr_line' id='line_1_28' title="bbox 74 2500 1674 2576; baseline 0 -23"><span class='ocrx_word' id='word_1_406' title='bbox 74 2501 196 2571; x_wconf 78' lang='grc' dir='ltr'><strong>ἔλεγχος,</strong></span> <span class='ocrx_word' id='word_1_407' title='bbox 206 2501 247 2552; x_wconf 84' lang='grc' dir='ltr'><strong>καί</strong></span> <span class='ocrx_word' id='word_1_408' title='bbox 256 2500 320 2570; x_wconf 88' lang='grc' dir='ltr'><strong>παρά</strong></span> <span class='ocrx_word' id='word_1_409' title='bbox 332 2507 379 2554; x_wconf 90' lang='grc' dir='ltr'><strong>τῶν</strong></span> <span class='ocrx_word' id='word_1_410' title='bbox 392 2501 516 2571; x_wconf 79' lang='grc' dir='ltr'><strong>ἀκροατῶν</strong></span> <span class='ocrx_word' id='word_1_411' title='bbox 530 2500 571 2552; x_wconf 87' lang='grc' dir='ltr'><strong>καί</strong></span> <span class='ocrx_word' id='word_1_412' title='bbox 582 2500 646 2570; x_wconf 83' lang='grc' dir='ltr'><strong>παρά</strong></span> <span class='ocrx_word' id='word_1_413' title='bbox 658 2504 701 2552; x_wconf 87' lang='grc' dir='ltr'><strong>τοῦ</strong></span> <span class='ocrx_word' id='word_1_414' title='bbox 710 2501 849 2570; x_wconf 75' lang='grc' dir='ltr'><strong>φεύγοντος.</strong></span> <span class='ocrx_word' id='word_1_415' title='bbox 894 2505 923 2557; x_wconf 87' lang='grc' dir='ltr'><strong>τδ</strong></span> <span class='ocrx_word' id='word_1_416' title='bbox 943 2509 986 2558; x_wconf 87' lang='grc' dir='ltr'><strong>τοῦ</strong></span> <span class='ocrx_word' id='word_1_417' title='bbox 999 2506 1144 2576; x_wconf 89' lang='grc' dir='ltr'><strong>χρώματος·</strong></span> <span class='ocrx_word' id='word_1_418' title='bbox 1163 2505 1177 2556; x_wconf 92' lang='grc' dir='ltr'><strong>ό</strong></span> <span class='ocrx_word' id='word_1_419' title='bbox 1200 2504 1248 2574; x_wconf 79' lang='grc' dir='ltr'><strong>γὰρ</strong></span> <span class='ocrx_word' id='word_1_420' title='bbox 1271 2503 1414 2572; x_wconf 83' lang='grc' dir='ltr'><strong>αἰσθόμενος</strong></span> <span class='ocrx_word' id='word_1_421' title='bbox 1434 2507 1527 2571; x_wconf 87' lang='grc' dir='ltr'><strong>πρῶτος</strong></span> <span class='ocrx_word' id='word_1_422' title='bbox 1549 2501 1674 2556; x_wconf 87' lang='grc' dir='ltr'><strong>Φίλιππον</strong></span> 
     </span>
     <span class='ocr_line' id='line_1_29' title="bbox 73 2577 1674 2651; baseline -0.001 -19"><span class='ocrx_word' id='word_1_423' title='bbox 73 2581 145 2650; x_wconf 89' lang='grc' dir='ltr'><strong>Αέγει</strong></span> <span class='ocrx_word' id='word_1_424' title='bbox 162 2578 188 2632; x_wconf 82' lang='grc' dir='ltr'><strong>δὲ</strong></span> <span class='ocrx_word' id='word_1_425' title='bbox 208 2578 236 2632; x_wconf 78' lang='grc' dir='ltr'><strong>σὺ</strong></span> <span class='ocrx_word' id='word_1_426' title='bbox 250 2580 329 2632; x_wconf 89' lang='grc' dir='ltr'><strong>πάντα</strong></span> <span class='ocrx_word' id='word_1_427' title='bbox 343 2580 367 2634; x_wconf 86' lang='grc' dir='ltr'><strong>ἰν</strong></span> <span class='ocrx_word' id='word_1_428' title='bbox 387 2586 422 2651; x_wconf 83' lang='grc' dir='ltr'><strong>τῷ</strong></span> <span class='ocrx_word' id='word_1_429' title='bbox 441 2584 657 2650; x_wconf 82' lang='grc' dir='ltr'><strong>προκαταστστικῷ</strong></span> <span class='ocrx_word' id='word_1_430' title='bbox 676 2578 707 2631; x_wconf 85' lang='grc' dir='ltr'><strong>τά</strong></span> <span class='ocrx_word' id='word_1_431' title='bbox 728 2579 786 2648; x_wconf 84' lang='grc' dir='ltr'><strong>μέρη</strong></span> <span class='ocrx_word' id='word_1_432' title='bbox 809 2582 851 2643; x_wconf 80' lang='grc' dir='ltr'><strong>τῆς</strong></span> <span class='ocrx_word' id='word_1_433' title='bbox 894 2582 1081 2636; x_wconf 83' lang='grc' dir='ltr'><strong>έπιόουλείοντα</strong></span> <span class='ocrx_word' id='word_1_434' title='bbox 1092 2585 1143 2644; x_wconf 90' lang='grc' dir='ltr'><strong>τοῖς</strong></span> <span class='ocrx_word' id='word_1_435' title='bbox 1161 2583 1269 2649; x_wconf 87' lang='grc' dir='ltr'><strong>Ἕλλησι</strong></span> <span class='ocrx_word' id='word_1_436' title='bbox 1281 2581 1322 2634; x_wconf 82' lang='grc' dir='ltr'><strong>καὶ</strong></span> <span class='ocrx_word' id='word_1_437' title='bbox 1331 2582 1458 2633; x_wconf 89' lang='grc' dir='ltr'><strong>Φωκεῦσιν</strong></span> <span class='ocrx_word' id='word_1_438' title='bbox 1469 2580 1521 2651; x_wconf 77' lang='grc' dir='ltr'><strong>ήδει</strong></span> <span class='ocrx_word' id='word_1_439' title='bbox 1535 2577 1674 2632; x_wconf 82' lang='grc' dir='ltr'><strong>έπιόουλεό-</strong></span> 
     </span>
     <span class='ocr_line' id='line_1_30' title="bbox 72 2654 1675 2731; baseline -0.001 -21"><span class='ocrx_word' id='word_1_440' title='bbox 72 2658 261 2722; x_wconf 80' lang='grc' dir='ltr'><strong>καταστάσεως,</strong></span> <span class='ocrx_word' id='word_1_441' title='bbox 288 2659 402 2727; x_wconf 83' lang='grc' dir='ltr'><strong>φοόηθείς</strong></span> <span class='ocrx_word' id='word_1_442' title='bbox 427 2663 476 2710; x_wconf 90' lang='grc' dir='ltr'><strong>τῶν</strong></span> <span class='ocrx_word' id='word_1_443' title='bbox 501 2657 585 2718; x_wconf 87' lang='grc' dir='ltr'><strong>λόγων</strong></span> <span class='ocrx_word' id='word_1_444' title='bbox 614 2657 656 2710; x_wconf 87' lang='grc' dir='ltr'><strong>τδν</strong></span> <span class='ocrx_word' id='word_1_445' title='bbox 681 2657 770 2727; x_wconf 85' lang='grc' dir='ltr'><strong>ὄχλον,</strong></span> <span class='ocrx_word' id='word_1_446' title='bbox 791 2656 849 2708; x_wconf 86' lang='grc' dir='ltr'><strong>ἀλλ’</strong></span> <span class='ocrx_word' id='word_1_447' title='bbox 895 2679 954 2712; x_wconf 91' lang='grc' dir='ltr'><strong>οντα</strong></span> <span class='ocrx_word' id='word_1_448' title='bbox 979 2661 1021 2712; x_wconf 83' lang='grc' dir='ltr'><strong>καί</strong></span> <span class='ocrx_word' id='word_1_449' title='bbox 1039 2661 1207 2731; x_wconf 87' lang='grc' dir='ltr'><strong>διαφθείροντά</strong></span> <span class='ocrx_word' id='word_1_450' title='bbox 1229 2678 1283 2711; x_wconf 91' lang='grc' dir='ltr'><strong>τινα</strong></span> <span class='ocrx_word' id='word_1_451' title='bbox 1314 2664 1362 2710; x_wconf 89' lang='grc' dir='ltr'><strong>τῶν</strong></span> <span class='ocrx_word' id='word_1_452' title='bbox 1394 2656 1418 2710; x_wconf 82' lang='grc' dir='ltr'><strong>έν</strong></span> <span class='ocrx_word' id='word_1_453' title='bbox 1443 2655 1566 2726; x_wconf 79' lang='grc' dir='ltr'><strong>Ἀρκαδίᾳ,</strong></span> <span class='ocrx_word' id='word_1_454' title='bbox 1591 2657 1633 2708; x_wconf 81' lang='grc' dir='ltr'><strong>ἵνα</strong></span> <span class='ocrx_word' id='word_1_455' title='bbox 1651 2654 1675 2718; x_wconf 75' lang='grc' dir='ltr'><strong>ἔξ</strong></span> 
     </span>
     <span class='ocr_line' id='line_1_31' title="bbox 71 2733 1671 2810; baseline -0.005 -19"><span class='ocrx_word' id='word_1_456' title='bbox 71 2737 250 2808; x_wconf 79' lang='grc' dir='ltr'><strong>ἐπαγγέλλεται</strong></span> <span class='ocrx_word' id='word_1_457' title='bbox 266 2738 308 2810; x_wconf 82' lang='grc' dir='ltr'><strong>μὲν</strong></span> <span class='ocrx_word' id='word_1_458' title='bbox 326 2739 380 2808; x_wconf 84' lang='grc' dir='ltr'><strong>περί</strong></span> <span class='ocrx_word' id='word_1_459' title='bbox 394 2743 436 2804; x_wconf 83' lang='grc' dir='ltr'><strong>τῆς</strong></span> <span class='ocrx_word' id='word_1_460' title='bbox 448 2738 592 2808; x_wconf 89' lang='grc' dir='ltr'><strong>δωροδοκίας</strong></span> <span class='ocrx_word' id='word_1_461' title='bbox 608 2736 693 2800; x_wconf 85' lang='grc' dir='ltr'><strong>εἰπεῖν,</strong></span> <span class='ocrx_word' id='word_1_462' title='bbox 709 2741 768 2808; x_wconf 80' lang='grc' dir='ltr'><strong>σιγᾷ</strong></span> <span class='ocrx_word' id='word_1_463' title='bbox 785 2736 811 2789; x_wconf 75' lang='grc' dir='ltr'><strong>δέ</strong></span> <span class='ocrx_word' id='word_1_464' title='bbox 822 2735 850 2790; x_wconf 88' lang='grc' dir='ltr'><strong>τδ</strong></span> <span class='ocrx_word' id='word_1_465' title='bbox 894 2736 1037 2798; x_wconf 89' lang='grc' dir='ltr'><strong>ἀκολουθίας</strong></span> <span class='ocrx_word' id='word_1_466' title='bbox 1053 2738 1095 2790; x_wconf 87' lang='grc' dir='ltr'><strong>τδν</strong></span> <span class='ocrx_word' id='word_1_467' title='bbox 1108 2737 1275 2808; x_wconf 87' lang='grc' dir='ltr'><strong>προεστηκότα</strong></span> <span class='ocrx_word' id='word_1_468' title='bbox 1288 2739 1331 2802; x_wconf 83' lang='grc' dir='ltr'><strong>τῆς</strong></span> <span class='ocrx_word' id='word_1_469' title='bbox 1349 2733 1474 2804; x_wconf 87' lang='grc' dir='ltr'><strong>πρεσόείας</strong></span> <span class='ocrx_word' id='word_1_470' title='bbox 1490 2735 1604 2802; x_wconf 89' lang='grc' dir='ltr'><strong>φαίνηται</strong></span> <span class='ocrx_word' id='word_1_471' title='bbox 1618 2734 1671 2784; x_wconf 85' lang='grc' dir='ltr'><strong>δια·</strong></span> 
     </span>
     <span class='ocr_line' id='line_1_32' title="bbox 73 2808 1101 2886; baseline 0.001 -20"><span class='ocrx_word' id='word_1_472' title='bbox 73 2815 136 2867; x_wconf 88' lang='grc' dir='ltr'><strong>κατά</strong></span> <span class='ocrx_word' id='word_1_473' title='bbox 150 2816 264 2879; x_wconf 81' lang='grc' dir='ltr'><strong>Φωκέας,</strong></span> <span class='ocrx_word' id='word_1_474' title='bbox 278 2817 311 2877; x_wconf 85' lang='grc' dir='ltr'><strong>ώς</strong></span> <span class='ocrx_word' id='word_1_475' title='bbox 323 2815 441 2886; x_wconf 76' lang='grc' dir='ltr'><strong>ἑπόμενον</strong></span> <span class='ocrx_word' id='word_1_476' title='bbox 453 2816 494 2868; x_wconf 86' lang='grc' dir='ltr'><strong>καί</strong></span> <span class='ocrx_word' id='word_1_477' title='bbox 504 2813 648 2867; x_wconf 91' lang='grc' dir='ltr'><strong>ἀκόλουθον.</strong></span> <span class='ocrx_word' id='word_1_478' title='bbox 663 2817 743 2868; x_wconf 86' lang='lat' dir='ltr'><strong>ch.</strong></span> <span class='ocrx_word' id='word_1_479' title='bbox 894 2808 1005 2878; x_wconf 68' lang='grc' dir='ltr'><strong>φθείρων·</strong></span> <span class='ocrx_word' id='word_1_480' title='bbox 1021 2809 1101 2860; x_wconf 82' lang='lat' dir='ltr'>TCV-</span> 
     </span>
     <span class='ocr_line' id='line_1_33' title="bbox 110 2881 1675 2966; baseline -0.001 -21"><span class='ocrx_word' id='word_1_481' title='bbox 110 2893 172 2956; x_wconf 81' lang='grc'><strong>343,</strong></span> <span class='ocrx_word' id='word_1_482' title='bbox 190 2909 232 2962; x_wconf 75' lang='lat'><strong>27.</strong></span> <span class='ocrx_word' id='word_1_483' title='bbox 254 2892 421 2966; x_wconf 78' lang='grc' dir='ltr'><strong>Ὗπομνῆσαι]</strong></span> <span class='ocrx_word' id='word_1_484' title='bbox 435 2893 511 2964; x_wconf 87' lang='grc' dir='ltr'><strong>ήγουν</strong></span> <span class='ocrx_word' id='word_1_485' title='bbox 525 2893 558 2955; x_wconf 89' lang='grc' dir='ltr'><strong>εἰς</strong></span> <span class='ocrx_word' id='word_1_486' title='bbox 569 2894 667 2964; x_wconf 87' lang='grc' dir='ltr'><strong>μετρίαν</strong></span> <span class='ocrx_word' id='word_1_487' title='bbox 682 2893 782 2965; x_wconf 89' lang='grc' dir='ltr'><strong>μνήμην</strong></span> <span class='ocrx_word' id='word_1_488' title='bbox 792 2891 852 2962; x_wconf 86' lang='grc' dir='ltr'><strong>ἀγα-</strong></span> <span class='ocrx_word' id='word_1_489' title='bbox 931 2887 995 2950; x_wconf 70' lang='grc'><strong>344,</strong></span> <span class='ocrx_word' id='word_1_490' title='bbox 1017 2903 1042 2953; x_wconf 87' lang='grc'><strong>7-</strong></span> <span class='ocrx_word' id='word_1_491' title='bbox 1060 2885 1105 2937; x_wconf 56' lang='grc' dir='ltr'><strong>Καὶ</strong></span> <span class='ocrx_word' id='word_1_492' title='bbox 1127 2885 1193 2954; x_wconf 65' lang='grc' dir='ltr'>ἔχων</span> <span class='ocrx_word' id='word_1_493' title='bbox 1214 2885 1376 2954; x_wconf 61' lang='lat' dir='ltr'>”lqwspovJ</span> <span class='ocrx_word' id='word_1_494' title='bbox 1400 2882 1536 2951; x_wconf 66' lang='grc' dir='ltr'><strong>Παῖὲλῑῖαῑ</strong></span> <span class='ocrx_word' id='word_1_495' title='bbox 1560 2881 1602 2952; x_wconf 70' lang='grc' dir='ltr'><strong>μέί</strong></span> <span class='ocrx_word' id='word_1_496' title='bbox 1623 2883 1675 2943; x_wconf 69' lang='grc' dir='ltr'><strong>τοῖς</strong></span> 
     </span>
     <span class='ocr_line' id='line_1_34' title="bbox 72 2960 1671 3040; baseline -0.008 -19"><span class='ocrx_word' id='word_1_497' title='bbox 72 2971 139 3040; x_wconf 80' lang='grc' dir='ltr'><strong>γεῖν.</strong></span> <span class='ocrx_word' id='word_1_498' title='bbox 153 2973 181 3022; x_wconf 88' lang='lat' dir='ltr'><strong>P.</strong></span> <span class='ocrx_word' id='word_1_499' title='bbox 895 2963 1011 3034; x_wconf 86' lang='grc' dir='ltr'><strong>Αἰσχίνου</strong></span> <span class='ocrx_word' id='word_1_500' title='bbox 1020 2961 1126 3034; x_wconf 78' lang='grc' dir='ltr'><strong>λόγοιςή</strong></span> <span class='ocrx_word' id='word_1_501' title='bbox 1142 2962 1267 3032; x_wconf 78' lang='grc' dir='ltr'><strong>μαρτυρία</strong></span> <span class='ocrx_word' id='word_1_502' title='bbox 1283 2960 1326 3014; x_wconf 83' lang='grc' dir='ltr'><strong>οῦκ</strong></span> <span class='ocrx_word' id='word_1_503' title='bbox 1334 2960 1490 3026; x_wconf 74' lang='grc' dir='ltr'><strong>ἀπήλλακται</strong></span> <span class='ocrx_word' id='word_1_504' title='bbox 1502 2960 1528 3012; x_wconf 81' lang='grc' dir='ltr'><strong>δὲ</strong></span> <span class='ocrx_word' id='word_1_505' title='bbox 1539 2960 1579 3012; x_wconf 83' lang='grc' dir='ltr'><strong>καί</strong></span> <span class='ocrx_word' id='word_1_506' title='bbox 1589 2961 1671 3029; x_wconf 82' lang='grc' dir='ltr'><strong>σκώμ·</strong></span> 
     </span>
     <span class='ocr_line' id='line_1_35' title="bbox 110 3039 1672 3122; baseline 0.001 -22"><span class='ocrx_word' id='word_1_507' title='bbox 110 3049 171 3112; x_wconf 88' lang='grc'><strong>343,</strong></span> <span class='ocrx_word' id='word_1_508' title='bbox 191 3064 236 3117; x_wconf 79' lang='lat'><strong>29.</strong></span> <span class='ocrx_word' id='word_1_509' title='bbox 251 3050 424 3122; x_wconf 89' lang='grc' dir='ltr'><strong>Δημηγορεῖν]</strong></span> <span class='ocrx_word' id='word_1_510' title='bbox 439 3051 560 3121; x_wconf 72' lang='grc' dir='ltr'><strong>παρρησίᾳ</strong></span> <span class='ocrx_word' id='word_1_511' title='bbox 578 3049 659 3120; x_wconf 87' lang='grc' dir='ltr'><strong>λέγειν</strong></span> <span class='ocrx_word' id='word_1_512' title='bbox 674 3051 795 3119; x_wconf 82' lang='grc' dir='ltr'><strong>προσῆκον</strong></span> <span class='ocrx_word' id='word_1_513' title='bbox 813 3045 850 3100; x_wconf 87' lang='grc' dir='ltr'><strong>εί·</strong></span> <span class='ocrx_word' id='word_1_514' title='bbox 895 3061 979 3113; x_wconf 69' lang='grc' dir='ltr'><strong>ματος.</strong></span> <span class='ocrx_word' id='word_1_515' title='bbox 1000 3041 1144 3112; x_wconf 73' lang='grc' dir='ltr'><strong>Ὑποκρῑτὴν</strong></span> <span class='ocrx_word' id='word_1_516' title='bbox 1159 3040 1206 3111; x_wconf 77' lang='grc' dir='ltr'><strong>γὰρ</strong></span> <span class='ocrx_word' id='word_1_517' title='bbox 1220 3041 1273 3110; x_wconf 61' lang='grc' dir='ltr'><strong>ἔχει</strong></span> <span class='ocrx_word' id='word_1_518' title='bbox 1287 3040 1329 3094; x_wconf 74' lang='grc' dir='ltr'><strong>τδν</strong></span> <span class='ocrx_word' id='word_1_519' title='bbox 1344 3039 1581 3109; x_wconf 60' lang='grc' dir='ltr'><strong>συναγωίῑζόμῑίῦθ</strong></span> <span class='ocrx_word' id='word_1_520' title='bbox 1595 3039 1672 3092; x_wconf 71' lang='lat' dir='ltr'>TCV-</span> 
     </span>
     <span class='ocr_line' id='line_1_36' title="bbox 73 3115 1672 3190; baseline -0.007 -12"><span class='ocrx_word' id='word_1_521' title='bbox 73 3145 125 3178; x_wconf 88' lang='grc' dir='ltr'><strong>ναι.</strong></span> <span class='ocrx_word' id='word_1_522' title='bbox 139 3126 167 3178; x_wconf 87' lang='lat' dir='ltr'><strong>P.</strong></span> <span class='ocrx_word' id='word_1_523' title='bbox 930 3121 992 3185; x_wconf 84' lang='grc'><strong>344,</strong></span> <span class='ocrx_word' id='word_1_524' title='bbox 1009 3125 1035 3176; x_wconf 88' lang='grc'><strong>8.</strong></span> <span class='ocrx_word' id='word_1_525' title='bbox 1049 3121 1160 3190; x_wconf 85' lang='grc' dir='ltr'><strong>Προσιὼν</strong></span> <span class='ocrx_word' id='word_1_526' title='bbox 1174 3119 1216 3190; x_wconf 81' lang='grc' dir='ltr'><strong>μίν</strong></span> <span class='ocrx_word' id='word_1_527' title='bbox 1229 3123 1260 3189; x_wconf 84' lang='grc' dir='ltr'><strong>τῇ</strong></span> <span class='ocrx_word' id='word_1_528' title='bbox 1276 3119 1368 3190; x_wconf 81' lang='grc' dir='ltr'><strong>βουλῇ,</strong></span> <span class='ocrx_word' id='word_1_529' title='bbox 1383 3117 1490 3187; x_wconf 82' lang='grc' dir='ltr'><strong>προσιὼν</strong></span> <span class='ocrx_word' id='word_1_530' title='bbox 1503 3115 1529 3169; x_wconf 83' lang='grc' dir='ltr'><strong>δὲ</strong></span> <span class='ocrx_word' id='word_1_531' title='bbox 1538 3122 1574 3186; x_wconf 81' lang='grc' dir='ltr'><strong>τῷ</strong></span> <span class='ocrx_word' id='word_1_532' title='bbox 1586 3117 1672 3188; x_wconf 77' lang='grc' dir='ltr'><strong>δήμῳ]</strong></span> 
     </span>
     <span class='ocr_line' id='line_1_37' title="bbox 111 3193 1672 3276; baseline 0.004 -19"><span class='ocrx_word' id='word_1_533' title='bbox 111 3205 179 3269; x_wconf 90' lang='grc'><strong>344,</strong></span> <span class='ocrx_word' id='word_1_534' title='bbox 196 3221 219 3257; x_wconf 87' lang='lat'><strong>1.</strong></span> <span class='ocrx_word' id='word_1_535' title='bbox 235 3204 341 3276; x_wconf 74' lang='grc' dir='ltr'><strong>Εῶῆτε]</strong></span> <span class='ocrx_word' id='word_1_536' title='bbox 361 3203 450 3259; x_wconf 86' lang='grc' dir='ltr'><strong>’ἰστέον</strong></span> <span class='ocrx_word' id='word_1_537' title='bbox 462 3207 500 3259; x_wconf 86' lang='grc' dir='ltr'><strong>δτι</strong></span> <span class='ocrx_word' id='word_1_538' title='bbox 517 3206 546 3258; x_wconf 87' lang='grc' dir='ltr'><strong>τδ</strong></span> <span class='ocrx_word' id='word_1_539' title='bbox 558 3207 666 3276; x_wconf 88' lang='grc' dir='ltr'><strong>πέμπτον</strong></span> <span class='ocrx_word' id='word_1_540' title='bbox 681 3203 705 3256; x_wconf 82' lang='grc' dir='ltr'><strong>ἀν</strong></span> <span class='ocrx_word' id='word_1_541' title='bbox 719 3207 850 3274; x_wconf 82' lang='grc' dir='ltr'><strong>τῇπροκα-</strong></span> <span class='ocrx_word' id='word_1_542' title='bbox 896 3197 963 3249; x_wconf 68' lang='grc' dir='ltr'><strong>Κατὰ</strong></span> <span class='ocrx_word' id='word_1_543' title='bbox 981 3199 1060 3250; x_wconf 58' lang='grc' dir='ltr'><strong>4ῶίοί</strong></span> <span class='ocrx_word' id='word_1_544' title='bbox 1080 3197 1226 3268; x_wconf 58' lang='grc' dir='ltr'><strong>ἔπαθαθθθά·</strong></span> <span class='ocrx_word' id='word_1_545' title='bbox 1243 3197 1279 3250; x_wconf 62' lang='lat' dir='ltr'><strong>Y·</strong></span> <span class='ocrx_word' id='word_1_546' title='bbox 1292 3195 1423 3266; x_wconf 60' lang='grc' dir='ltr'><strong>Θίώθθσθί</strong></span> <span class='ocrx_word' id='word_1_547' title='bbox 1438 3195 1516 3260; x_wconf 54' lang='lat' dir='ltr'><strong>’W&#39;</strong></span> <span class='ocrx_word' id='word_1_548' title='bbox 1531 3193 1597 3264; x_wconf 57' lang='grc' dir='ltr'><strong>αὖθί)</strong></span> <span class='ocrx_word' id='word_1_549' title='bbox 1611 3213 1672 3263; x_wconf 69' lang='grc' dir='ltr'><strong>μαῖ’</strong></span> 
     </span>
     <span class='ocr_line' id='line_1_38' title="bbox 72 3271 1674 3356; baseline -0.007 -23"><span class='ocrx_word' id='word_1_550' title='bbox 72 3288 179 3354; x_wconf 79' lang='grc' dir='ltr'><strong>τασκευῇ</strong></span> <span class='ocrx_word' id='word_1_551' title='bbox 200 3284 330 3354; x_wconf 85' lang='grc' dir='ltr'><strong>κεφάλαιον</strong></span> <span class='ocrx_word' id='word_1_552' title='bbox 351 3286 487 3356; x_wconf 77' lang='grc' dir='ltr'><strong>τεθειμένον</strong></span> <span class='ocrx_word' id='word_1_553' title='bbox 513 3289 608 3354; x_wconf 81' lang='grc' dir='ltr'><strong>πρῶτον</strong></span> <span class='ocrx_word' id='word_1_554' title='bbox 630 3283 791 3352; x_wconf 90' lang='grc' dir='ltr'><strong>διαπεραίνει,</strong></span> <span class='ocrx_word' id='word_1_555' title='bbox 810 3281 852 3343; x_wconf 80' lang='grc' dir='ltr'><strong>τὰς</strong></span> <span class='ocrx_word' id='word_1_556' title='bbox 895 3277 965 3344; x_wconf 74' lang='grc' dir='ltr'><strong>κυρεῖ</strong></span> <span class='ocrx_word' id='word_1_557' title='bbox 979 3273 1023 3340; x_wconf 78' lang='grc' dir='ltr'><strong>τήν</strong></span> <span class='ocrx_word' id='word_1_558' title='bbox 1038 3275 1144 3341; x_wconf 88' lang='grc' dir='ltr'><strong>σπουδήν</strong></span> <span class='ocrx_word' id='word_1_559' title='bbox 1155 3294 1183 3328; x_wconf 91' lang='grc' dir='ltr'><strong>τε</strong></span> <span class='ocrx_word' id='word_1_560' title='bbox 1195 3275 1236 3326; x_wconf 79' lang='grc' dir='ltr'><strong>καὶ</strong></span> <span class='ocrx_word' id='word_1_561' title='bbox 1247 3273 1358 3326; x_wconf 76' lang='grc' dir='ltr'><strong>εὔνοιαν·</strong></span> <span class='ocrx_word' id='word_1_562' title='bbox 1373 3271 1532 3343; x_wconf 86' lang='grc' dir='ltr'><strong>παρηνώχλει</strong></span> <span class='ocrx_word' id='word_1_563' title='bbox 1544 3271 1592 3342; x_wconf 78' lang='grc' dir='ltr'><strong>γάρ</strong></span> <span class='ocrx_word' id='word_1_564' title='bbox 1601 3275 1674 3325; x_wconf 82' lang='grc' dir='ltr'><strong>πᾶσιν</strong></span> 
     </span>
    </p>
   </div>
   <div class='ocr_carea' id='block_1_3' title="bbox 72 3347 1674 3503">
    <p class='ocr_par' dir='ltr' id='par_1_3' title="bbox 72 3347 1674 3503">
     <span class='ocr_line' id='line_1_39' title="bbox 72 3347 1673 3434; baseline -0.006 -24"><span class='ocrx_word' id='word_1_565' title='bbox 72 3367 123 3413; x_wconf 87' lang='grc' dir='ltr'><strong>τῶν</strong></span> <span class='ocrx_word' id='word_1_566' title='bbox 138 3361 310 3432; x_wconf 80' lang='grc' dir='ltr'><strong>ἐπιχειρήσεων</strong></span> <span class='ocrx_word' id='word_1_567' title='bbox 323 3364 453 3433; x_wconf 70' lang='grc' dir='ltr'><strong>προσάγων</strong></span> <span class='ocrx_word' id='word_1_568' title='bbox 463 3364 584 3434; x_wconf 66' lang='grc' dir='ltr'><strong>δυνάμεις,</strong></span> <span class='ocrx_word' id='word_1_569' title='bbox 597 3362 673 3414; x_wconf 77' lang='lat' dir='ltr'><strong>BFY,</strong></span> <span class='ocrx_word' id='word_1_570' title='bbox 896 3353 959 3422; x_wconf 84' lang='grc' dir='ltr'><strong>δρῶν</strong></span> <span class='ocrx_word' id='word_1_571' title='bbox 979 3353 1109 3406; x_wconf 86' lang='grc' dir='ltr'><strong>ἀδικοῦνται</strong></span> <span class='ocrx_word' id='word_1_572' title='bbox 1133 3355 1176 3407; x_wconf 86' lang='grc' dir='ltr'><strong>τδν</strong></span> <span class='ocrx_word' id='word_1_573' title='bbox 1196 3353 1331 3406; x_wconf 88' lang='grc' dir='ltr'><strong>Φίλιππον.</strong></span> <span class='ocrx_word' id='word_1_574' title='bbox 1370 3351 1415 3404; x_wconf 82' lang='grc' dir='ltr'><strong>Διά</strong></span> <span class='ocrx_word' id='word_1_575' title='bbox 1433 3351 1460 3403; x_wconf 86' lang='grc' dir='ltr'><strong>δὲ</strong></span> <span class='ocrx_word' id='word_1_576' title='bbox 1475 3355 1518 3402; x_wconf 88' lang='grc' dir='ltr'><strong>τοῦ</strong></span> <span class='ocrx_word' id='word_1_577' title='bbox 1539 3351 1605 3416; x_wconf 85' lang='grc' dir='ltr'><strong>ήκων</strong></span> <span class='ocrx_word' id='word_1_578' title='bbox 1628 3347 1673 3415; x_wconf 84' lang='grc' dir='ltr'><strong>τὴν</strong></span> 
     </span>
     <span class='ocr_line' id='line_1_40' title="bbox 112 3425 1674 3503; baseline -0.002 -21"><span class='ocrx_word' id='word_1_579' title='bbox 112 3430 172 3494; x_wconf 89' lang='grc'><strong>344,</strong></span> <span class='ocrx_word' id='word_1_580' title='bbox 189 3433 214 3484; x_wconf 91' lang='grc'><strong>3.</strong></span> <span class='ocrx_word' id='word_1_581' title='bbox 234 3431 305 3484; x_wconf 81' lang='grc' dir='ltr'><strong>Ἔστι</strong></span> <span class='ocrx_word' id='word_1_582' title='bbox 321 3433 402 3486; x_wconf 87' lang='grc' dir='ltr'><strong>τοίνυν</strong></span> <span class='ocrx_word' id='word_1_583' title='bbox 423 3429 515 3494; x_wconf 77' lang='grc' dir='ltr'><strong>οὗτοςό</strong></span> <span class='ocrx_word' id='word_1_584' title='bbox 535 3439 628 3503; x_wconf 87' lang='grc' dir='ltr'><strong>πρῶτος</strong></span> <span class='ocrx_word' id='word_1_585' title='bbox 646 3429 793 3500; x_wconf 73' lang='grc' dir='ltr'><strong>Ἀθηναίων]</strong></span> <span class='ocrx_word' id='word_1_586' title='bbox 820 3427 850 3482; x_wconf 86' lang='grc' dir='ltr'><strong>Ἱί</strong></span> <span class='ocrx_word' id='word_1_587' title='bbox 895 3429 977 3491; x_wconf 79' lang='grc' dir='ltr'><strong>ἔξοδον</strong></span> <span class='ocrx_word' id='word_1_588' title='bbox 989 3430 1031 3482; x_wconf 84' lang='grc' dir='ltr'><strong>καί</strong></span> <span class='ocrx_word' id='word_1_589' title='bbox 1050 3430 1079 3482; x_wconf 88' lang='grc' dir='ltr'><strong>τδ</strong></span> <span class='ocrx_word' id='word_1_590' title='bbox 1091 3429 1205 3483; x_wconf 76' lang='grc' dir='ltr'><strong>ἀπελθεῖν</strong></span> <span class='ocrx_word' id='word_1_591' title='bbox 1220 3427 1357 3494; x_wconf 77' lang='grc' dir='ltr'><strong>ἐδήλωσεν,</strong></span> <span class='ocrx_word' id='word_1_592' title='bbox 1372 3427 1393 3480; x_wconf 88' lang='grc' dir='ltr'><strong>εἰ</strong></span> <span class='ocrx_word' id='word_1_593' title='bbox 1407 3428 1447 3480; x_wconf 83' lang='grc' dir='ltr'><strong>καί</strong></span> <span class='ocrx_word' id='word_1_594' title='bbox 1459 3425 1491 3497; x_wconf 88' lang='grc' dir='ltr'><strong>μὴ</strong></span> <span class='ocrx_word' id='word_1_595' title='bbox 1508 3425 1588 3498; x_wconf 89' lang='grc' dir='ltr'><strong>είρηκε</strong></span> <span class='ocrx_word' id='word_1_596' title='bbox 1600 3446 1674 3497; x_wconf 88' lang='grc' dir='ltr'><strong>φανε-</strong></span> 
     </span>
    </p>
   </div>
   <div class='ocr_carea' id='block_1_4' title="bbox 71 3503 1675 4840">
    <p class='ocr_par' dir='ltr' id='par_1_4' title="bbox 71 3503 1675 4840">
     <span class='ocr_line' id='line_1_41' title="bbox 72 3503 1673 3582; baseline -0.004 -20"><span class='ocrx_word' id='word_1_597' title='bbox 72 3511 227 3572; x_wconf 82' lang='grc' dir='ltr'><strong>αατάστασις.</strong></span> <span class='ocrx_word' id='word_1_598' title='bbox 236 3511 308 3564; x_wconf 82' lang='grc' dir='ltr'><strong>Ἐστι</strong></span> <span class='ocrx_word' id='word_1_599' title='bbox 319 3510 458 3582; x_wconf 81' lang='grc' dir='ltr'><strong>δὲδιμερής,</strong></span> <span class='ocrx_word' id='word_1_600' title='bbox 472 3512 513 3564; x_wconf 82' lang='grc' dir='ltr'><strong>καί</strong></span> <span class='ocrx_word' id='word_1_601' title='bbox 524 3511 552 3564; x_wconf 85' lang='grc' dir='ltr'><strong>τδ</strong></span> <span class='ocrx_word' id='word_1_602' title='bbox 565 3510 607 3581; x_wconf 82' lang='grc' dir='ltr'><strong>μέν</strong></span> <span class='ocrx_word' id='word_1_603' title='bbox 620 3513 714 3580; x_wconf 84' lang='grc' dir='ltr'><strong>πρῶτον</strong></span> <span class='ocrx_word' id='word_1_604' title='bbox 729 3511 799 3580; x_wconf 89' lang='grc' dir='ltr'><strong>μέρος</strong></span> <span class='ocrx_word' id='word_1_605' title='bbox 809 3507 850 3560; x_wconf 88' lang='grc' dir='ltr'><strong>αθ·</strong></span> <span class='ocrx_word' id='word_1_606' title='bbox 895 3513 949 3578; x_wconf 85' lang='grc' dir='ltr'><strong>ρῶς.</strong></span> <span class='ocrx_word' id='word_1_607' title='bbox 986 3509 1034 3562; x_wconf 88' lang='grc' dir='ltr'><strong>Τδν</strong></span> <span class='ocrx_word' id='word_1_608' title='bbox 1047 3509 1073 3564; x_wconf 80' lang='grc' dir='ltr'><strong>δέ</strong></span> <span class='ocrx_word' id='word_1_609' title='bbox 1092 3507 1237 3580; x_wconf 78' lang='grc' dir='ltr'><strong>Ἱερώνυμον</strong></span> <span class='ocrx_word' id='word_1_610' title='bbox 1255 3508 1376 3577; x_wconf 85' lang='grc' dir='ltr'><strong>προδότην</strong></span> <span class='ocrx_word' id='word_1_611' title='bbox 1397 3505 1452 3558; x_wconf 86' lang='grc' dir='ltr'><strong>τινά</strong></span> <span class='ocrx_word' id='word_1_612' title='bbox 1467 3505 1534 3576; x_wconf 88' lang='grc' dir='ltr'><strong>λέγει</strong></span> <span class='ocrx_word' id='word_1_613' title='bbox 1556 3503 1673 3574; x_wconf 80' lang='grc' dir='ltr'><strong>Ἀρκάδων</strong></span> 
     </span>
     <span class='ocr_line' id='line_1_42' title="bbox 72 3584 1674 3660; baseline -0.002 -20"><span class='ocrx_word' id='word_1_614' title='bbox 72 3592 119 3653; x_wconf 83' lang='grc' dir='ltr'><strong>τῆς</strong></span> <span class='ocrx_word' id='word_1_615' title='bbox 133 3591 280 3658; x_wconf 83' lang='grc' dir='ltr'><strong>περιεκτικόν</strong></span> <span class='ocrx_word' id='word_1_616' title='bbox 296 3588 346 3642; x_wconf 85' lang='grc' dir='ltr'><strong>έστι</strong></span> <span class='ocrx_word' id='word_1_617' title='bbox 360 3593 402 3656; x_wconf 78' lang='grc' dir='ltr'><strong>τῆς</strong></span> <span class='ocrx_word' id='word_1_618' title='bbox 415 3591 576 3660; x_wconf 87' lang='grc' dir='ltr'><strong>δωροδοκίας,</strong></span> <span class='ocrx_word' id='word_1_619' title='bbox 593 3589 621 3641; x_wconf 88' lang='grc' dir='ltr'><strong>τδ</strong></span> <span class='ocrx_word' id='word_1_620' title='bbox 641 3587 667 3640; x_wconf 75' lang='grc' dir='ltr'><strong>δὲ</strong></span> <span class='ocrx_word' id='word_1_621' title='bbox 687 3588 796 3657; x_wconf 78' lang='grc' dir='ltr'><strong>δεύτερον</strong></span> <span class='ocrx_word' id='word_1_622' title='bbox 812 3606 851 3641; x_wconf 90' lang='grc' dir='ltr'><strong>πε·</strong></span> <span class='ocrx_word' id='word_1_623' title='bbox 895 3588 1078 3658; x_wconf 85' lang='grc' dir='ltr'><strong>έναντιοῦμενον</strong></span> <span class='ocrx_word' id='word_1_624' title='bbox 1100 3588 1166 3658; x_wconf 82' lang='grc' dir='ltr'><strong>αθτῷ</strong></span> <span class='ocrx_word' id='word_1_625' title='bbox 1187 3585 1212 3639; x_wconf 88' lang='grc' dir='ltr'><strong>έν</strong></span> <span class='ocrx_word' id='word_1_626' title='bbox 1240 3585 1349 3656; x_wconf 80' lang='grc' dir='ltr'><strong>Ἀρκαδίρ</strong></span> <span class='ocrx_word' id='word_1_627' title='bbox 1369 3585 1422 3654; x_wconf 84' lang='grc' dir='ltr'><strong>περί</strong></span> <span class='ocrx_word' id='word_1_628' title='bbox 1442 3588 1485 3636; x_wconf 90' lang='grc' dir='ltr'><strong>τοῦ</strong></span> <span class='ocrx_word' id='word_1_629' title='bbox 1505 3584 1613 3653; x_wconf 87' lang='grc' dir='ltr'><strong>πολέμου</strong></span> <span class='ocrx_word' id='word_1_630' title='bbox 1631 3590 1674 3636; x_wconf 88' lang='grc' dir='ltr'><strong>τοῦ</strong></span> 
     </span>
     <span class='ocr_line' id='line_1_43' title="bbox 73 3663 1655 3738; baseline 0 -22"><span class='ocrx_word' id='word_1_631' title='bbox 73 3666 194 3736; x_wconf 85' lang='grc' dir='ltr'><strong>ριεκτικδν</strong></span> <span class='ocrx_word' id='word_1_632' title='bbox 208 3671 251 3720; x_wconf 90' lang='grc' dir='ltr'><strong>τοῦ</strong></span> <span class='ocrx_word' id='word_1_633' title='bbox 264 3667 326 3720; x_wconf 86' lang='grc' dir='ltr'><strong>κατά</strong></span> <span class='ocrx_word' id='word_1_634' title='bbox 340 3668 440 3729; x_wconf 80' lang='grc' dir='ltr'><strong>Φωκέας</strong></span> <span class='ocrx_word' id='word_1_635' title='bbox 454 3666 617 3738; x_wconf 84' lang='grc' dir='ltr'><strong>έγκλήματος.</strong></span> <span class='ocrx_word' id='word_1_636' title='bbox 631 3667 748 3720; x_wconf 79' lang='lat' dir='ltr'><strong>BFRSY.</strong></span> <span class='ocrx_word' id='word_1_637' title='bbox 894 3667 951 3736; x_wconf 87' lang='grc' dir='ltr'><strong>πρδς</strong></span> <span class='ocrx_word' id='word_1_638' title='bbox 965 3667 1098 3730; x_wconf 87' lang='grc' dir='ltr'><strong>Φίλιππον,</strong></span> <span class='ocrx_word' id='word_1_639' title='bbox 1120 3664 1229 3736; x_wconf 81' lang='grc' dir='ltr'><strong>μαθητὴν</strong></span> <span class='ocrx_word' id='word_1_640' title='bbox 1244 3665 1377 3735; x_wconf 86' lang='grc' dir='ltr'><strong>γενόμενον</strong></span> <span class='ocrx_word' id='word_1_641' title='bbox 1395 3663 1555 3732; x_wconf 86' lang='grc' dir='ltr'><strong>Ἰσοκράτους.</strong></span> <span class='ocrx_word' id='word_1_642' title='bbox 1573 3664 1655 3716; x_wconf 88' lang='lat' dir='ltr'>TCV.</span> 
     </span>
     <span class='ocr_line' id='line_1_44' title="bbox 111 3743 1477 3817; baseline -0.001 -21"><span class='ocrx_word' id='word_1_643' title='bbox 111 3743 182 3796; x_wconf 81' lang='grc' dir='ltr'><strong>Ἔστι</strong></span> <span class='ocrx_word' id='word_1_644' title='bbox 202 3744 469 3817; x_wconf 78' lang='grc' dir='ltr'><strong>τοίνυν-Ἀθηναίων]</strong></span> <span class='ocrx_word' id='word_1_645' title='bbox 492 3746 556 3812; x_wconf 83' lang='grc' dir='ltr'><strong>Αθτη</strong></span> <span class='ocrx_word' id='word_1_646' title='bbox 573 3744 637 3798; x_wconf 76' lang='grc' dir='ltr'><strong>ἐστίν</strong></span> <span class='ocrx_word' id='word_1_647' title='bbox 656 3743 672 3810; x_wconf 76' lang='grc' dir='ltr'><strong>ἡ</strong></span> <span class='ocrx_word' id='word_1_648' title='bbox 693 3744 848 3804; x_wconf 88' lang='grc' dir='ltr'><strong>κατάστασις.</strong></span> <span class='ocrx_word' id='word_1_649' title='bbox 929 3749 991 3810; x_wconf 86' lang='grc'><strong>344,</strong></span> <span class='ocrx_word' id='word_1_650' title='bbox 1007 3763 1048 3799; x_wconf 88' lang='grc' dir='ltr'><strong>ιο.</strong></span> <span class='ocrx_word' id='word_1_651' title='bbox 1063 3745 1227 3814; x_wconf 79' lang='grc' dir='ltr'><strong>Συνάξοντας]</strong></span> <span class='ocrx_word' id='word_1_652' title='bbox 1240 3745 1431 3813; x_wconf 86' lang='grc' dir='ltr'><strong>συναγαγόντας,</strong></span> <span class='ocrx_word' id='word_1_653' title='bbox 1448 3745 1477 3794; x_wconf 89' lang='grc' dir='ltr'><strong>Ρ.</strong></span> 
     </span>
     <span class='ocr_line' id='line_1_45' title="bbox 72 3817 1675 3894; baseline -0.003 -20"><span class='ocrx_word' id='word_1_654' title='bbox 72 3822 196 3892; x_wconf 85' lang='grc' dir='ltr'><strong>Διῴκηται</strong></span> <span class='ocrx_word' id='word_1_655' title='bbox 210 3823 237 3876; x_wconf 77' lang='grc' dir='ltr'><strong>δέ</strong></span> <span class='ocrx_word' id='word_1_656' title='bbox 253 3827 397 3894; x_wconf 84' lang='grc' dir='ltr'><strong>σοφώτατα,</strong></span> <span class='ocrx_word' id='word_1_657' title='bbox 412 3825 455 3877; x_wconf 79' lang='grc' dir='ltr'><strong>ἵνα</strong></span> <span class='ocrx_word' id='word_1_658' title='bbox 471 3825 502 3876; x_wconf 88' lang='grc' dir='ltr'><strong>δι’</strong></span> <span class='ocrx_word' id='word_1_659' title='bbox 516 3823 551 3876; x_wconf 80' lang='grc' dir='ltr'><strong>ὧν</strong></span> <span class='ocrx_word' id='word_1_660' title='bbox 566 3824 599 3885; x_wconf 84' lang='grc' dir='ltr'><strong>ῶς</strong></span> <span class='ocrx_word' id='word_1_661' title='bbox 615 3823 733 3893; x_wconf 90' lang='grc' dir='ltr'><strong>φρόνιμον</strong></span> <span class='ocrx_word' id='word_1_662' title='bbox 746 3821 787 3875; x_wconf 81' lang='grc' dir='ltr'><strong>καί</strong></span> <span class='ocrx_word' id='word_1_663' title='bbox 805 3821 850 3890; x_wconf 73' lang='grc' dir='ltr'><strong>πρὸ</strong></span> <span class='ocrx_word' id='word_1_664' title='bbox 930 3827 996 3890; x_wconf 88' lang='grc'><strong>344,</strong></span> <span class='ocrx_word' id='word_1_665' title='bbox 1013 3842 1054 3878; x_wconf 80' lang='grc' dir='ltr'><strong>τα.</strong></span> <span class='ocrx_word' id='word_1_666' title='bbox 1073 3823 1115 3885; x_wconf 78' lang='grc' dir='ltr'><strong>Ἐξ</strong></span> <span class='ocrx_word' id='word_1_667' title='bbox 1138 3822 1275 3893; x_wconf 75' lang='grc' dir='ltr'><strong>Ἀρκαδίας]</strong></span> <span class='ocrx_word' id='word_1_668' title='bbox 1289 3817 1366 3882; x_wconf 80' lang='grc' dir='ltr'><strong>Οὗτος</strong></span> <span class='ocrx_word' id='word_1_669' title='bbox 1387 3819 1417 3887; x_wconf 76' lang='grc' dir='ltr'><strong>ἦν</strong></span> <span class='ocrx_word' id='word_1_670' title='bbox 1438 3819 1463 3872; x_wconf 87' lang='grc' dir='ltr'><strong>έν</strong></span> <span class='ocrx_word' id='word_1_671' title='bbox 1480 3817 1603 3888; x_wconf 80' lang='grc' dir='ltr'><strong>Ἀρκαδίᾳ,</strong></span> <span class='ocrx_word' id='word_1_672' title='bbox 1623 3817 1675 3884; x_wconf 87' lang='grc' dir='ltr'><strong>ήτις</strong></span> 
     </span>
     <span class='ocr_line' id='line_1_46' title="bbox 72 3895 1674 3972; baseline 0 -22"><span class='ocrx_word' id='word_1_673' title='bbox 72 3903 124 3950; x_wconf 78' lang='grc' dir='ltr'><strong>τῶν</strong></span> <span class='ocrx_word' id='word_1_674' title='bbox 138 3899 222 3952; x_wconf 88' lang='grc' dir='ltr'><strong>ἀλλων</strong></span> <span class='ocrx_word' id='word_1_675' title='bbox 238 3900 383 3972; x_wconf 86' lang='grc' dir='ltr'><strong>αἰσθόμενον</strong></span> <span class='ocrx_word' id='word_1_676' title='bbox 403 3901 511 3970; x_wconf 87' lang='grc' dir='ltr'><strong>εἰσάγει,</strong></span> <span class='ocrx_word' id='word_1_677' title='bbox 526 3901 567 3953; x_wconf 89' lang='grc' dir='ltr'><strong>διά</strong></span> <span class='ocrx_word' id='word_1_678' title='bbox 587 3905 659 3954; x_wconf 88' lang='grc' dir='ltr'><strong>τοῦτο</strong></span> <span class='ocrx_word' id='word_1_679' title='bbox 676 3899 796 3972; x_wconf 59' lang='grc' dir='ltr'><strong>ἀνέλητδ</strong></span> <span class='ocrx_word' id='word_1_680' title='bbox 813 3900 850 3951; x_wconf 87' lang='grc' dir='ltr'><strong>ότι</strong></span> <span class='ocrx_word' id='word_1_681' title='bbox 894 3903 958 3956; x_wconf 82' lang='grc' dir='ltr'><strong>οθτω</strong></span> <span class='ocrx_word' id='word_1_682' title='bbox 969 3902 1076 3972; x_wconf 91' lang='grc' dir='ltr'><strong>Μεγάλη</strong></span> <span class='ocrx_word' id='word_1_683' title='bbox 1089 3901 1159 3963; x_wconf 89' lang='grc' dir='ltr'><strong>πόλις</strong></span> <span class='ocrx_word' id='word_1_684' title='bbox 1178 3899 1305 3966; x_wconf 83' lang='grc' dir='ltr'><strong>έκαλεῖτο,</strong></span> <span class='ocrx_word' id='word_1_685' title='bbox 1319 3901 1374 3952; x_wconf 84' lang='grc' dir='ltr'><strong>δθεν</strong></span> <span class='ocrx_word' id='word_1_686' title='bbox 1392 3899 1449 3969; x_wconf 83' lang='grc' dir='ltr'><strong>θπέρ</strong></span> <span class='ocrx_word' id='word_1_687' title='bbox 1463 3895 1674 3966; x_wconf 84' lang='grc' dir='ltr'><strong>Μεγαλοπολιτῶν</strong></span> 
     </span>
     <span class='ocr_line' id='line_1_47' title="bbox 73 3975 1602 4054; baseline -0.007 -26"><span class='ocrx_word' id='word_1_688' title='bbox 73 3975 119 4028; x_wconf 79' lang='grc' dir='ltr'><strong>οἰκ</strong></span> <span class='ocrx_word' id='word_1_689' title='bbox 138 3975 269 4044; x_wconf 82' lang='grc' dir='ltr'><strong>ήπάιηται.</strong></span> <span class='ocrx_word' id='word_1_690' title='bbox 305 3977 408 4050; x_wconf 84' lang='grc' dir='ltr'><strong>Διμερὴς</strong></span> <span class='ocrx_word' id='word_1_691' title='bbox 430 3979 452 4030; x_wconf 87' lang='grc' dir='ltr'><strong>δ’</strong></span> <span class='ocrx_word' id='word_1_692' title='bbox 468 3979 532 4032; x_wconf 81' lang='grc' dir='ltr'><strong>ἐστίν</strong></span> <span class='ocrx_word' id='word_1_693' title='bbox 556 3977 571 4044; x_wconf 79' lang='grc' dir='ltr'>ἡ</span> <span class='ocrx_word' id='word_1_694' title='bbox 596 3979 753 4040; x_wconf 90' lang='grc' dir='ltr'><strong>κατάστασις,</strong></span> <span class='ocrx_word' id='word_1_695' title='bbox 770 3978 850 4046; x_wconf 85' lang='grc' dir='ltr'><strong>ῶσπερ</strong></span> <span class='ocrx_word' id='word_1_696' title='bbox 893 3981 1047 4054; x_wconf 78' lang='grc' dir='ltr'><strong>Δημοσθένης</strong></span> <span class='ocrx_word' id='word_1_697' title='bbox 1058 3982 1153 4051; x_wconf 87' lang='grc' dir='ltr'><strong>γράφει.</strong></span> <span class='ocrx_word' id='word_1_698' title='bbox 1167 3981 1242 4032; x_wconf 66' lang='lat' dir='ltr'>lass.</span> <span class='ocrx_word' id='word_1_699' title='bbox 1598 4009 1602 4018; x_wconf 94' lang='lat'>.</span> 
     </span>
     <span class='ocr_line' id='line_1_48' title="bbox 73 4051 1671 4130; baseline -0.008 -11"><span class='ocrx_word' id='word_1_700' title='bbox 73 4053 117 4105; x_wconf 56' lang='grc' dir='ltr'><strong>καί</strong></span> <span class='ocrx_word' id='word_1_701' title='bbox 137 4053 152 4119; x_wconf 78' lang='grc' dir='ltr'><strong>θ</strong></span> <span class='ocrx_word' id='word_1_702' title='bbox 173 4055 293 4118; x_wconf 48' lang='lat' dir='ltr'><strong>mom·</strong></span> <span class='ocrx_word' id='word_1_703' title='bbox 331 4057 378 4108; x_wconf 68' lang='grc' dir='ltr'><strong>Καὶ</strong></span> <span class='ocrx_word' id='word_1_704' title='bbox 390 4057 418 4110; x_wconf 68' lang='grc' dir='ltr'><strong>τί)</strong></span> <span class='ocrx_word' id='word_1_705' title='bbox 432 4057 475 4127; x_wconf 65' lang='grc' dir='ltr'><strong>μέν</strong></span> <span class='ocrx_word' id='word_1_706' title='bbox 493 4063 589 4126; x_wconf 61' lang='grc' dir='ltr'><strong>πρῶτον</strong></span> <span class='ocrx_word' id='word_1_707' title='bbox 605 4057 674 4126; x_wconf 63' lang='grc' dir='ltr'><strong>μέρος</strong></span> <span class='ocrx_word' id='word_1_708' title='bbox 691 4053 764 4120; x_wconf 65' lang='grc' dir='ltr'><strong>αὗῐῆέ</strong></span> <span class='ocrx_word' id='word_1_709' title='bbox 776 4073 852 4124; x_wconf 66' lang='grc' dir='ltr'><strong>πῑρῑε·</strong></span> <span class='ocrx_word' id='word_1_710' title='bbox 931 4059 1037 4130; x_wconf 80' lang='grc' dir='ltr'><strong>Καλοίις]</strong></span> <span class='ocrx_word' id='word_1_711' title='bbox 1050 4059 1085 4111; x_wconf 78' lang='grc'><strong>03</strong></span> <span class='ocrx_word' id='word_1_712' title='bbox 1096 4061 1175 4110; x_wconf 88' lang='grc' dir='ltr'><strong>κεῖται</strong></span> <span class='ocrx_word' id='word_1_713' title='bbox 1186 4055 1218 4116; x_wconf 84' lang='grc' dir='ltr'><strong>ῶς</strong></span> <span class='ocrx_word' id='word_1_714' title='bbox 1229 4054 1253 4108; x_wconf 83' lang='grc' dir='ltr'><strong>έν</strong></span> <span class='ocrx_word' id='word_1_715' title='bbox 1267 4053 1392 4124; x_wconf 82' lang='grc' dir='ltr'><strong>εἰρωνείᾳ,</strong></span> <span class='ocrx_word' id='word_1_716' title='bbox 1406 4051 1471 4104; x_wconf 86' lang='grc' dir='ltr'><strong>ἀλλά</strong></span> <span class='ocrx_word' id='word_1_717' title='bbox 1482 4053 1534 4105; x_wconf 89' lang='grc' dir='ltr'><strong>κατ’</strong></span> <span class='ocrx_word' id='word_1_718' title='bbox 1545 4051 1671 4119; x_wconf 86' lang='grc' dir='ltr'><strong>ἀλήθειαν.</strong></span> 
     </span>
     <span class='ocr_line' id='line_1_49' title="bbox 72 4129 1670 4208; baseline 0.001 -24"><span class='ocrx_word' id='word_1_719' title='bbox 72 4132 159 4184; x_wconf 86' lang='grc' dir='ltr'><strong>κτικδν</strong></span> <span class='ocrx_word' id='word_1_720' title='bbox 173 4139 215 4200; x_wconf 87' lang='grc' dir='ltr'><strong>τῆς</strong></span> <span class='ocrx_word' id='word_1_721' title='bbox 228 4136 374 4205; x_wconf 87' lang='grc' dir='ltr'><strong>δωροδοκίας</strong></span> <span class='ocrx_word' id='word_1_722' title='bbox 383 4135 448 4201; x_wconf 83' lang='grc' dir='ltr'><strong>έστί,</strong></span> <span class='ocrx_word' id='word_1_723' title='bbox 465 4135 507 4187; x_wconf 79' lang='grc' dir='ltr'><strong>καί</strong></span> <span class='ocrx_word' id='word_1_724' title='bbox 518 4135 638 4204; x_wconf 85' lang='grc' dir='ltr'><strong>λαμόάνει</strong></span> <span class='ocrx_word' id='word_1_725' title='bbox 654 4135 724 4205; x_wconf 85' lang='grc' dir='ltr'><strong>πέρας</strong></span> <span class='ocrx_word' id='word_1_726' title='bbox 737 4136 808 4186; x_wconf 90' lang='grc' dir='ltr'><strong>τοῦτο</strong></span> <span class='ocrx_word' id='word_1_727' title='bbox 822 4132 850 4186; x_wconf 87' lang='grc' dir='ltr'><strong>τδ</strong></span> <span class='ocrx_word' id='word_1_728' title='bbox 894 4135 1011 4208; x_wconf 84' lang='grc' dir='ltr'><strong>Ὕστερον</strong></span> <span class='ocrx_word' id='word_1_729' title='bbox 1025 4137 1073 4207; x_wconf 79' lang='grc' dir='ltr'><strong>γάρ</strong></span> <span class='ocrx_word' id='word_1_730' title='bbox 1090 4135 1174 4206; x_wconf 78' lang='grc' dir='ltr'><strong>μέλλει</strong></span> <span class='ocrx_word' id='word_1_731' title='bbox 1183 4132 1301 4204; x_wconf 85' lang='grc' dir='ltr'><strong>έπιφέφειν</strong></span> <span class='ocrx_word' id='word_1_732' title='bbox 1311 4131 1340 4184; x_wconf 87' lang='grc' dir='ltr'><strong>τδ</strong></span> <span class='ocrx_word' id='word_1_733' title='bbox 1354 4131 1406 4183; x_wconf 87' lang='grc' dir='ltr'><strong>κατ’</strong></span> <span class='ocrx_word' id='word_1_734' title='bbox 1421 4129 1555 4201; x_wconf 86' lang='grc' dir='ltr'><strong>εἰρωνείαν.</strong></span> <span class='ocrx_word' id='word_1_735' title='bbox 1570 4133 1670 4186; x_wconf 81' lang='grc' dir='ltr'><strong>ΑίίΤΡ.</strong></span> 
     </span>
     <span class='ocr_line' id='line_1_50' title="bbox 73 4208 1670 4291; baseline -0.006 -20"><span class='ocrx_word' id='word_1_736' title='bbox 73 4219 146 4288; x_wconf 87' lang='grc' dir='ltr'><strong>μέρος</strong></span> <span class='ocrx_word' id='word_1_737' title='bbox 157 4218 259 4272; x_wconf 78' lang='grc' dir='ltr'><strong>ἐνταῦθα</strong></span> <span class='ocrx_word' id='word_1_738' title='bbox 275 4223 316 4291; x_wconf 88' lang='lat' dir='ltr'><strong>(p.</strong></span> <span class='ocrx_word' id='word_1_739' title='bbox 340 4222 401 4284; x_wconf 84' lang='grc'><strong>346,</strong></span> <span class='ocrx_word' id='word_1_740' title='bbox 418 4223 449 4288; x_wconf 86' lang='grc' dir='ltr'><strong>ι)</strong></span> <span class='ocrx_word' id='word_1_741' title='bbox 476 4242 486 4270; x_wconf 85' lang='grc' dir='ltr'><strong>ι</strong></span> <span class='ocrx_word' id='word_1_742' title='bbox 503 4221 544 4272; x_wconf 84' lang='grc' dir='ltr'><strong>καί</strong></span> <span class='ocrx_word' id='word_1_743' title='bbox 557 4220 625 4273; x_wconf 90' lang='grc' dir='ltr'><strong>ταῦθ’</strong></span> <span class='ocrx_word' id='word_1_744' title='bbox 639 4219 662 4271; x_wconf 85' lang='grc' dir='ltr'><strong>.ό</strong></span> <span class='ocrx_word' id='word_1_745' title='bbox 673 4218 851 4289; x_wconf 84' lang='grc' dir='ltr'><strong>σχετλιώτατος</strong></span> <span class='ocrx_word' id='word_1_746' title='bbox 929 4215 996 4278; x_wconf 86' lang='grc'><strong>344,</strong></span> <span class='ocrx_word' id='word_1_747' title='bbox 1012 4215 1053 4266; x_wconf 83' lang='lat'><strong>13.</strong></span> <span class='ocrx_word' id='word_1_748' title='bbox 1072 4209 1235 4282; x_wconf 83' lang='grc' dir='ltr'><strong>Ἱερώνυμον]</strong></span> <span class='ocrx_word' id='word_1_749' title='bbox 1249 4211 1369 4281; x_wconf 86' lang='grc' dir='ltr'><strong>προδότην</strong></span> <span class='ocrx_word' id='word_1_750' title='bbox 1389 4209 1444 4262; x_wconf 85' lang='grc' dir='ltr'><strong>τινά</strong></span> <span class='ocrx_word' id='word_1_751' title='bbox 1458 4209 1525 4279; x_wconf 89' lang='grc' dir='ltr'><strong>λε’γει</strong></span> <span class='ocrx_word' id='word_1_752' title='bbox 1542 4208 1670 4278; x_wconf 83' lang='grc' dir='ltr'><strong>Ἆρκάδων,</strong></span> 
     </span>
     <span class='ocr_line' id='line_1_51' title="bbox 75 4287 1673 4369; baseline -0.001 -25"><span class='ocrx_word' id='word_1_753' title='bbox 75 4319 89 4344; x_wconf 77' lang='grc' dir='ltr'><strong>ι</strong></span> <span class='ocrx_word' id='word_1_754' title='bbox 105 4297 147 4348; x_wconf 82' lang='grc' dir='ltr'><strong>καί</strong></span> <span class='ocrx_word' id='word_1_755' title='bbox 169 4296 268 4362; x_wconf 83' lang='grc' dir='ltr'><strong>ἀναιδής</strong></span> <span class='ocrx_word' id='word_1_756' title='bbox 291 4297 361 4360; x_wconf 81' lang='grc' dir='ltr'><strong>οῦτος</strong></span> <span class='ocrx_word' id='word_1_757' title='bbox 384 4299 479 4368; x_wconf 72' lang='grc' dir='ltr'><strong>ἐτόλμα</strong></span> <span class='ocrx_word' id='word_1_758' title='bbox 500 4299 591 4369; x_wconf 91' lang='grc' dir='ltr'><strong>λέγειν,</strong></span> <span class='ocrx_word' id='word_1_759' title='bbox 615 4296 780 4368; x_wconf 83' lang='grc' dir='ltr'><strong>ἀφεστηκότων</strong></span> <span class='ocrx_word' id='word_1_760' title='bbox 801 4302 849 4350; x_wconf 89' lang='grc' dir='ltr'><strong>τῶν</strong></span> <span class='ocrx_word' id='word_1_761' title='bbox 894 4294 1078 4363; x_wconf 87' lang='grc' dir='ltr'><strong>έναντιοόμενον</strong></span> <span class='ocrx_word' id='word_1_762' title='bbox 1097 4291 1162 4362; x_wconf 82' lang='grc' dir='ltr'><strong>αθτῷ</strong></span> <span class='ocrx_word' id='word_1_763' title='bbox 1182 4291 1207 4344; x_wconf 86' lang='grc' dir='ltr'><strong>έν</strong></span> <span class='ocrx_word' id='word_1_764' title='bbox 1236 4289 1344 4360; x_wconf 79' lang='grc' dir='ltr'><strong>Ἀρκαδίφ</strong></span> <span class='ocrx_word' id='word_1_765' title='bbox 1370 4287 1424 4359; x_wconf 75' lang='grc' dir='ltr'><strong>περὶ</strong></span> <span class='ocrx_word' id='word_1_766' title='bbox 1442 4294 1485 4341; x_wconf 87' lang='grc' dir='ltr'><strong>τοῦ</strong></span> <span class='ocrx_word' id='word_1_767' title='bbox 1499 4287 1607 4360; x_wconf 82' lang='grc' dir='ltr'><strong>πολέμου</strong></span> <span class='ocrx_word' id='word_1_768' title='bbox 1629 4294 1673 4343; x_wconf 92' lang='grc' dir='ltr'><strong>τοῦ</strong></span> 
     </span>
     <span class='ocr_line' id='line_1_52' title="bbox 75 4366 1626 4448; baseline -0.004 -22"><span class='ocrx_word' id='word_1_769' title='bbox 75 4395 88 4421; x_wconf 83' lang='grc' dir='ltr'><strong>ι</strong></span> <span class='ocrx_word' id='word_1_770' title='bbox 105 4374 228 4444; x_wconf 82' lang='grc' dir='ltr'><strong>πέρσόεων</strong></span> <span class='ocrx_word' id='word_1_771' title='bbox 241 4377 282 4430; x_wconf 87' lang='grc' dir='ltr'><strong>καί</strong></span> <span class='ocrx_word' id='word_1_772' title='bbox 296 4375 445 4443; x_wconf 82' lang='grc' dir='ltr'><strong>ἀκουόντων,</strong></span> <span class='ocrx_word' id='word_1_773' title='bbox 461 4377 502 4438; x_wconf 88' lang='grc' dir='ltr'><strong>οθς</strong></span> <span class='ocrx_word' id='word_1_774' title='bbox 512 4376 561 4432; x_wconf 89' lang='grc' dir='ltr'><strong>ἀπδ</strong></span> <span class='ocrx_word' id='word_1_775' title='bbox 575 4382 622 4430; x_wconf 87' lang='grc' dir='ltr'><strong>τῶν</strong></span> <span class='ocrx_word' id='word_1_776' title='bbox 641 4374 769 4441; x_wconf 82' lang='grc' dir='ltr'><strong>Ἑλλήνων</strong></span> <span class='ocrx_word' id='word_1_777' title='bbox 782 4375 850 4448; x_wconf 85' lang='grc' dir='ltr'><strong>θμεῖς</strong></span> <span class='ocrx_word' id='word_1_778' title='bbox 894 4375 952 4444; x_wconf 86' lang='grc' dir='ltr'><strong>πρδς</strong></span> <span class='ocrx_word' id='word_1_779' title='bbox 962 4373 1098 4436; x_wconf 87' lang='grc' dir='ltr'><strong>Φίλιππον,</strong></span> <span class='ocrx_word' id='word_1_780' title='bbox 1115 4367 1225 4442; x_wconf 79' lang='grc' dir='ltr'><strong>μαθητήν</strong></span> <span class='ocrx_word' id='word_1_781' title='bbox 1237 4371 1369 4439; x_wconf 89' lang='grc' dir='ltr'><strong>γενόμενον</strong></span> <span class='ocrx_word' id='word_1_782' title='bbox 1389 4366 1551 4438; x_wconf 83' lang='grc' dir='ltr'><strong>Ἰσοκράτους.</strong></span> <span class='ocrx_word' id='word_1_783' title='bbox 1573 4370 1626 4420; x_wconf 75' lang='lat' dir='ltr'><strong>An.</strong></span> 
     </span>
     <span class='ocr_line' id='line_1_53' title="bbox 76 4443 1673 4525; baseline -0.006 -19"><span class='ocrx_word' id='word_1_784' title='bbox 76 4474 89 4500; x_wconf 81' lang='grc' dir='ltr'>ι</span> <span class='ocrx_word' id='word_1_785' title='bbox 108 4455 297 4524; x_wconf 80' lang='grc' dir='ltr'><strong>μετεπέμψασθε,</strong></span> <span class='ocrx_word' id='word_1_786' title='bbox 310 4453 357 4508; x_wconf 85' lang='grc' dir='ltr'><strong>θπδ</strong></span> <span class='ocrx_word' id='word_1_787' title='bbox 373 4456 459 4510; x_wconf 83' lang='grc' dir='ltr'><strong>τοῦτου</strong></span> <span class='ocrx_word' id='word_1_788' title='bbox 470 4457 614 4519; x_wconf 88' lang='grc' dir='ltr'><strong>πεισθέντες,</strong></span> <span class='ocrx_word' id='word_1_789' title='bbox 629 4455 665 4508; x_wconf 83' lang='grc' dir='ltr'><strong>ὅτ’</strong></span> <span class='ocrx_word' id='word_1_790' title='bbox 680 4453 746 4508; x_wconf 73' lang='grc' dir='ltr'><strong>οὔπω</strong></span> <span class='ocrx_word' id='word_1_791' title='bbox 760 4474 850 4525; x_wconf 89' lang='grc' dir='ltr'><strong>πεπρα-</strong></span> <span class='ocrx_word' id='word_1_792' title='bbox 930 4455 997 4518; x_wconf 84' lang='grc'><strong>344,</strong></span> <span class='ocrx_word' id='word_1_793' title='bbox 1024 4455 1065 4504; x_wconf 83' lang='grc' dir='ltr'><strong>ιδ.</strong></span> <span class='ocrx_word' id='word_1_794' title='bbox 1089 4449 1153 4518; x_wconf 81' lang='grc' dir='ltr'><strong>Οθχθ</strong></span> <span class='ocrx_word' id='word_1_795' title='bbox 1171 4447 1213 4509; x_wconf 83' lang='grc' dir='ltr'><strong>τάς</strong></span> <span class='ocrx_word' id='word_1_796' title='bbox 1234 4447 1293 4509; x_wconf 90' lang='grc' dir='ltr'><strong>ἰδίας</strong></span> <span class='ocrx_word' id='word_1_797' title='bbox 1309 4445 1449 4514; x_wconf 85' lang='grc' dir='ltr'><strong>ἀδικοῦσιν]</strong></span> <span class='ocrx_word' id='word_1_798' title='bbox 1473 4443 1549 4498; x_wconf 86' lang='grc' dir='ltr'><strong>Αθτδν</strong></span> <span class='ocrx_word' id='word_1_799' title='bbox 1564 4447 1633 4498; x_wconf 90' lang='grc' dir='ltr'><strong>ποιεῖ</strong></span> <span class='ocrx_word' id='word_1_800' title='bbox 1643 4445 1673 4498; x_wconf 86' lang='grc' dir='ltr'><strong>τδ</strong></span> 
     </span>
     <span class='ocr_line' id='line_1_54' title="bbox 77 4525 1670 4622; baseline -0.003 -39"><span class='ocrx_word' id='word_1_801' title='bbox 77 4529 289 4600; x_wconf 80' lang='grc' dir='ltr'><strong>ικὼςαθτδνήν.</strong></span> <span class='ocrx_word' id='word_1_802' title='bbox 308 4557 319 4584; x_wconf 82' lang='grc' dir='ltr'><strong>ι</strong></span> <span class='ocrx_word' id='word_1_803' title='bbox 335 4535 370 4587; x_wconf 83' lang='grc' dir='ltr'><strong>Τό</strong></span> <span class='ocrx_word' id='word_1_804' title='bbox 387 4535 413 4588; x_wconf 77' lang='grc' dir='ltr'><strong>δέ</strong></span> <span class='ocrx_word' id='word_1_805' title='bbox 427 4535 538 4605; x_wconf 79' lang='grc' dir='ltr'><strong>δεύτερον</strong></span> <span class='ocrx_word' id='word_1_806' title='bbox 553 4536 623 4605; x_wconf 86' lang='grc' dir='ltr'><strong>μέρος</strong></span> <span class='ocrx_word' id='word_1_807' title='bbox 637 4533 849 4604; x_wconf 85' lang='grc' dir='ltr'><strong>έστίπεριεκτικδν</strong></span> <span class='ocrx_word' id='word_1_808' title='bbox 869 4573 873 4622; x_wconf 73' lang='grc' dir='ltr'>Ι</span> <span class='ocrx_word' id='word_1_809' title='bbox 895 4534 996 4603; x_wconf 87' lang='grc' dir='ltr'><strong>μέγεθος</strong></span> <span class='ocrx_word' id='word_1_810' title='bbox 1021 4535 1064 4586; x_wconf 90' lang='grc' dir='ltr'><strong>τοῦ</strong></span> <span class='ocrx_word' id='word_1_811' title='bbox 1084 4531 1160 4582; x_wconf 90' lang='grc' dir='ltr'><strong>κακοῦ</strong></span> <span class='ocrx_word' id='word_1_812' title='bbox 1178 4531 1221 4581; x_wconf 88' lang='grc' dir='ltr'><strong>τοῦ</strong></span> <span class='ocrx_word' id='word_1_813' title='bbox 1243 4525 1305 4579; x_wconf 82' lang='grc' dir='ltr'><strong>κατά</strong></span> <span class='ocrx_word' id='word_1_814' title='bbox 1329 4525 1372 4592; x_wconf 83' lang='grc' dir='ltr'><strong>τὴν</strong></span> <span class='ocrx_word' id='word_1_815' title='bbox 1392 4525 1523 4596; x_wconf 88' lang='grc' dir='ltr'><strong>προδοσίαν</strong></span> <span class='ocrx_word' id='word_1_816' title='bbox 1548 4525 1670 4596; x_wconf 79' lang='grc' dir='ltr'><strong>όρίζοντα.</strong></span> 
     </span>
     <span class='ocr_line' id='line_1_55' title="bbox 71 4607 973 4683; baseline 0.001 -21"><span class='ocrx_word' id='word_1_817' title='bbox 71 4612 118 4662; x_wconf 84' lang='grc' dir='ltr'><strong>τοῦ</strong></span> <span class='ocrx_word' id='word_1_818' title='bbox 139 4610 201 4663; x_wconf 85' lang='grc' dir='ltr'><strong>κατά</strong></span> <span class='ocrx_word' id='word_1_819' title='bbox 212 4612 312 4673; x_wconf 84' lang='grc' dir='ltr'><strong>Φωκέας</strong></span> <span class='ocrx_word' id='word_1_820' title='bbox 328 4613 491 4683; x_wconf 88' lang='grc' dir='ltr'><strong>ἰγκλήρατος,</strong></span> <span class='ocrx_word' id='word_1_821' title='bbox 506 4607 536 4665; x_wconf 78' lang='grc' dir='ltr'><strong>οῦ</strong></span> <span class='ocrx_word' id='word_1_822' title='bbox 551 4611 567 4678; x_wconf 78' lang='grc' dir='ltr'><strong>ίη</strong></span> <span class='ocrx_word' id='word_1_823' title='bbox 580 4611 660 4682; x_wconf 88' lang='grc' dir='ltr'><strong>ἀρχή·</strong></span> <span class='ocrx_word' id='word_1_824' title='bbox 677 4633 688 4661; x_wconf 87' lang='grc' dir='ltr'><strong>ι</strong></span> <span class='ocrx_word' id='word_1_825' title='bbox 708 4613 736 4664; x_wconf 87' lang='grc' dir='ltr'><strong>δν</strong></span> <span class='ocrx_word' id='word_1_826' title='bbox 752 4611 794 4682; x_wconf 81' lang='grc' dir='ltr'><strong>μίν</strong></span> <span class='ocrx_word' id='word_1_827' title='bbox 806 4607 849 4663; x_wconf 76' lang='grc' dir='ltr'><strong>οῦν</strong></span> <span class='ocrx_word' id='word_1_828' title='bbox 893 4614 973 4666; x_wconf 90' lang='lat' dir='ltr'>TCV.</span> 
     </span>
     <span class='ocr_line' id='line_1_56' title="bbox 74 4679 1672 4761; baseline -0.003 -24"><span class='ocrx_word' id='word_1_829' title='bbox 74 4711 88 4736; x_wconf 86' lang='grc' dir='ltr'><strong>ιι</strong></span> <span class='ocrx_word' id='word_1_830' title='bbox 107 4686 208 4755; x_wconf 90' lang='grc' dir='ltr'><strong>τρόπον,</strong></span> <span class='ocrx_word' id='word_1_831' title='bbox 235 4685 257 4742; x_wconf 79' lang='grc' dir='ltr'><strong>ιδ</strong></span> <span class='ocrx_word' id='word_1_832' title='bbox 276 4689 360 4760; x_wconf 87' lang='grc' dir='ltr'><strong>ἀνδρες</strong></span> <span class='ocrx_word' id='word_1_833' title='bbox 382 4689 516 4757; x_wconf 85' lang='grc' dir='ltr'><strong>Αθηναῖοι,</strong></span> <span class='ocrx_word' id='word_1_834' title='bbox 536 4691 760 4761; x_wconf 87' lang='grc' dir='ltr'><strong>χειροτονησάντων</strong></span> <span class='ocrx_word' id='word_1_835' title='bbox 782 4688 848 4759; x_wconf 84' lang='grc' dir='ltr'><strong>ίιμῶν</strong></span> <span class='ocrx_word' id='word_1_836' title='bbox 930 4691 991 4752; x_wconf 91' lang='grc'><strong>344,</strong></span> <span class='ocrx_word' id='word_1_837' title='bbox 1011 4691 1051 4742; x_wconf 86' lang='lat'><strong>18.</strong></span> <span class='ocrx_word' id='word_1_838' title='bbox 1065 4685 1269 4756; x_wconf 79' lang='grc' dir='ltr'><strong>Πολιτευορένου]</strong></span> <span class='ocrx_word' id='word_1_839' title='bbox 1280 4682 1311 4738; x_wconf 88' lang='grc' dir='ltr'><strong>τά</strong></span> <span class='ocrx_word' id='word_1_840' title='bbox 1324 4687 1367 4748; x_wconf 82' lang='grc' dir='ltr'><strong>τῆς</strong></span> <span class='ocrx_word' id='word_1_841' title='bbox 1378 4681 1500 4742; x_wconf 89' lang='grc' dir='ltr'><strong>πολιτείας</strong></span> <span class='ocrx_word' id='word_1_842' title='bbox 1512 4679 1672 4751; x_wconf 82' lang='grc' dir='ltr'><strong>οἰκονομοῦν-</strong></span> 
     </span>
     <span class='ocr_line' id='line_1_57' title="bbox 75 4759 1583 4840; baseline 0 -28"><span class='ocrx_word' id='word_1_843' title='bbox 75 4787 88 4812; x_wconf 86' lang='grc' dir='ltr'><strong>ι</strong></span> <span class='ocrx_word' id='word_1_844' title='bbox 108 4762 147 4816; x_wconf 86' lang='grc' dir='ltr'><strong>ἰπί</strong></span> <span class='ocrx_word' id='word_1_845' title='bbox 163 4766 217 4828; x_wconf 85' lang='grc' dir='ltr'><strong>τοθς</strong></span> <span class='ocrx_word' id='word_1_846' title='bbox 230 4768 314 4837; x_wconf 83' lang='grc' dir='ltr'><strong>όρκους</strong></span> <span class='ocrx_word' id='word_1_847' title='bbox 329 4767 402 4822; x_wconf 81' lang='grc' dir='ltr'><strong>αθτδν</strong></span> <span class='ocrx_word' id='word_1_848' title='bbox 416 4769 499 4833; x_wconf 88' lang='grc' dir='ltr'><strong>πάλιν,</strong></span> <span class='ocrx_word' id='word_1_849' title='bbox 516 4791 527 4819; x_wconf 89' lang='grc' dir='ltr'><strong>ιι</strong></span> <span class='ocrx_word' id='word_1_850' title='bbox 552 4767 624 4840; x_wconf 79' lang='grc' dir='ltr'><strong>Ὁρᾷς</strong></span> <span class='ocrx_word' id='word_1_851' title='bbox 636 4768 683 4838; x_wconf 91' lang='grc' dir='ltr'><strong>γάρ</strong></span> <span class='ocrx_word' id='word_1_852' title='bbox 699 4765 791 4834; x_wconf 72' lang='grc' dir='ltr'><strong>όπωςίη</strong></span> <span class='ocrx_word' id='word_1_853' title='bbox 807 4787 849 4838; x_wconf 82' lang='grc' dir='ltr'><strong>με·</strong></span> <span class='ocrx_word' id='word_1_854' title='bbox 894 4787 950 4832; x_wconf 89' lang='grc' dir='ltr'><strong>τος,</strong></span> <span class='ocrx_word' id='word_1_855' title='bbox 964 4767 1051 4819; x_wconf 77' lang='grc' dir='ltr'><strong>τοῦτον</strong></span> <span class='ocrx_word' id='word_1_856' title='bbox 1062 4765 1246 4836; x_wconf 78' lang='grc' dir='ltr'><strong>φροντίζοντος,</strong></span> <span class='ocrx_word' id='word_1_857' title='bbox 1260 4761 1318 4832; x_wconf 80' lang='grc' dir='ltr'><strong>θπέρ</strong></span> <span class='ocrx_word' id='word_1_858' title='bbox 1336 4767 1384 4814; x_wconf 89' lang='grc' dir='ltr'><strong>τῶν</strong></span> <span class='ocrx_word' id='word_1_859' title='bbox 1396 4759 1537 4813; x_wconf 89' lang='grc' dir='ltr'><strong>πολιτικῶν.</strong></span> <span class='ocrx_word' id='word_1_860' title='bbox 1552 4761 1583 4812; x_wconf 89' lang='grc' dir='ltr'><strong>Ρ.</strong></span> 
     </span>
    </p>
   </div>
   <div class='ocr_carea' id='block_1_5' title="bbox 70 4836 1672 5226">
    <p class='ocr_par' dir='ltr' id='par_1_5' title="bbox 70 4836 1672 5226">
     <span class='ocr_line' id='line_1_58' title="bbox 70 4836 1581 4918; baseline -0.011 -13"><span class='ocrx_word' id='word_1_861' title='bbox 70 4843 172 4904; x_wconf 63' lang='grc' dir='ltr'><strong>ΐάὸᾱῦῑς</strong></span> <span class='ocrx_word' id='word_1_862' title='bbox 185 4843 261 4915; x_wconf 69' lang='grc' dir='ltr'><strong>σαφής</strong></span> <span class='ocrx_word' id='word_1_863' title='bbox 283 4847 324 4898; x_wconf 84' lang='grc' dir='ltr'><strong>καί</strong></span> <span class='ocrx_word' id='word_1_864' title='bbox 341 4847 475 4918; x_wconf 91' lang='grc' dir='ltr'><strong>πρόδηλος,</strong></span> <span class='ocrx_word' id='word_1_865' title='bbox 491 4853 586 4918; x_wconf 89' lang='grc' dir='ltr'><strong>πρῶτον</strong></span> <span class='ocrx_word' id='word_1_866' title='bbox 604 4847 647 4918; x_wconf 84' lang='grc' dir='ltr'><strong>μέν</strong></span> <span class='ocrx_word' id='word_1_867' title='bbox 667 4845 811 4915; x_wconf 84' lang='grc' dir='ltr'><strong>εἰσαχθεῖσα</strong></span> <span class='ocrx_word' id='word_1_868' title='bbox 824 4845 849 4898; x_wconf 91' lang='grc' dir='ltr'><strong>έν</strong></span> <span class='ocrx_word' id='word_1_869' title='bbox 930 4847 991 4910; x_wconf 92' lang='grc'><strong>344,</strong></span> <span class='ocrx_word' id='word_1_870' title='bbox 1007 4863 1048 4914; x_wconf 90' lang='lat'><strong>19.</strong></span> <span class='ocrx_word' id='word_1_871' title='bbox 1059 4843 1173 4914; x_wconf 85' lang='grc' dir='ltr'><strong>Δεῖγμα]</strong></span> <span class='ocrx_word' id='word_1_872' title='bbox 1187 4840 1263 4913; x_wconf 85' lang='grc' dir='ltr'><strong>ήγουν</strong></span> <span class='ocrx_word' id='word_1_873' title='bbox 1278 4837 1398 4900; x_wconf 65' lang='grc' dir='ltr'><strong>ἀπόδεξιν</strong></span> <span class='ocrx_word' id='word_1_874' title='bbox 1409 4836 1529 4899; x_wconf 79' lang='grc' dir='ltr'><strong>δείξαντος</strong></span> <span class='ocrx_word' id='word_1_875' title='bbox 1551 4839 1581 4889; x_wconf 90' lang='grc' dir='ltr'><strong>Ρ.</strong></span> 
     </span>
     <span class='ocr_line' id='line_1_59' title="bbox 71 4909 1670 4996; baseline -0.004 -22"><span class='ocrx_word' id='word_1_876' title='bbox 71 4922 202 4991; x_wconf 86' lang='grc' dir='ltr'><strong>προοιμίου</strong></span> <span class='ocrx_word' id='word_1_877' title='bbox 220 4921 294 4990; x_wconf 88' lang='grc' dir='ltr'><strong>εἰδει,</strong></span> <span class='ocrx_word' id='word_1_878' title='bbox 312 4924 386 4980; x_wconf 88' lang='grc' dir='ltr'><strong>ίπειθ’</strong></span> <span class='ocrx_word' id='word_1_879' title='bbox 404 4928 442 4978; x_wconf 85' lang='grc' dir='ltr'><strong>ότι</strong></span> <span class='ocrx_word' id='word_1_880' title='bbox 462 4925 685 4996; x_wconf 90' lang='grc' dir='ltr'><strong>κατεπαγγέλλεται</strong></span> <span class='ocrx_word' id='word_1_881' title='bbox 700 4925 848 4995; x_wconf 84' lang='grc' dir='ltr'><strong>πραγμάτων</strong></span> <span class='ocrx_word' id='word_1_882' title='bbox 929 4925 996 4988; x_wconf 90' lang='grc'><strong>344,</strong></span> <span class='ocrx_word' id='word_1_883' title='bbox 1012 4939 1056 4976; x_wconf 79' lang='lat'><strong>21.</strong></span> <span class='ocrx_word' id='word_1_884' title='bbox 1073 4921 1119 4974; x_wconf 74' lang='grc' dir='ltr'><strong>Καὶ</strong></span> <span class='ocrx_word' id='word_1_885' title='bbox 1134 4922 1324 4990; x_wconf 86' lang='grc' dir='ltr'><strong>Κτησιφῶντος]</strong></span> <span class='ocrx_word' id='word_1_886' title='bbox 1342 4917 1392 4970; x_wconf 86' lang='grc' dir='ltr'><strong>Οθκ</strong></span> <span class='ocrx_word' id='word_1_887' title='bbox 1407 4915 1471 4969; x_wconf 77' lang='grc' dir='ltr'><strong>ἔστιν</strong></span> <span class='ocrx_word' id='word_1_888' title='bbox 1490 4911 1559 4977; x_wconf 72' lang='grc' dir='ltr'><strong>οὗτος</strong></span> <span class='ocrx_word' id='word_1_889' title='bbox 1571 4909 1604 4977; x_wconf 84' lang='grc' dir='ltr'><strong>τίς</strong></span> <span class='ocrx_word' id='word_1_890' title='bbox 1622 4921 1670 4968; x_wconf 85' lang='grc' dir='ltr'><strong>τῶν</strong></span> 
     </span>
     <span class='ocr_line' id='line_1_60' title="bbox 72 4995 1672 5075; baseline -0.006 -21"><span class='ocrx_word' id='word_1_891' title='bbox 72 4999 161 5068; x_wconf 82' lang='grc' dir='ltr'><strong>ίτίριον</strong></span> <span class='ocrx_word' id='word_1_892' title='bbox 178 4999 307 5064; x_wconf 80' lang='grc' dir='ltr'><strong>ἀπόδειξιν.</strong></span> <span class='ocrx_word' id='word_1_893' title='bbox 347 5005 417 5058; x_wconf 80' lang='grc' dir='ltr'><strong>Ἐστι</strong></span> <span class='ocrx_word' id='word_1_894' title='bbox 437 5005 477 5057; x_wconf 80' lang='grc' dir='ltr'><strong>καί</strong></span> <span class='ocrx_word' id='word_1_895' title='bbox 495 5005 575 5075; x_wconf 88' lang='grc' dir='ltr'><strong>τρίτον</strong></span> <span class='ocrx_word' id='word_1_896' title='bbox 590 5005 660 5074; x_wconf 82' lang='grc' dir='ltr'><strong>μέρος</strong></span> <span class='ocrx_word' id='word_1_897' title='bbox 677 5007 718 5070; x_wconf 78' lang='grc' dir='ltr'><strong>τῆς</strong></span> <span class='ocrx_word' id='word_1_898' title='bbox 729 5005 848 5056; x_wconf 90' lang='grc' dir='ltr'><strong>καταστά-</strong></span> <span class='ocrx_word' id='word_1_899' title='bbox 894 5003 1029 5073; x_wconf 82' lang='grc' dir='ltr'><strong>ίποκριτῶν</strong></span> <span class='ocrx_word' id='word_1_900' title='bbox 1046 5003 1056 5068; x_wconf 92' lang='lat'>(</span> <span class='ocrx_word' id='word_1_901' title='bbox 1065 4999 1252 5071; x_wconf 80' lang='grc' dir='ltr'><strong>πρεσῦευτῶνί)</strong></span> <span class='ocrx_word' id='word_1_902' title='bbox 1267 4997 1324 5050; x_wconf 87' lang='grc' dir='ltr'><strong>ἀλλ’</strong></span> <span class='ocrx_word' id='word_1_903' title='bbox 1341 4997 1421 5066; x_wconf 74' lang='grc' dir='ltr'><strong>ἐτέρας</strong></span> <span class='ocrx_word' id='word_1_904' title='bbox 1442 4995 1512 5048; x_wconf 79' lang='grc' dir='ltr'><strong>ἕνεκα</strong></span> <span class='ocrx_word' id='word_1_905' title='bbox 1532 4995 1672 5066; x_wconf 82' lang='grc' dir='ltr'><strong>προφάσεως</strong></span> 
     </span>
     <span class='ocr_line' id='line_1_61' title="bbox 72 5072 1671 5154; baseline -0.008 -15"><span class='ocrx_word' id='word_1_906' title='bbox 72 5095 152 5142; x_wconf 63' lang='grc' dir='ltr'><strong>σίων,</strong></span> <span class='ocrx_word' id='word_1_907' title='bbox 168 5077 193 5131; x_wconf 79' lang='grc' dir='ltr'><strong>ἰν</strong></span> <span class='ocrx_word' id='word_1_908' title='bbox 208 5077 284 5150; x_wconf 81' lang='grc' dir='ltr'><strong>ᾧτάς</strong></span> <span class='ocrx_word' id='word_1_909' title='bbox 301 5083 378 5146; x_wconf 90' lang='grc' dir='ltr'><strong>αἰτίας</strong></span> <span class='ocrx_word' id='word_1_910' title='bbox 387 5083 520 5138; x_wconf 89' lang='grc' dir='ltr'><strong>ἀποδίδωσι</strong></span> <span class='ocrx_word' id='word_1_911' title='bbox 532 5089 578 5138; x_wconf 90' lang='grc' dir='ltr'><strong>τῶν</strong></span> <span class='ocrx_word' id='word_1_912' title='bbox 590 5083 784 5154; x_wconf 89' lang='grc' dir='ltr'><strong>προειρημένων,</strong></span> <span class='ocrx_word' id='word_1_913' title='bbox 795 5077 848 5148; x_wconf 78' lang='grc' dir='ltr'><strong>οόή</strong></span> <span class='ocrx_word' id='word_1_914' title='bbox 894 5079 1037 5140; x_wconf 82' lang='grc' dir='ltr'><strong>ἀποσταλείς</strong></span> <span class='ocrx_word' id='word_1_915' title='bbox 1051 5077 1083 5140; x_wconf 93' lang='grc' dir='ltr'><strong>εἰς</strong></span> <span class='ocrx_word' id='word_1_916' title='bbox 1096 5075 1140 5144; x_wconf 75' lang='grc' dir='ltr'><strong>τήν</strong></span> <span class='ocrx_word' id='word_1_917' title='bbox 1157 5077 1322 5142; x_wconf 82' lang='grc' dir='ltr'><strong>Μακεδονίαν,</strong></span> <span class='ocrx_word' id='word_1_918' title='bbox 1337 5075 1378 5128; x_wconf 79' lang='grc' dir='ltr'><strong>καί</strong></span> <span class='ocrx_word' id='word_1_919' title='bbox 1400 5073 1463 5145; x_wconf 84' lang='grc' dir='ltr'><strong>παρά</strong></span> <span class='ocrx_word' id='word_1_920' title='bbox 1483 5077 1526 5127; x_wconf 89' lang='grc' dir='ltr'><strong>τοῦ</strong></span> <span class='ocrx_word' id='word_1_921' title='bbox 1546 5072 1671 5127; x_wconf 86' lang='grc' dir='ltr'><strong>Φιλίππου</strong></span> 
     </span>
     <span class='ocr_line' id='line_1_62' title="bbox 167 5169 1554 5226; baseline -0.005 -7"><span class='ocrx_word' id='word_1_922' title='bbox 167 5185 328 5226; x_wconf 60' lang='lat' dir='ltr'>onnon-§.m</span> <span class='ocrx_word' id='word_1_923' title='bbox 1350 5173 1353 5180; x_wconf 90' lang='grc'><strong>’</strong></span> <span class='ocrx_word' id='word_1_924' title='bbox 1527 5169 1554 5212; x_wconf 67' lang='grc' dir='ltr'><strong>ευ</strong></span> 
     </span>
    </p>
   </div>
   <div class='ocr_carea' id='block_1_6' title="bbox 0 0 2020 6085">
    <p class='ocr_par' dir='ltr' id='par_1_6' title="bbox 0 0 2020 6085">
     <span class='ocr_line' id='line_1_63' title="bbox 0 0 2020 6085; baseline 0 0"><span class='ocrx_word' id='word_1_925' title='bbox 0 0 2020 6085; x_wconf 95' lang='lat' dir='ltr'><strong> </strong></span> 
     </span>
    </p>
   </div>
  </div>
 </body>
</html>
