3934 6350
1010 289 1105 354 XXH.
1131 288 1231 350 ΚΑΤΑ
1253 287 1534 348 ΑΝΔΡΟΤΙΩΝΟΣ.

482 418 586 490 πόλεμος
594 419 642 492 γάρ
652 414 682 488 ἦν
696 420 737 472 καί
746 419 818 490 χρεία
832 420 1012 490 χρημάτων-,
1030 419 1099 486 ήδιθι
1114 419 1157 472 τόν
1169 415 1252 488 ιιαιρδν
1297 414 1345 488 γάρ
1357 417 1392 488 μή
1403 437 1439 480 τις
1450 417 1560 482 είποι,άί
1620 437 1622 470 ι

481 500 557 569 μέση,
572 498 615 552 τεαὶ
633 497 748 552 ἐπακτέον
765 497 816 563 ἑξῆς
836 499 896 564 όσην
911 499 966 551 τότε
981 497 1046 566 ἔχων
1062 493 1254 563 ίξουσίαν,άντλ
1296 494 1379 552 δεινόν
1403 497 1504 550 ἔλαττον
1518 493 1562 564 ἦν,
1620 519 1622 549 ι

481 576 639 643 τούπολλήν.
1296 574 1343 632 τόν
1371 575 1491 646 μάρτυρα,
1519 595 1561 628 πιιι
1620 599 1621 624 ;

513 658 575 720 608,
595 660 622 719 ές.
644 655 775 725 Πομπεία]
791 653 867 720 Σαιύη
882 653 913 707 τὰ
926 653 960 715 είς
976 655 1018 716 τὰς
1030 656 1137 725 πομπάς.
1151 657 1181 708 Β.
1198 652 1254 710 Ἆπθ
1298 652 1408 726 ίξευριθν.

481 737 522 786 τού
543 734 693 805 πομπεύειν,
718 733 864 804 θυμιατήρια
888 734 929 785 καί
953 751 1009 786 τινα
1032 738 1141 788 τοιαύτα.
1165 737 1199 789 Α.
1227 744 1254 788 εί
1334 739 1396 802 609,
1417 749 1459 800 ι9.
1480 731 1528 784 ”liv
1551 732 1564 782 ό
1620 769 1622 781 .

480 829 530 864 τοο.
547 814 577 866 L.
1298 809 1444 879 κατήγορον.
1484 807 1565 861 Ἀπθι
1620 831 1622 878 γ

513 893 574 952 608,
591 909 617 959 7.
633 889 769 960 Κατέχων]
789 888 1022 958 Ἀντίτοΰίσχύων,
1040 890 1069 943 Λ.
1298 885 1356 952 ἂν]
1372 887 1449 956 γυνή·
1473 887 1506 948 ὡς
1521 885 1566 940 έλει
1620 907 1622 934 ι

513 971 574 1032 608,
588 969 614 1021 8.
630 966 674 1018 Διὰ
686 967 727 1018 τθν
742 965 843 1036 νιαιρίνν,
857 961 925 1032 θςήν
936 965 1008 1035 τότε]
1028 964 1091 1018 Ἀντί
1101 970 1145 1020 τοῦ
1157 966 1197 1018 διά
1210 966 1253 1018 τόν
1298 962 1460 1035 ἀνδράποδον·
1483 963 1567 1029 πολίτη
1620 995 1621 1008 ι

480 1045 596 1116 πόλεμον.
609 1049 642 1100 Α.
1298 1040 1340 1093 τδν
1360 1041 1450 1112 άνθροι,
1470 1040 1559 1094 ἔλαθον

514 1127 574 1189 608,
592 1141 633 1176 12.
651 1122 819 1194 ’ίίργολάύει]
841 1121 920 1174 Τοῦτο
945 1123 1006 1193 μετὰ
1019 1127 1062 1189 τῆς
1078 1121 1195 1192 αἰσχύνης
1213 1122 1255 1174 καί
1298 1119 1419 1172 σύνοικον.
1459 1119 1504 1171 Καί
1517 1119 1568 1172 τάτ
1620 1127 1622 1170 :

479 1203 675 1272 συγκρουστιιιόν.
690 1202 789 1256 LYTP.
803 1199 964 1270 Ἐργσλαόιῖν
974 1200 1095 1273 γὰρπαρὰ
1105 1201 1254 1271 Δημοσθένει
1297 1196 1323 1250 δί
1336 1196 1379 1249 ούα
1394 1195 1463 1266 εἶχεν
1474 1197 1555 1267 ἕτερον
1620 1219 1622 1226 ’

479 1280 518 1346 καί
531 1281 583 1342 τοῖς
600 1279 685 1341 ἄλλοις
705 1277 756 1331 ίστὶ
773 1279 802 1331 τό
817 1276 858 1331 έπί
869 1277 983 1350 φλαύροις
1001 1280 1042 1332 ιιαί
1061 1279 1151 1340 ἀδίκοις
1168 1279 1253 1350 μισθόν
1297 1274 1388 1347 ίξεῦρεν
1407 1277 1456 1332 &ab
1472 1281 1515 1343 τῆς
1527 1297 1570 1347 γυν
1620 1287 1622 1330 ὲ

480 1356 622 1427 λαμόάνειν.
639 1359 669 1410 Ρ.
1297 1355 1386 1424 τύχης,
1403 1353 1571 1424 ότιέλεύθερος
1620 1374 1622 1402 ι

514 1441 574 1501 608,
589 1438 630 1490 13.
642 1437 704 1498 Τοίνς
718 1437 803 1489 ένδειια
815 1435 905 1506 γράψας
919 1433 1079 1506 ἀκολουθεῖν]
1093 1437 1128 1490 Tb
1143 1435 1185 1507 μέν
1201 1435 1252 1488 ἔπι·
1297 1435 1427 1500 ποιότητος
1442 1437 1486 1486 τού
1502 1433 1571 1504 δράσι
1620 1459 1622 1477 ·

480 1514 586 1584 χείρημιι
599 1516 671 1567 δοκεῖ’
680 1533 730 1575 ποις
745 1512 854 1566 ίναντίον
868 1511 932 1566 εἶναι
946 1520 981 1586 τῷ
994 1513 1056 1567 κατὰ
1071 1515 1250 1584 Τιμοκράτους·
1297 1511 1383 1564 λαθεῖν
1401 1512 1433 1566 τὰ
1452 1531 1572 1582 πετραγμι

479 1589 581 1644 ίνταύθα
596 1591 638 1663 μὲν
656 1591 706 1662 γθιρ
724 1589 769 1654 τήν
792 1591 917 1661 πρᾳότητα
937 1592 1068 1661 θαυμάζει,
1090 1591 1144 1644 ἐκεῖ
1160 1590 1187 1644 δέ
1208 1589 1252 1656 τήν
1298 1589 1439 1660 εἰσπράξεως
1454 1591 1573 1662 μεταληπι
1620 1597 1622 1641 ἑ

478 1669 659 1740 ριλανθρωπίσν
678 1669 801 1723 έκύάλλει.
838 1669 887 1722 Τοῦ
898 1669 1057 1740 συμφέροντος
1071 1669 1096 1722 δὲ
1109 1669 1146 1722 άεί
1161 1687 1252 1724 ποντα·
1298 1669 1336 1720 ότι
1350 1668 1398 1722 ίθει
1417 1669 1447 1722 τὰ
1461 1669 1574 1739 κτήματα
1620 1687 1622 1721 :

478 1752 525 1816 χοῦ
547 1751 676 1819 γενόμενος
688 1748 755 1817 λέγει
775 1748 791 1798 θ
815 1747 899 1817 λέγει’
915 1745 957 1798 καί
974 1746 1022 1818 γάρ
1041 1746 1143 1800 ένταῦθα
1162 1747 1205 1818 μέν
1219 1747 1253 1800 σί·
1296 1749 1374 1802 ποιεῖν
1382 1753 1469 1809 κανῶς.

477 1827 555 1878 τιοῖται
566 1823 610 1890 τήν
625 1833 668 1878 τοῦ
685 1823 851 1896 Ἀνδροτίωνος
863 1824 979 1894 πονηρίαν
991 1824 1032 1876 καί
1044 1823 1088 1890 τήν
1100 1825 1251 1896 προπέτειαν,
1332 1830 1395 1896 609,
1408 1842 1453 1880 αο.
1472 1823 1540 1878 Ὅδέ
1553 1843 1575 1878 τε
1620 1853 1622 1874 ι

479 1901 504 1955 ίν
523 1902 608 1974 ἐκείνῳ
626 1903 653 1956 δέ
666 1903 800 1974 συγκρίνων
815 1903 891 1972 νόμον
913 1901 982 1973 νόμῳ
1005 1902 1047 1955 τθν
1069 1905 1253 1974 χρησιμώτερον
1296 1908 1344 1956 τῶν
1358 1905 1443 1957 δεινῶν
1458 1902 1506 1958 &ab
1518 1908 1576 1972 τῆς·

479 1979 575 2050 μᾶλλον
584 1980 743 2050 τεθαύμακεν.
782 1978 845 2032 Εἶτα
858 1978 971 2049 βούλεται
980 1978 1020 2031 διά
1031 1984 1074 2032 τού
1087 1979 1253 2050 παραδείγμα-
1296 1980 1499 2053 ήταιρηχὼςςοθς
1511 2001 1577 2052 σωρρ
1620 2011 1622 2028 .

477 2075 516 2118 τος
530 2061 573 2110 τοῦ
587 2057 649 2110 κατά
668 2058 724 2118 τούς
736 2057 866 2126 τριάκοντα
883 2055 921 2108 ivl
932 2055 1025 2108 τούτων
1039 2061 1088 2109 τῶν
1101 2058 1196 2126 τρόπων
1210 2055 1253 2108 τθν
1296 2058 1367 2130 άνὴρ,
1389 2063 1434 2113 ιιθν
1456 2059 1578 2126 άδιιιῆτοιι1
1620 2079 1622 2090 ·

480 2132 637 2205 Ἀνδροτίωνα
650 2135 900 2205 δεῆαιιιεχρημένον.
936 2133 970 2186 Tb
983 2129 1082 2204 δέήγεν
1095 2131 1187 2195 έπὶτὶες
1204 2139 1252 2186 τῶν
1296 2137 1579 2208 έοᾶοοαιτοηςςήμως,
1620 2159 1622 2178 ι

477 2215 585 2269 πολιτῶν
609 2213 685 2276 οίιιίιις
699 2215 732 2276 ὥς
752 2213 792 2267 iul
802 2213 963 2284 στρατοπέδου
981 2209 1078 2282 είρηιιε,
1092 2211 1121 2264 τό
1136 2209 1197 2282 βαρύ
1209 2213 1253 2263 τοῦ
1296 2215 1324 2268 ού
1333 2217 1481 2286 δυνάμενος,
1495 2215 1520 2269 ίν
1529 2215 1580 2286 ἡσυ·1
1620 2259 1621 2262 ¹

475 2295 618 2365 πράγματος
629 2293 669 2345 διὰ
680 2299 728 2346 τῶν
744 2292 797 2360 ἓξής
809 2293 942 2362 ίμραίνων.
979 2291 1022 2344 Διθ
1031 2290 1073 2344 καί
1087 2289 1252 2360 δεσμωτήριον
1296 2313 1319 2348 ει
1333 2297 1453 2366 δεύτερον.

477 2371 603 2426 ἀποκαλεῖ
618 2372 661 2433 τὰς
684 2370 771 2433 οίιιίας.
806 2371 860 2424 Τῶν
886 2369 970 2422 ἄλλων
991 2369 1117 2433 δίένειια,
1132 2367 1187 2434 ήτοι
1203 2373 1252 2420 τῶν
1331 2379 1394 2443 609,
1407 2379 1452 2427 96,
1463 2374 1534 2434 Τίνος
1544 2367 1581 2425 οὖν
1620 2397 1622 2422 ι

477 2449 602 2504 ἀδυνάτων
616 2451 658 2504 καί
671 2450 795 2517 πενήτων·
812 2451 867 2504 ὅθεν
881 2449 980 2520 ἐπάγει,
998 2452 1070 2502 τοῦτο
1085 2449 1133 2518 γάρ
1147 2447 1198 2502 ίατι
1210 2448 1253 2514 δη·
1296 2449 1424 2522 εύπρεπούς
1436 2451 1582 2517 ἀπαιτήσεως

477 2528 586 2599 μοτινιόν,
1297 2530 1404 2600 δημόσια
1416 2536 1465 2584 τῶν
1481 2527 1513 2600 μή
1526 2529 1583 2582 θιλό
1620 2571 1622 2579 s

511 2609 573 2670 Τοίνς
586 2609 672 2661 ένδειια
683 2606 790 2678 γράψας]
807 2606 852 2658 ίίαί
875 2606 917 2658 τὸν
932 2606 1020 2676 τρόπον
1031 2605 1153 2674 περιέχει,
1168 2603 1208 2656 καί
1224 2603 1253 2656 τ“ο
1332 2613 1394 2678 609,
1408 2612 1453 2662 αθ.
1465 2607 1545 2669 Ἔνδεις
1558 2605 1584 2660 δέ
1620 2627 1622 2656 ι

476 2687 589 2758 φορτικόν
604 2690 647 2752 τῆς
665 2685 823 2756 εἰσπράξεως,
843 2683 942 2752 καίτήν
960 2685 1027 2756 θόρεν
1041 2681 1085 2750 τήν
1098 2682 1130 2746 τίς
1143 2683 1253 2754 τοίνςέρ-
1295 2687 1416 2754 ρῶςπάνυ
1431 2685 1470 2740 έπί
1484 2683 1527 2756 μίν
1539 2689 1585 2738 τῶν
1620 2705 1622 2730 ι

476 2785 567 2836 χοντας
581 2765 788 2830 άιιολουθούντας,
804 2763 829 2816 έν
842 2761 865 2835 ᾧ
878 2765 920 2818 παλ
931 2763 959 2817 τό
974 2767 1017 2830 τῆς
1030 2762 1174 2834 ὀλιγαρχίας
1187 2761 1253 2816 ίνθί·
1296 2765 1347 2825 τούς
1364 2763 1497 2831 Ἆθηναίοες
1510 2761 1586 2833 άρόρη
1620 2783 1622 2802 ·

476 2844 577 2896 δευιται.
615 2841 671 2894 Εἶτ’
695 2841 823 2912 ίπειδήπερ
843 2841 887 2895 σόα
903 2841 1014 2912 έχειτήν
1037 2839 1157 2911 είσπρσξιν
1177 2839 1253 2894 αίτιᾶ-
1296 2843 1431 2916 λαιπώρσυς
1442 2844 1586 2914 ὠνόμασεν,
1620 2864 1622 2872 ’

477 2923 549 2986 σθαι,
576 2920 618 2974 τόν
644 2921 734 2990 τρόπον
759 2919 887 2973 διαόάλλει
912 2921 953 2973 καί
977 2918 1021 2986 τήν
1051 2921 1176 2985 ποσότητα
1203 2925 1252 2972 τῶν
1296 2921 1441 2976 άιιόλουθσν.
1477 2921 1587 2990 λύτέιιαγ
1620 2925 1622 2972 ί

475 3000 610 3070 χρημάτων
618 3038 627 3067 ,
635 2997 717 3068 λέγων
729 2998 852 3052 τοσούτων
864 2999 999 3068 χρημάτων
1009 2997 1064 3050 άντί
1076 2999 1120 3049 τού
1130 2997 1251 3068 βραχίων,
1296 2997 1343 3060 έξει
1355 2997 1443 3061 καλῶς.

476 3082 565 3130 τοῦτον
576 3076 619 3129 τὸν
639 3078 729 3146 τρόπον
751 3074 962 3146 εἰσπραχθέντων,
976 3075 1031 3128 ἀντὶ
1042 3077 1085 3128 τοῦ
1098 3073 1159 3145 μετά
1177 3093 1253 3146 παρα·
1332 3077 1431 3149 Ἔδεις]
1448 3076 1509 3130 Ἀντί
1520 3081 1564 3130 τού
1577 3075 1588 3129 ί
1620 3096 1622 3128 :

475 3153 703 3224 νοίαςιιαίύόρεως.
1296 3153 1352 3208 εἶτα
1366 3155 1508 3218 ε’δεσνίδεες
1520 3155 1589 3218 ίδεις.
1620 3171 1622 3208 ι

512 3235 573 3294 608,
590 3231 633 3285 25.
645 3231 686 3293 Είς
696 3229 740 3296 τὴν
755 3230 880 3284 πολιτείαν
895 3228 1142 3302 ιίσαγομίνωνΥθτι
1154 3227 1253 3303 όλιγαρ-
1331 3240 1392 3296 6ιο,
1409 3239 1450 3290 ιθ.
1472 3234 1590 3306 Ἀνθράιπο

477 3309 550 3377 χιεήν
565 3327 619 3362 τινα
634 3309 758 3363 πολιτείαν
777 3307 831 3362 ἀντὶ
846 3310 1009 3380 δημοκρατίας
1023 3307 1162 3380 είσήγαγεν.
1296 3314 1435 3386 ιιωμιμδήσῃ
1453 3314 1496 3368 τδν
1513 3313 1591 3383 Ἀνδρε

512 3391 573 3456 609,
589 3391 616 3451 ή.
633 3389 694 3442 Τότε
715 3389 795 3442 τοίνυν
818 3389 851 3450 ὣς
870 3387 935 3442 ἔστιν
949 3387 1065 3459 ίιιούσαι]
1087 3385 1142 3440 Ἵνα
1164 3387 1198 3458 μή
1218 3406 1254 3450 τις
1297 3391 1340 3460 μέν
1362 3391 1449 3445 ἑαυτοῦ
1462 3394 1553 3462 πατέρα
1565 3393 1592 3463 ᾤι

475 3463 613 3533 αἰτιάσηται
623 3466 656 3528 ὣς
665 3466 828 3538 ψευδόμενον,
838 3465 879 3520 έπί
888 3463 933 3533 τήν
945 3463 1021 3532 ὢιοήν
1033 3465 1157 3536 άναρίρονν
1170 3465 1253 3537 ρυύγει
1298 3489 1371 3540 μασιν
1393 3469 1565 3540 [ἀποδρᾶναι]
1575 3508 1583 3530 ,

476 3541 521 3608 τήν
535 3545 633 3616 μέμύιν.
1300 3543 1468 3614 Ἀνδροτίωνος
1488 3545 1531 3596 ούιι
1558 3543 1593 3596 είσ

512 3626 574 3690 609,
594 3623 619 3674 5.
637 3622 721 3684 ὓύδείς
734 3621 797 3676 ίστιν
816 3624 882 3684 ὅστις
901 3621 1075 3692 ἀπεστερεῖτο]
1098 3619 1154 3676 ’Aah
1170 3623 1254 3692 μέρους
1297 3624 1494 3692 νενοσφισμένου.
1530 3621 1594 3674 Είτσι

475 3699 540 3761 τινθς
553 3703 664 3770 πειρᾶται
677 3701 848 3771 χαλεπιέντερον
862 3706 910 3752 τῶν
924 3703 1055 3770 τριάκοντα
1072 3697 1193 3768 άπορῆναι
1209 3700 1252 3753 τθν
1295 3701 1461 3772 δεσμωτήριον
1475 3701 1594 3755 έλιιεσθαι.

480 3775 648 3848 Ἀνδροτίωνα.
687 3779 734 3832 Καί
749 3778 814 3832 ἔστιν
828 3779 942 3849 ότρόπος
955 3783 1079 3839 τοιοῦτος·
1093 3775 1181 3830 έτιεῖνοι
1197 3778 1253 3839 τολς
1297 3780 1394 3850 μυθίαν,
1409 3781 1438 3834 τθ
1452 3779 1478 3834 δέ
1491 3777 1588 3833 οίνιοθεν

475 3858 633 3926 φαινομένους
648 3857 687 3911 ίπί
700 3860 742 3922 τῆς
759 3856 851 3927 άγορᾶς
864 3855 992 3926 ίρόνευον,
1007 3855 1064 3916 τούς
1076 3853 1103 3908 δέ
1121 3855 1254 3925 ιρυπτομί·
1299 3861 1425 3911 πιστοῦται
1438 3857 1481 3920 τάς
1493 3857 1533 3911 έπὶ
1545 3862 1594 3910 τῶν

476 3953 530 3996 νους
541 3933 570 3988 οὗ
584 3935 790 4006 περιειργάζοντσ,
803 3934 861 3988 ἀλλ’
871 3933 929 3987 είων
941 3934 1062 3995 σώζεσθαι
1070 3931 1249 3994 λανθάνοντας·
1332 3939 1394 4000 6ιο,
1414 3951 1456 4005 ε9.
1472 3935 1555 3988 Καίτοι
1569 3933 1593 3988 εί

475 4011 490 4064 θ
503 4013 530 4065 δέ
541 4031 571 4084 γε
590 4011 729 4084 Ἀνδροτίων
739 4013 781 4064 καί
793 4012 849 4074 τοὶις
861 4011 924 4066 οίιιοι
934 4011 1171 4082 ιιαταιιειερυμμίνους
1182 4009 1252 4081 άνιχ-
1297 4015 1439 4084 κατατρέχει
1454 4020 1561 4086 φανερῶς
1574 4015 1597 4067 υί

475 4092 551 4146 νεύων
568 4089 689 4164 ίθίσμευε.
726 4089 1194 4162 Κατθτούτοάρσθπερεόάλλετοτσθς
1212 4109 1253 4142 τυ·
1297 4091 1472 4163 ἐπαχθέστερον
1490 4093 1531 4146 καὶ
1557 4092 1597 4164 άγρ

475 4172 583 4241 ρέννους.
1298 4171 1351 4241 βίῳ.
1389 4169 1461 4224 m
1474 4171 1526 4224 δεῖν
1540 4171 1598 4240 βοηθ

511 4254 573 4318 699,
592 4251 632 4308 τί.
656 4245 690 4300 Ἢ
716 4249 784 4318 τέγος
804 4248 837 4309 ὣς
855 4245 910 4308 τούς
928 4247 1056 4318 γείτονας]
1073 4245 1191 4316 Τέγοςτό
1210 4249 1253 4299 τού
1297 4250 1413 4320 νήνοχεν.

474 4327 721 4399 δώματοςθπέρτερον
736 4328 815 4398 μέρος.
835 4323 951 4391 Διασκευή
966 4326 992 4378 δέ
1005 4326 1254 4379 τούτοδεινοποιοῦσα
1332 4333 1394 4392 ότι,
1411 4329 1435 4382 3.
1455 4327 1496 4387 Εἰς
1521 4333 1568 4380 τῶν
1588 4347 1599 4381 τ

475 4403 507 4458 τθ
525 4407 662 4474 γινόμενα,
685 4399 708 4458 ὦ
724 4408 823 4474 γεῖτον,
845 4403 889 4457 ούα
907 4403 1019 4470 άδιιιῆσαι
1040 4404 1117 4457 θίλων
1138 4404 1253 4457 ε’πιύαίνιυ
1301 4405 1468 4477 Ἀνδροτίωνος
1481 4405 1525 4457 οθιι
1544 4403 1600 4474 ένεχ

475 4487 525 4534 τῶν
550 4487 615 4545 σῶν,
637 4479 804 4552 Ἀνδροτίωνος
824 4483 967 4554 βιαζομένου
990 4485 1157 4553 τειάραγμαι,
1171 4483 1253 4553 φεύγω
1297 4504 1349 4548 τας·
1364 4485 1500 4552 ζηλοτυπεῖ
1513 4485 1560 4554 γάρ
1575 4501 1601 4542 τι

404 4577 409 4584 ·
476 4557 521 4626 τήν
535 4560 622 4630 θύραν,
641 4565 720 4612 σῶσον
734 4561 931 4632 ωἰτθςγούυτθν
948 4562 1084 4633 όμόρυλον.
1121 4561 1193 4615 Τοδί
1209 4562 1251 4627 εί]
1332 4568 1393 4626 6η,
1410 4565 1436 4616 8.
1456 4561 1602 4631 Προαγῶνας

479 4662 491 4688 ε
510 4638 576 4690 ἄλλα
590 4637 742 4708 ἀσχημονοίη
764 4663 775 4690 ε
791 4641 841 4693 νόει
855 4642 934 4694 πάντα
949 4643 966 4693 θ
983 4646 1093 4695 ποιοῦσιν
1105 4640 1128 4692 οἱ
1140 4642 1252 4712 φωραθῆ-
1296 4643 1447 4712 τρεπίζοντες
1457 4639 1518 4710 ἢμῖν
1540 4646 1587 4692 τῶν

476 4735 517 4770 ναι
530 4717 692 4788 ρούούμενυι,
707 4724 828 4788 γυναικῶν
853 4718 1039 4790 ύποιιρινόμενοι
1060 4719 1143 4790 φωνήν
1165 4738 1193 4772 τε
1212 4719 1253 4774 καί
1296 4720 1380 4789 κρίσις.

476 4799 576 4868 σχῆμα,
592 4796 735 4866 θεράποντες
753 4794 818 4850 εἶναι
835 4799 961 4860 δοκοῦντες
977 4797 1007 4851 τά
1023 4804 1071 4850 τιῗνν
1092 4797 1187 4852 δούλων
1209 4817 1252 4870 με-
1332 4795 1548 4867 Προπαρυξντόνως
1561 4793 1604 4848 ἀνθ

475 4877 688 4948 ταχειριζόμινσι,
702 4874 743 4928 ιιαί
753 4874 783 4928 τὰ
795 4875 860 4928 άλλα
875 4876 965 4938 άπλῶς.
1004 4875 1086 4930 Είπύιν
1098 4875 1174 4930 δίεαλ
1185 4877 1252 4930 ταῦθ’
1296 4875 1383 4937 λέξεων
1398 4875 1471 4928 πάλιν
1486 4873 1604 4944 άνέπιμήα

475 4953 523 5008 ύπθ
537 4957 580 5020 τῆς
589 4951 663 5006 αύτού
674 4953 786 5024 γυναικός
799 4953 877 5027 ὁρῷτο
890 4959 977 5017 ποιεῗιν,
985 4955 1134 5025 θαυμαστέος
1144 4955 1253 5024 ραίνεται
1296 4952 1320 5005 οἱ
1333 4952 1380 5023 πρὸ
1395 4954 1438 5004 τοῦ
1453 4951 1547 5021 άγῶνος
1563 4951 1603 5022 λόγ

475 5033 593 5104 ύρήτωρ·
610 5033 687 5094 δεινός
698 5031 745 5103 γάρ
758 5033 799 5087 καί
810 5033 834 5088 ίν
850 5033 1032 5106 άπόροιςεύρεῖν
1045 5032 1161 5104 άφορμάς.
1198 5031 1252 5086 Ἵνα
1296 5033 1360 5102 παρά
1372 5049 1449 5093 τινος·
1462 5029 1529 5102 ίγὼν
1543 5029 1591 5101 γὰρ

581 5137 705 5176 mrum,
718 5139 742 5177 n.
