4186 6108
825 581 1079 662 renouauit.
1705 591 1775 644 ιιιν

147 721 387 804 ίερθνιῆσίθηκενρ
404 719 462 778 τίνα
481 720 544 778 θεῶν
559 719 589 778 οὐ
604 716 742 795 τετίμηκεν
763 707 800 774 ὧν
823 719 840 785 ἡ
863 713 939 780 πάλις
1367 733 1394 784 7.

147 811 266 889 νομίζει,
279 811 320 870 Ci.
331 811 421 867 schol.
433 819 489 873 vet.
499 809 551 867 iol.
564 814 612 879 44,
623 809 653 879 b,
669 807 706 862 38
715 805 857 880 adparis.
869 806 938 876 Qua
1025 801 1165 876 Anonym.
1179 801 1214 858 atl
1230 803 1365 876 Hermog.
1382 812 1403 857 t.
1415 801 1465 871 Vl,
1479 819 1510 876 p.
1523 798 1558 856 33
1573 802 1663 858 Walz.
1682 821 1689 857 τ
1702 797 1768 880 Ἐρ-

150 902 231 978 apud
254 899 434 956 Aristotelem
453 899 586 972 leguntur
608 897 628 950 l.
646 896 666 951 l.
686 913 717 970 p.
740 891 808 964 376,
837 892 874 957 hd
894 891 936 966 (p.
984 885 1688 968 γονρήτορος,ὥςφν,σιΘεοδέκτης,προοιμιάσασθαι
1702 890 1767 970 πρὸς

154 989 248 1064 1398,
272 1005 304 1056 a,
329 985 364 1042 15
380 985 427 1041 ed.
445 979 549 1060 Beki.)
573 1001 581 1037 ε
599 975 692 1045 Ἄλλος
713 979 769 1052 (sc.
789 976 867 1042 τόπος
886 979 938 1034 τῶν
986 975 1098 1048 εὔνοιαν,
1116 977 1292 1055 διηγήσασθαι
1306 975 1371 1052 πρὸς
1391 973 1566 1046 πιθανότητα,
1582 975 1766 1046 πιστώσασθαι

150 1076 287 1134 δεικτικῶν
301 1070 507 1147 ἐνθυμημάτων)
524 1067 550 1134 ii
565 1071 690 1146 ὁρισμοῦ·
704 1058 757 1124 οἷον
770 1061 810 1124 ὅτι
823 1091 835 1116 ν
847 1063 942 1122 rider-
984 1066 1049 1144 πρὸς
1075 1063 1173 1136 πειθώ,
1192 1061 1392 1139 ἐπιλογίσασθαι
1414 1059 1479 1140 πρὸς
1503 1060 1582 1139 ὀργὴν
1603 1061 1621 1132 ἢ
1645 1061 1730 1124 ἔλεον.
1755 1089 1768 1116 ν

150 1162 242 1238 μάνιον
258 1159 330 1218 οὐδέν
344 1161 426 1234 ἐστιν,
443 1154 530 1226 ἀλλ’ἢ
552 1154 607 1221 θεὸς
624 1149 642 1225 ἢ
666 1157 724 1212 θεοῦ
738 1152 824 1232 ἔργον.
846 1149 942 1210 Καίτοι
984 1155 1027 1212 cf.
1041 1155 1183 1225 Anonymi
1197 1155 1320 1227 epitome
1338 1151 1394 1226 3p.
1407 1150 1463 1206 611
1481 1152 1571 1212 Walz.
1588 1165 1615 1207 et
1627 1155 1768 1228 Doxopa-

149 1251 223 1316 ὅστις
242 1247 323 1307 altrat
346 1249 406 1305 θεοῦ
428 1243 503 1326 ἔργον
522 1234 604 1316 εἶναι,
622 1247 712 1302 τοῦτον
728 1239 830 1318 ἀνάγκη
844 1238 942 1298 οίεσθαι
985 1251 1028 1298 ter
1047 1241 1178 1316 Prolegg.
1200 1239 1275 1296 rhet.
1292 1249 1313 1294 t.
1331 1241 1380 1308 vi,
1402 1257 1432 1312 p.
1454 1256 1489 1312 19
1504 1239 1596 1297 Walz.
1613 1256 1621 1297 ε
1637 1235 1726 1317 Ἔργα
1741 1238 1769 1298 δὲ

150 1337 199 1395 καὶ
212 1335 282 1401 θεοὺς
300 1323 367 1392 εἶναι
382 1357 395 1384 ν
411 1353 418 1388 :
437 1335 577 1408 Sauppius
592 1351 627 1388 ex
640 1331 741 1388 eadem
756 1331 880 1388 Socratis
893 1328 942 1384 de-
986 1328 1125 1406 ῥητορικῆς
1144 1323 1214 1384 κατὰ
1236 1323 1280 1382 τὸν
1298 1322 1447 1396 Θιοθίκιην
1461 1322 1686 1402 προοιμιάσασθαι
1701 1324 1768 1404 πρὸς

150 1427 280 1482 tensione
298 1424 387 1498 petita
401 1437 460 1478 esse
488 1422 663 1496 suspicatum
683 1437 749 1474 nam
770 1433 939 1490 quamquam
986 1412 1096 1486 εὔνοιαν,
1120 1411 1374 1490 imploraturum<
1393 1410 1494 1484 πίστιν,
1507 1409 1686 1490 ἀγωνίσασθαι
1706 1412 1770 1492 πρὸς

152 1515 256 1570 similia
275 1513 405 1583 legantur
420 1509 497 1584 apud
518 1510 664 1564 Platonem
682 1507 767 1581 Apol.
784 1523 815 1580 p.
837 1523 886 1576 ορ,
903 1505 941 1575 C,
985 1499 1131 1574 ἀπόδειξιν,
1145 1499 1430 1582 ἀνακεφαλαιώσασθαι
1442 1498 1507 1579 πρὸς
1519 1499 1682 1576 ἀνάμνησιν·
1697 1499 1770 1568 τέλος

155 1614 251 1656 tamen
270 1599 517 1654 ratiocinationem
541 1597 665 1652 Platonis
685 1595 825 1650 diversam
841 1611 899 1650 esse
913 1604 942 1648 et
985 1585 1012 1646 δὲ
1028 1592 1075 1659 τῆς
1090 1590 1232 1668 ῥητορικῆς
1245 1589 1275 1646 οὐ
1292 1586 1323 1646 πθ
1338 1589 1428 1653 ἁπλῶς
1441 1594 1547 1660 πεῖσαι,
1564 1585 1632 1646 ἀλλὰ
1645 1586 1676 1646 τὸ
1690 1593 1769 1648 πιθα-

154 1689 275 1744 similem
298 1686 465 1741 sententiam
494 1685 579 1740 etiam
601 1702 619 1740 ιι
638 1683 799 1739 Theodecte
817 1681 939 1737 orationi
984 1674 1039 1738 ναῖι
1051 1673 1202 1753 χρήσασθαι
1218 1673 1347 1753 μιθάδοις.
1365 1676 1408 1735 Cf.
1425 1675 1557 1751 Spengel.
1577 1675 1679 1754 Συναγ.
1692 1697 1767 1756 τεχν.

155 1775 334 1832 inserendam
347 1773 441 1828 luisse.
985 1783 1016 1840 p.
1033 1763 1098 1822 156.

533 1873 562 1932 t.
1363 1843 1381 1899 s

193 1953 319 2030 Fragm.'
333 1955 467 2013 Cantabr.
494 1953 578 2008 iesici
605 1952 737 2008 rhetorici
764 1951 802 2006 ad
830 1949 936 2005 calcem
1023 1933 1135 1987 Τῑθῑῑθθ
1146 1932 1217 1988 Chll·
1236 1931 1311 2000 XII,
1334 1929 1416 1986 5⁶⁶²

156 2046 253 2100 Photii
267 2061 298 2118 p.
312 2041 386 2113 670,
403 2041 440 2097 30
458 2061 464 2095 :
486 2036 585 2098 Ἰσαι
605 2039 639 2095 αἱ
660 2040 799 2117 ψῆφοι...
824 2035 940 2114 θποτίριμ
1033 2015 1173 2096 Τέσσαρα(
1188 2015 1265 2096 lo“tw
1281 2015 1375 2095 ἀρετὰ(
1384 2016 1489 2093 λέγουσι
1504 2015 1648 2094 ’τεθυκέναι

154 2131 178 2187 δ’
196 2127 229 2186 ds
249 2127 352 2194 πλείους
369 2127 515 2205 γίνωνται,
533 2116 606 2190 οὗτος
628 2122 713 2182 ἐνίκα·
729 2123 772 2182 ὅτε
787 2122 813 2182 δὲ
841 2122 941 2198 ἴσαι,θ
1023 2099 1203 2183 ⁶’'milii‘’ii
1218 2103 1305 2184 §irrep
1324 2125 1354 2160 τε
1367 2103 1444 2170 “ltili
1454 2101 1499 2160 καί
1511 2101 1683 2210 ’dindima

154 2215 260 2294 φεύγων
281 2213 436 2292 ἀπέφευγεν,
451 2215 485 2279 ὡς
503 2213 549 2270 καὶ
563 2210 711 2279 Θεοδέκτης
729 2212 755 2268 ἐν
771 2213 804 2287 τῇ
824 2207 940 2287 Σωκρά-
1023 2192 1197 2300 meldim<
1211 2193 1268 2267 ἅμα
1283 2213 1312 2249 τ’
1325 2189 1372 2249 καὶ
1392 2193 1564 2299 ³³²⁹&thoe
1575 2192 1602 2248 δ’
1614 2233 1621 2296 ρ

152 2325 214 2367 τους
228 2300 365 2382 ἀπολογίη.
381 2301 424 2358 Ci.
442 2303 560 2360 Aristot.
575 2303 648 2374 Rep.
664 2301 767 2359 Athen.
784 2299 819 2356 ir.
841 2297 888 2369 37.
1024 2277 1370 2425 “i‘irull‘iidfflb‘iim‘ssb
1385 2301 1512 2382 witigim
1527 2281 1635 2386 illidit*
1646 2299 1673 2335 τί

443 2447 490 2508 ιιι.
512 2446 654 2508 saxna.
1024 2367 1771 2527 θῗιλθίίιίίῗνῑῗοςίίτίρίίιῖνηῖίίλῖἶωίίμιν..

535 2559 563 2617 5,
985 2547 1055 2598 tioni
1068 2555 1155 2617 epta,
1175 2548 1217 2597 ita
1230 2561 1292 2597 curn
1307 2547 1403 2597 ceteris
1419 2543 1545 2616 partibus
1563 2547 1714 2597 communis
1732 2555 1773 2597 est

985 2636 1079 2698 uirtus,
1101 2650 1185 2704 quam
1211 2630 1379 2686 Theodectes
1390 2629 1454 2684 huic
1472 2634 1522 2684 uni
1537 2635 1651 2704 proprie
1670 2631 1766 2696 deciri,-

984 2736 1038 2772 non
1048 2721 1122 2772 enim
1134 2717 1315 2790 magnificam
1326 2719 1408 2772 modo
1420 2717 1567 2786 vulterre,
1580 2735 1672 2771 summ
1685 2723 1770 2772 etiam

980 2807 1135 2875 jucumiam
1153 2809 1364 2879 expositionem.
1380 2803 1422 2863 Gi.
1443 2804 1521 2859 idem
1532 2805 1581 2872 iv,
1604 2821 1634 2874 a,
1650 2803 1697 2860 31.
1719 2803 1769 2862 36.

987 2898 1035 2960 40.
1054 2891 1103 2951 52.
1120 2893 1155 2949 61
1172 2904 1202 2949 et
1212 2894 1312 2948 Pletho
1327 2891 1407 2962 tvl,
1422 2911 1452 2967 p.
1470 2890 1538 2966 59²·

196 2673 387 2744 Quintilianus
400 2673 440 2742 11,
457 2675 503 2746 15,
523 2691 558 2728 ro
572 2689 580 2730 ι
592 2675 619 2728 A
631 2691 683 2747 quo
698 2671 819 2746 (Gorgia
832 2671 863 2725 iu
873 2670 940 2729 Pla-

159 2761 235 2815 tonis
253 2761 345 2830 libro‚
366 2761 416 2833 qui
430 2761 546 2814 nomine
569 2759 628 2831 ejus
648 2759 801 2832 inscriptus
816 2757 871 2834 est)
886 2777 941 2812 ποτε

155 2849 287 2900 dissentit
304 2847 486 2914 Theodectes,
499 2851 556 2900 sire
572 2851 657 2920 ipsiru
673 2847 707 2900 id
717 2863 785 2920 opus
796 2857 854 2914 est,
870 2847 944 2920 quod

155 2935 193 2987 de
204 2933 338 2988 rhetorice
350 2939 463 2988 nomine
476 2939 537 3004 ejus
547 2935 710 3001 inscribitur,
729 2937 791 3001 sive,
807 2944 839 2987 ut
848 2934 941 2987 credi-

159 3034 216 3076 tum
228 3033 281 3088 est,
302 3023 458 3076 Aristotelis
472 3040 481 3074 .·
496 3026 525 3075 in
535 3039 589 3094 quo
599 3021 737 3094 estfiuem
752 3037 811 3074 esse
823 3019 941 3075 rhetori·
1360 2998 1379 3055 9

156 3125 204 3162 ces
208 3148 219 3175 ,
232 3109 333 3163 drtcere
341 3109 467 3164 homines
473 3108 590 3164 dicendo
607 3114 636 3162 in
649 3109 680 3163 id
692 3109 768 3181 quod
775 3119 854 3162 actor
864 3109 938 3164 uelit.
1026 3075 1180 3178 Di2”5‚⁵i⁰⁵
1194 3074 1257 3180 le.
1272 3085 1295 3132 θ’
1311 3077 1346 3148 vt
1360 3092 1392 3148 P·
1407 3071 1434 3143 8,
1448 3091 1459 3128 ¹
1472 3075 1508 3130 R·
1528 3091 1536 3129 ²
1551 3071 1645 3180 Τθζῦτα
1659 3069 1687 3128 33
1706 3072 1716 3148 l
1725 3091 1765 3131 ⁸⁰·

528 3221 558 3277 6.
600 3225 603 3234 ,
986 3158 1021 3218 τά
1034 3181 1079 3218 του
1096 3160 1175 3235 λογον
1190 3160 1288 3239 papiu)
1304 3157 1452 3230 Occiderat
1467 3157 1515 3236 μίν
1533 3159 1773 3238 καλλριστοτίλης

986 3247 1032 3306 καὶ
1048 3249 1073 3307 οἱ
1086 3249 1145 3304 κατ’
1158 3246 1271 3314 ἐκείνους
1282 3246 1504 3328 φιλοσοφήσαντες
1518 3244 1577 3313 τοὺς
1590 3244 1698 3326 χρόνους
1709 3247 1773 3326 άχρι

201 3332 237 3388 G.
262 3330 375 3406 Pierio,
396 3333 474 3407 Epit.
493 3335 568 3407 rhet.
584 3345 606 3393 t.
622 3335 680 3408 Vl,
695 3353 725 3410 p.
750 3331 807 3390 585
826 3335 916 3392 Walz.
934 3353 942 3395 ε
987 3336 1065 3411 τριῶν
1077 3333 1240 3413 προήγαγον,
1252 3333 1370 3411 ὀνόματα
1383 3333 1430 3394 καί
1444 3333 1552 3414 ῥήματα
1562 3334 1607 3392 καὶ
1614 3333 1773 3409 συνδέσμους

159 3418 332 3486 Μινουκιανὸς
353 3411 407 3492 οὖν,
430 3423 466 3487 ὡς
485 3419 561 3498 ἔφην,
584 3421 693 3492 ἐκεῖνος,
713 3423 728 3477 θ
749 3419 942 3500 τεχνογράφος,
988 3424 1079 3500 πρῶτα
1095 3418 1162 3500 μίρη
1180 3425 1226 3492 τῆς
1246 3420 1342 3490 litent
1354 3425 1499 3489 ποιοῦντες.
1508 3425 1585 3510 'ilaec
1599 3424 1685 3480 latina
1704 3424 1772 3481 iecit

159 3507 263 3580 pritesen
280 3506 349 3573 θείας
369 3506 553 3586 μετεσχηκώς,
574 3507 693 3587 καθάπερ
709 3507 761 3586 πρὸ
782 3505 873 3566 τούτου
894 3508 940 3566 καί
987 3511 1176 3583 Quintilianus
1188 3529 1213 3582 r,
1230 3519 1245 3577 d
1261 3511 1278 3587 S
1294 3512 1341 3570 ιθ.

159 3593 324 3666 Θεοδέκτης,
336 3593 430 3672 ὀλίγοις
444 3593 512 3653 πάνυ
525 3602 579 3662 τοῖς
592 3595 692 3672 ῥήμασι
703 3593 751 3666 τὴν
766 3601 855 3654 πᾶσαν
871 3599 944 3675 ρητο-
1362 3618 1407 3657 ιο.

160 3679 237 3759 pruris
255 3680 394 3759 περιέλαὸε
416 3680 534 3758 δύναμιν,
558 3680 638 3740 εἰπὼν
659 3681 723 3761 ἔργα
748 3681 855 3762 ρι’,τορος
874 3669 941 3740 εἶναι
1027 3683 1126 3740 Cicero
1140 3683 1247 3759 Orats
1263 3703 1317 3755 τρο
1334 3689 1388 3744 :Is
1402 3690 1488 3758 igitur
1501 3681 1696 3763 (Aristoteles)
1712 3703 1771 3740 oer-

160 3767 276 3846 εθρεσιν,
295 3765 378 3840 τάξιν,
400 3765 565 3844 οἰκονομίαν,
584 3767 768 3845 μνημοσύνην,
789 3766 941 3848 ὑπόκρισιν,
988 3789 1047 3825 sunt
1063 3775 1093 3825 in
1117 3777 1241 3826 oratione
1255 3784 1329 3826 vetat
1347 3791 1422 3843 esse,
1440 3791 1583 3828 nutrieram
1595 3775 1684 3844 jubet.
1702 3775 1772 3843 Itius

161 3854 314 3933 ἑρμηνείαν.
330 3881 342 3908 ι
356 3859 424 3929 Quae
439 3873 603 3932 quanquam
617 3857 686 3912 mihi
700 3857 945 3932 parumvidentur
988 3860 1101 3914 auditor
1115 3859 1291 3926 Theodectes,
1310 3865 1456 3934 inprimis,
1469 3871 1500 3914 ut
1513 3862 1678 3915 Aristoteles
1694 3877 1772 3933 stepe

161 3945 321 4016 probabilia
340 3962 415 4017 esse,
436 3955 530 4000 tamen
544 3945 655 4000 silentio
672 3963 802 4020 premere
824 3947 916 4001 nolui.
931 3969 944 3996 ν
989 3947 1147 4020 significat,
1157 3950 1263 4021 politus
1272 3953 1391 4022 scriptor
1400 3959 1486 4021 atque
1498 3946 1621 4016 artilex,
1633 3947 1687 4003 icoc
1696 3949 1769 4003 idem

163 4033 314 4090 Ssuerrus.
989 4046 1016 4089 et
1025 4039 1108 4089 sentit
1119 4047 1149 4089 er
1156 4039 1296 4108 proecipt't.
1312 4034 1394 4090 Idem
1408 4045 1561 4109 postquam
1592 4051 1688 4110 paeana
1706 4053 1771 4090 om-

161 4191 218 4244 nani
233 4195 350 4258 templum
374 4195 462 4258 impius
483 4197 547 4246 tuit?
561 4209 679 4260 quasnam
697 4196 797 4246 deorum
814 4199 942 4246 veneratus
1018 4198 1154 4248 Secundum
1166 4199 1327 4250 Tiieudectem
1341 4199 1398 4248 artis
1408 4199 1591 4261 oratorieopus
1607 4199 1645 4248 est
1655 4198 1771 4261 pmoeuta

161 4277 210 4313 noo
222 4269 275 4325 est,
289 4278 350 4327 quos
360 4267 445 4316 civitas
459 4267 593 4318 iudeorum
605 4280 705 4316 numero
715 4267 805 4316 habet?
989 4267 1066 4318 iacere
1081 4270 1111 4318 ed
1126 4269 1269 4332 captandam
1289 4269 1496 4329 benemleutiam.
1511 4281 1632 4331 exponere
1648 4269 1678 4318 sd
1699 4268 1771 4319 tidem

419 4397 423 4404 ⁵
542 4343 566 4386 l.
988 4337 1135 4400 taciendam,
1151 4345 1244 4390 certare
1258 4339 1288 4389 ad
1301 4339 1534 4399 demonstrandum,
1556 4351 1725 4390 consummate
1741 4339 1771 4388 ad

193 4405 240 4462 Qui
253 4404 367 4465 maiorem
381 4405 550 4468 suffragiorum
567 4418 694 4456 numerum
705 4405 817 4467 tulisset,
831 4405 851 4456 is
862 4407 944 4455 viare·
989 4409 1203 4471 reminiscentiam
1218 4409 1272 4460 fluis
1291 4421 1350 4459 sero
1361 4411 1421 4459 artis
1432 4409 1544 4460 ombria
1563 4422 1612 4459 nou
1626 4409 1767 4472 simpliciter

162 4473 219 4533 bat;
231 4473 269 4522 sio
285 4475 402 4536 aequalem
420 4475 475 4531 tulit
489 4489 544 4538 pars
562 4477 680 4538 utraque,
697 4489 753 4525 reus
767 4475 943 4536 absolvebatur,
988 4481 1012 4529 in
1023 4481 1187 4543 persuadendo
1200 4483 1291 4546 positus
1300 4485 1346 4543 est.
1357 4479 1431 4532 sedin
1443 4493 1490 4530 usu
1499 4479 1668 4532 methodorum
1677 4479 1772 4544 quaed

162 4545 226 4592 sicut
237 4545 311 4592 dum
321 4543 467 4594 Theodectes
477 4546 510 4593 eit
522 4544 547 4593 in
558 4545 664 4594 socratis
675 4543 820 4595 defensione.
988 4551 1181 4614 persuadendum
1198 4551 1362 4602 amommdte
1374 4551 1432 4601 sint.

487 4617 532 4666 lli.
551 4617 618 4666 sits.

193 4752 323 4801 Μινοῖεοοε
335 4753 391 4815 iiie,
402 4753 467 4802 eleut
478 4752 541 4816 dixi,
555 4754 642 4805 artium
650 4753 760 4816 scriptor,
773 4752 862 4802 divinar
874 4753 944 4802 natu·

163 4835 198 4870 rm
208 4823 341 4884 particeps,
357 4825 563 4886 quemadmodum
572 4829 628 4875 ante
641 4827 706 4874 hunc
718 4825 878 4885 Tireodecles,
892 4837 944 4886 per·

163 4892 246 4953 petreis
259 4892 337 4941 serbis
353 4895 428 4942 totam
443 4896 518 4944 artem
529 4895 658 4945 orawriam
674 4895 815 4957 complexus
828 4898 880 4954 est,
893 4907 944 4942 ora·

163 4964 223 5012 toris
235 4975 296 5025 opos
311 4977 364 5014 esse
382 4965 463 5015 dicens
482 4967 660 5028 inventionem,
674 4965 796 5026 ordinem,
809 4963 944 5027 dispositio·

162 5047 234 5093 nen.
248 5035 404 5098 memoriam,
418 5037 550 5098 actionem,
560 5037 750 5100 explicationem.
891 5036 894 5042 '
1368 5091 1383 5134 9

193 5172 304 5221 oratoris
318 5185 379 5236 opus
392 5176 444 5237 eet,
463 5177 490 5225 ut
501 5175 650 5226 Theodectes
662 5175 708 5236 sit,
721 5171 841 5236 prorumiis
853 5173 947 5234 capiare
1022 5171 1143 5225 orationis
1155 5175 1235 5234 partes
1244 5171 1392 5222 Theodectes
1405 5175 1429 5220 et
1440 5169 1581 5220 aristoteles
1597 5175 1622 5220 et
1636 5170 1680 5232 rpri
1688 5181 1772 5219 eornm

161 5242 373 5304 benevolentiam,
388 5245 536 5307 expositione
550 5245 741 5308 probabilitatem
757 5245 879 5306 spectare,
895 5255 947 5292 con
992 5241 1144 5306 temporibus
1154 5241 1222 5292 hisce
1234 5241 1322 5292 studiis
1336 5254 1435 5304 operam
1452 5239 1587 5300 meabant.
1605 5239 1636 5290 ad
1649 5239 1695 5289 tris
1714 5253 1772 5300 pro-

160 5312 302 5363 iirmatione
326 5312 619 5379 tentamentum
645 5316 683 5368 sei
705 5315 765 5365 iram
786 5323 885 5364 movere
910 5313 947 5363 vei
992 5309 1099 5372 durem.
1116 5312 1205 5373 primas
1213 5310 1413 5374 madonispartes
1425 5323 1479 5362 esse
1492 5311 1625 5364 statuentes
1640 5307 1736 5358 sonim
1749 5309 1773 5354 et

160 5381 407 5435 commiserationem.
994 5383 1101 5434 rerbaet
1114 5381 1303 5444 conjunctiones.

1376 4653 1391 4696 8

1020 4728 1141 4785 Quattuor
1153 4725 1267 4776 orationis
1281 4726 1381 4775 virtutes
1396 4736 1449 4774 esse
1461 4722 1546 4773 dicunt
1562 4724 1677 4772 isocrates
1692 4723 1773 4771 orator

990 4799 1014 4847 ei
1028 4795 1162 4846 Alcidamas
1175 4809 1231 4845 cum
1248 4796 1326 4859 iisque
1337 4793 1484 4845 iireodeetes
1497 4797 1521 4843 et
1531 4791 1671 4851 Mucianus.
1720 4805 1774 4856 per-

989 4867 1150 4930 spicuitatem,
1166 4867 1377 4928 magnificentiam,
1389 4864 1574 4915 concinnitatem
1583 4864 1609 4911 et
1620 4861 1773 4923 probabilita-

990 4941 1038 4986 tem
1050 4935 1192 4986 narrationis
1208 4937 1338 4999 ligumrum
1361 4934 1538 4985 rhetoricarum
1553 4931 1706 4994 iucunditate
1720 4933 1770 4984 dis--

990 5007 1081 5058 tinette.
