3934 6350
256 403 315 456 662
799 387 941 446 ΣΧΟΛΙΑ
963 385 1028 444 ΕΙΣ
1048 385 1321 444 ΔΗΜΟΣΘΕΝΒΝ.
1959 471 1960 480 γ

255 527 349 588 δοῦναι,
362 525 413 584 τοῖς
424 520 453 574 δί
462 521 587 580 δικασταῖς
594 517 699 578 πολλοῖς
707 513 775 570 οῦειν
786 517 943 583 οάκὴδόνατο
954 517 1037 570 πολλά
1078 517 1201 582 πτηθίντα
1217 514 1251 586 με]
1264 515 1352 568 λαθεῖν
1366 515 1435 580 δίκην
1450 515 1514 568 ἐοιαι
1527 521 1565 586 τῷ
1576 515 1705 583 ήττάσθαι.
1748 519 1871 586 Ζητήαες

254 601 414 671 ῦπυσγίσθαι.
458 597 538 668 Ιίάμσί
552 597 595 667 μάν
608 597 660 658 ίῖον
674 591 705 663 ήν
718 597 822 660 λαθεῖν,
835 597 894 666 θμῖν
908 596 934 648 δέ
947 596 1036 664 ίιπισχ·
1078 597 1100 646 δ’
1115 595 1144 647 ἀν
1164 614 1201 656 τις
1218 602 1268 657 πῶς
1283 595 1309 649 ἐν
1329 601 1365 666 τῷ
1386 597 1439 648 κατ’
1459 594 1594 665 Δία-γίνου,
1614 599 1694 650 καίτοι
1715 607 1869 670 κατηγορῶν
1959 643 1960 658 ,

256 683 334 732 νεῖται
348 680 440 748 μόνον,
452 675 523 748 κάγὼ
540 675 584 746 μὶν
596 675 610 727 ό
623 675 748 736 πεπονθὼς
761 673 792 726 δι’
801 675 864 746 θμιῖς
876 675 920 726 οδε
934 673 1034 739 ίλαῦον,
1078 694 1174 746 φησιν
1190 676 1311 744 δεήσομαι
1323 651 1421 726 πάντων
1434 675 1540 744 (0523.-
1583 671 1727 741 Ῥητόον“
1697 694 1744 728 ουν
1756 677 1800 729 ότι
1814 681 1868 730 διι-
1959 679 1960 728 1

255 760 325 828 θμιῖς
338 757 365 810 δέ
380 757 404 809 οί
418 759 493 827 μηδίν
506 775 529 808 τι
544 755 690 818 πεπονθότες
707 757 760 808 κατ’
772 755 832 826 ἐμοῦ
845 755 968 825 λήψιοθες
1078 755 1151 824 φοραὶ
1165 755 1272 820 δεήσεών
1294 752 1364 805 εἰσιν.
1404 751 1518 804 'Eut'
1492 753 1604 823 μενγάρ
1621 755 1662 806 καί
1681 756 1764 821 δίησις
1787 775 1867 826 σεμνη
1959 749 1960 802 ζ

292 833 719 902 515,15.Πολλδςδέδιήαεις]οίι
732 835 791 904 πρός
802 833 844 895 εάς
854 834 956 898 δεήσεις,
970 829 1036 882 ἀλλά
1078 833 1119 885 καί
1134 834 1247 904 φρόνημα
1261 833 1368 902 ἐμουαα,
1381 831 1519 884 ίνταῦθαδέ
1534 835 1695 898 ταπεινότητα
1708 834 1797 903 ἐχειίγ
1814 837 1867 901 δίη·

256 912 370 982 πρδςτάς
384 911 583 978 ἀπειλθςκυρίως
601 911 780 982 τδίιπομείνας.
818 910 962 972 Σώζεταιδί
975 907 1036 960 κατά
1078 931 1123 974 αις,
1162 913 1229 979 Φησι
1241 911 1314 982 γάρ
1331 913 1417 981 δέομαι
1430 911 1476 964 δέ
1467 931 1535 980 υμων
1546 911 1741 975 καὶίιιετεόω,ι
1761 915 1866 967 καὶάνε-

255 990 436 1062 φόσινήτάξις.
478 991 579 1061 ίίριῦτον
591 993 638 1061 γάρ
652 1009 687 1052 τις
704 989 818 1054 ἱκετεύει,
835 988 890 1042 εἶτα
907 987 941 1059 μή
954 988 1036 1057 τυχὼν
1078 1009 1123 1060 περ
1136 990 1271 1060 ἡττημένος
1280 989 1491 1060 τδνάγῡναοῦτω
1504 991 1647 1042 πυνθάνεται
1661 993 1830 1058 (ποιεῖταιὲ)

257 1075 350 1140 ’χρῆται
357 1073 411 1131 ταῖς
422 1069 542 1132 ἀπειλαῖς.
1115 1069 1177 1132 516,
1197 1070 1223 1122 3.
1239 1069 1286 1120 Καί
1309 1067 1350 1120 διό
1368 1073 1441 1120 τοῦτο
1462 1072 1505 1132 τῆς
1518 1067 1608 1139 φυλῆς]
1632 1067 1693 1121 ’ἀνθ’
1707 1069 1799 1122 ἐαυτοῦ
1821 1071 1865 1136 τήν

293 1150 355 1214 515,
367 1153 408 1204 ιθ.
426 1147 452 1201 Ἀ
464 1149 488 1202 δ’
501 1148 526 1202 ἐν
537 1149 597 1219 ῦμίν
613 1147 674 1218 μετά
687 1148 764 1199 ταῦτά
775 1146 839 1199 ἐστιν
851 1145 990 1214 θπόλοιπα]
1002 1144 1036 1194 Το
1078 1147 1156 1216 φυλὴν
1171 1148 1314 1216 ὠνόμασεν,
1334 1146 1444 1200 ἐπισείειν
1463 1146 1528 1217 αὐτῷ
1547 1145 1677 1216 πολεμίους
1693 1148 1806 1210 πολλοῦς
1825 1153 1864 1202 καί

257 1225 344 1280 λοιπδν
360 1225 531 1292 ἀπεσιώπησε,
558 1225 591 1296 μὴ
612 1225 760 1296 βουλόμενος
781 1229 888 1294 φανερῶς
907 1222 1037 1294 ἐγκαλέσαι
1079 1227 1273 1298 όλόκληροντήν
1292 1227 1381 1296 φιλήν.
1419 1226 1593 1286 Καλῦιςδέκαί
1608 1227 1663 1278 τδι
1682 1226 1784 1289 ἀδίιως,
1799 1251 1811 1278 ι
1826 1230 1864 1282 03

255 1307 308 1366 τοῖς
319 1303 512 1370 δικασταίς,καί
522 1305 563 1356 διά
574 1309 646 1357 τοῦτο
655 1304 686 1357 τά
697 1304 750 1370 ίξῆς
764 1302 941 1368 ἀκαταλλήλως
957 1301 1036 1370 ἀπήγ-
1079 1304 1126 1374 γάρ
1140 1305 1221 1358 ἀετλιῖιι
1235 1303 1330 1358 εἶπεν·
1351 1304 1457 1376 ἀφηρίθη
1471 1301 1581 1374 ήφιλὴ,
1602 1304 1711 1356 εάλλί
1731 1306 1860 1368 ἀδίκως..
1959 1315 1960 1326 ’

256 1382 355 1452 γειλεν,
373 1383 417 1435 ίνα
438 1383 521 1453 μηδείς
541 1381 664 1454 ἀπαιτήσῃ
683 1381 712 1434 τί)
732 1381 877 1435 ἀκόλουθον.
914 1379 965 1445 Τήν
989 1381 1037 1450 γὰρ
1085 1383 1114 1436 '0
1126 1385 1242 1454 πολέμιος
1252 1383 1306 1454 ίχει
1321 1383 1418 1453 [παρὰ]
1431 1384 1461 1435 τδ
1470 1385 1573 1435 δίκαιον.

256 1459 322 1523 τάξιν
343 1461 459 1528 ἐνήλλαξε
485 1461 526 1513 καί
550 1479 639 1530 φησιν,
664 1462 716 1532 δαιρ
744 1460 853 1512 πλείοσιν
878 1458 1035 1528 ἠνώχληκεν.
1115 1465 1176 1526 516,
1193 1483 1218 1532 9.
1241 1462 1273 1514 Εί
1293 1463 1342 1533 γὰρ
1360 1461 1413 1516 οίόν
1427 1464 1469 1531 τε]
1487 1460 1643 1527 Ἐντεῦθενίγ
1661 1461 1801 1528 numi,
1822 1471 1863 1517 πῆ
1959 1503 1960 1508 ,

258 1539 332 1602 Ἐθος
345 1540 371 1593 δέ
385 1537 557 1611 ίγειόρήτωρ
568 1539 684 1608 ὀχλήσεις
693 1539 778 1591 καλεῖν
793 1538 835 1600 τάς
846 1541 974 1609 γινομένας
986 1541 1038 1600 τοῖς
1079 1541 1188 1610 δευτίρου
1202 1542 1295 1611 μέρους.
1333 1541 1442 1610 Συνῆψε,
1464 1541 1539 1608 φησὶ,
1564 1539 1663 1600 Μειδίας
1685 1545 1718 1612 τῇ
1739 1543 1814 1612 κακία
1833 1563 1863 1596 τε

257 1621 381 1681 δικασταῖς
400 1619 516 1681 ἀξιώσεις.
564 1618 652 1670 Ἔστιν
671 1613 714 1669 οῦν
734 1617 902 1688 ἀπηρτημένος
919 1615 933 1669 ό
951 1617 1035 1686 λόγος.
1079 1619 1185 1690 ἀματα,
1198 1621 1336 1689 κατήγορον
1357 1618 1480 1688 ἀποφήνας
1491 1617 1534 1670 τθν
1546 1618 1676 1688 φεύγοντα.
1959 1653 1960 1656 =

260 1696 427 1764 ’ίίκολοάθησε
440 1697 488 1767 γάρ
501 1697 577 1758 οθτως
590 1697 619 1748 ἀν
634 1696 649 1748 ό
663 1699 726 1757 νοῦς·
742 1697 793 1767 θοιρ
808 1695 834 1748 δέ
848 1695 956 1749 πλείοσιν
969 1692 1038 1757 οῦτος
1115 1697 1175 1760 516,
1192 1715 1233 1751 ιο.
1248 1697 1320 1750 Ἔστι
1331 1716 1366 1758 τις
1378 1695 1502 1766 συμφορὰ]
1519 1697 1556 1766 Τῇ
1572 1697 1761 1764 ιεαραθέσειτδιν
1778 1697 1861 1750 ἀλλων
1959 1741 1960 1744 .

257 1776 406 1847 ἠνώχλησε,
430 1777 539 1847 τοσούτῳ
558 1775 689 1848 [μᾶλλον]
707 1777 830 1845 προσδοκᾷ
849 1774 967 1844 λήψεσθαι
992 1773 1051 1839 τὴνΥ
1079 1774 1131 1828 ἐστί
1141 1777 1260 1846 συμφορά.
1315 1775 1346 1826 Εἰ
1357 1775 1382 1827 οἱ
1393 1775 1545 1846 κρινόμενοι,
1566 1775 1654 1845 φησὶν,
1677 1774 1703 1828 ἐν
1729 1781 1861 1846 συμφορεῖς
1959 1777 1960 1832 J

256 1855 344 1925 ᾖρον.
380 1853 410 1906 Οἱ
432 1853 481 1924 γάρ
500 1852 716 1922 ἀναισχυντοῦντες
736 1852 761 1906 ἐν
782 1855 836 1914 ταῖς
857 1853 1036 1923 παρακλήσεων
1079 1855 1146 1915 όντες
1159 1853 1571 1924 ίκετεθουσι,κάγὼόίόρισμάνος,
1587 1853 1609 1906 εί
1621 1853 1654 1924 μὴ
1669 1855 1860 1928 λάδοιμιδίεες,

258 1932 394 2003 σἐρίγδίως
405 1931 613 1993 αῦτάςποιυῦνται
626 1933 677 1992 τοῖς
690 1930 859 2001 θπομένουσιν.
914 1929 1036 1984 'Edam
1079 1929 1104 1983 ἐν
1118 1933 1229 2002 συμφορᾷ
1240 1931 1337 2002 ἔσομαι.
1374 1931 1680 2001 Είκότωςάραδεήσομειι.

259 2013 284 2065 δέ
297 2014 338 2064 καί
347 2013 451 2082 ἐμήκυνε
462 2013 490 2064 τδ
501 2011 630 2082 προοίμιον
648 2009 702 2080 όρή
704 2029 754 2079 τωρ
768 2007 918 2079 ἐπιουνάγων
934 2009 965 2062 τδ
979 2011 1036 2076 νοή-
1114 2005 1467 2081 516,11.Δέομαιοῦνῦμεῗιν
1480 2009 1700 2081 άπάντωνμεῳκή
1684 2011 1861 2076 ήαατοίκαιῶς

259 2111 338 2162 ματα,
354 2091 544 2162 διάτδθυμικθν
559 2091 712 2160 περιγράφειν
727 2087 843 2141 αάτάοῦκ
861 2088 975 2158 ίσρόοας,
994 2090 1036 2141 ίνα
1080 2088 1137 2140 τό
1124 2090 1176 2140 οειν
1191 2086 1314 2141 ίιιετεῦειν.
1356 2085 1552 2140 Ἐντεῦθενδί
1532 2105 1561 2140 το
1575 2087 1736 2188 αυμπίρασμα
1750 2095 1795 2142 τοῦ
1808 2092 1861 2142 δεο-

258 2191 288 2244 τη
275 2171 366 2244 ’ῥύμῃ
378 2175 421 2224 τοῦ
437 2173 525 2233 πάθους
542 2169 666 2234 ἀκολουθή
650 2167 736 2234 ήσαςό
754 2168 829 2238 λόγος
843 2167 953 2241 ἀπορήσῃ
965 2170 1035 2222 ποίαν
1078 2169 1147 2236 τίρου
1165 2167 1312 2248 προοιμίου,
1328 2167 1387 2237 όπερ
1406 2169 1535 2268 προοίμιον
1554 2166 1715 2235 εἴληπται
1689 2175 1758 2240 αυτῷ
1774 2169 1802 2223 ἐκ
1823 2191 1861 2222 συ-

257 2248 371 2314 τελευτήν
385 2249 484 2316 ποιήσετ
486 2268 519 2302 αι.
1079 2237 1184 2307 στάσεως
1195 2249 1239 2298 τοῦ
1252 2243 1342 2297 οἰκείου
1352 2249 1483 2316 προσυιετου
1497 2245 1522 2299 ἐν
1533 2247 1660 2316 διορισρω
1698 2247 1805 2315 Διορίζει
1814 2249 1860 2317 γάρ

294 2327 409 2395 515,19.
423 2323 494 2396 Ὀσιρ
506 2321 699 2394 πλιίοσιν]Σχῆ
703 2323 954 2394 ματδπαράτοῖςρή
955 2343 1036 2394 τοροιν
1081 2325 1181 2397 (ότι)
1171 2345 1196 2378 εν
1217 2325 1295 2386 ποίοις
1320 2323 1458 2396 ἐγκλήμασι
1475 2327 1517 2378 δεῖ
1535 2326 1628 2378 θεῖαθαι
1648 2325 1692 2378 τδν
1708 2328 1857 2397 κατήγορον,

257 2405 416 2458 θποστατιαδν
437 2403 572 2474 λεγόμενον
594 2400 645 2455 ἐστί
658 2405 740 2456 τοῦτο.
778 2403 895 2455 ίίαλεΐται
916 2403 942 2455 δὲ
961 2403 1037 2466 οῦτως
1079 2405 1120 2457 καί
1129 2403 1154 2456 ἐν
1170 2402 1288 2464 ποίοις’
1262 2423 1291 2454 ου
1305 2405 1352 2458 δεῖ.
1476 2425 1479 2428 ·

258 2483 306 2536 ἀπδ
320 2487 362 2536 τοῦ
372 2482 473 2552 θρισεοῖν
482 2481 527 2547 τήν
538 2481 663 2546 ποσότητα
674 2477 718 2544 τὴν
732 2479 764 2540 είς
772 2481 828 2532 τόδε
842 2481 870 2532 εδ
880 2484 991 2550 πρᾶγμα
1007 2483 1034 2534 S.
1113 2488 1174 2544 616,
1193 2483 1234 2534 13.
1251 2482 1312 2534 Ἐπε
1315 2483 1344 2534 ιε’
1364 2481 1406 2534 ἐὰν
1421 2481 1547 2550 ἐπιδείξω]
1567 2481 1717 2543 Είςτελικθν
1740 2483 1767 2535 δά
1786 2487 1857 2554 ιεφά·

294 2563 354 2615 515.
369 2579 413 2615 αι.
429 2559 565 2631 Οὗγάρδν
584 2559 750 2631 καταγνοίην]
766 2558 938 2629 Πληρώσας
914 2579 958 2625 την
977 2579 1036 2630 προ-
1078 2561 1163 2624 λαιον,
1173 2561 1202 2613 τδ
1215 2561 1351 2630 συμφίρυν,
1366 2559 1522 2626 κατίληξετδ
1539 2562 1753 2631 συμπίρασματῆς
1767 2581 1857 2630 κροκι.

258 2639 486 2736 κρεασκευὴνίν
455 2659 490 2710 τῳ
500 2636 733 2710 προοιμίιρδιιιλοῦν
747 2635 1035 2708 ἐπήγαγισυρπίρασμα,
1079 2641 1204 2704 τασκευής.
1220 2639 1298 2690 BRY.

258 2737 287 2772 το
299 2719 341 2790 μὲν
353 2719 385 2781 είς
397 2705 451 2786 τηιδ
457 2719 587 2790 πρωτην
570 2717 701 2812 πρότασιν,
715 2717 754 2769 δτι
771 2717 861 2776 πάντας
872 2716 962 2786 θόρίζει
976 2716 1036 2768 Met·
1115 2717 1175 2780 516,
1194 2733 1232 2784 ¹7·
1244 2713 1432 2786 Ὕόρισμαιμὲν
1443 2713 1508 2787 ἐγὼ]
1519 2714 1563 2768 'Ex
1572 2717 1692 2785 τεττάρων
1704 2717 1769 2786 δρων
1778 2717 1857 2786 βιάζε-

257 2799 309 2860 δίας
323 2799 403 2852 καθ’
379 2819 407 2851 ου
427 2797 475 2868 χρὴ
489 2799 648 2868 συγχωρῆσαι
670 2796 733 2847 ὥστε
747 2815 789 2850 και
810 2795 838 2847 τδ
857 2795 944 2847 λοιπόν
962 2795 1037 2858 ἀδεῶς
1079 2814 1119 2848 ται
1134 2797 1252 2866 δημόσιον
1266 2793 1418 2846 δεικνύναι
1396 2811 1426 2845 το
1437 2795 1546 2862 γεγονός·
1560 2795 1656 2862 πρώτου
1671 2795 1729 2864 μὲν,
1742 2796 1780 2848 δτι
1794 2799 1856 2849 πᾶσα

257 2877 413 2944 θόρίζειν,
393 2893 421 2928 το
435 2875 461 2928 δί
483 2874 515 2936 είς
529 2873 573 2938 τήν
594 2871 807 2944 πρυκατασκευὴν,
830 2873 868 2925 δτι
884 2871 917 2943 μὴ
940 2871 1037 2927 ἐναντία
1080 2873 1144 2943 θόρις
1155 2871 1227 2924 καὶέν
1240 2871 1318 2941 όπυίιρ
1329 2872 1419 2936 δήποτε
1433 2876 1508 2941 καιρῷ
1520 2871 1638 2941 δημόσιόν
1652 2871 1710 2928 ἔστι.
1727 2873 1775 2924 Καί
1787 2879 1857 2926 τοῦτο

168 3003 171 3010 .
257 2954 374 3020 ποιήσητε
387 2955 503 3024 χρήματα
514 2953 630 3014 λαθόντες
640 2949 676 3014 οίς
687 2953 803 3021 πρότερον
813 2951 917 3017 ἠξιοῦτε.
930 2951 975 3002 Ιίαί
989 2951 1038 3005 ἐτε·
1080 2955 1198 3006 δείκνυσιν
1209 2951 1297 3022 ἐνίμέν
1313 2951 1353 3002 διά
1371 2954 1414 3002 τοῦ
1426 2949 1518 3013 εἰπεῖν,
1540 2950 1770 3022 ιτάςμάνγραφάς
1783 2952 1857 3005 ἐδωτε
1959 2949 1960 3010 ί

258 3032 374 3096 λεῦτησεν
389 3031 456 3100 αθτῷ
469 3030 498 3082 τ“ο
510 3033 669 3099 συμπέρασμα
688 3029 720 3090 είς
737 3031 833 3082 τελικδν
851 3031 992 3100 κεφάλαιον,
1009 3033 1037 3085 τδ
1079 3032 1152 3085 παντὶ
1172 3035 1208 3102 τῷ
1230 3029 1385 3100 βουλομένῳ,
1410 3027 1439 3080 τδ
1459 3027 1484 3080 δέ
1505 3028 1600 3097 τίμημα
1622 3029 1720 3095 ἐποίησε
1739 3032 1854 3100 δημθσιον
1959 3069 1960 3106 1

258 3111 382 3179 συμφίρον.
421 3107 466 3160 Διά
489 3111 562 3158 τοῦτο
582 3109 629 3177 γάρ
655 3126 733 3178 φαμεν
757 3111 898 3178 συγγίνεται
922 3110 989 3179 ἔχειν
1008 3111 1038 3164 τά
1079 3110 1149 3163 δλον.
1164 3131 1175 3159 ι
1191 3110 1305 3178 Δευτίρου
1321 3107 1363 3172 δέ,
1379 3107 1417 3158 ότι
1434 3107 1513 3159 πάντα
1529 3106 1558 3158 τά
1579 3105 1655 3177 ἐντῇ
1678 3107 1751 3178 ἑορτῇ
1771 3111 1854 3178 γιγνό-
1959 3139 1960 3156 τ

257 3188 372 3258 προοίμια
385 3187 443 3256 πρός
464 3186 519 3246 τοῦς
536 3184 682 3256 ἐπιλόγους,
698 3187 760 3238 διότι
784 3187 981 3256 συμπληροῦνται
998 3190 1039 3241 κά-
1082 3205 1158 3258 μενα,
1168 3186 1253 3248 κάνείς
1264 3185 1362 3250 ἰδιώτην
1375 3180 1402 3255 ᾖ,
1417 3184 1523 3253 δημόσιά
1537 3182 1595 3236 ἐστι·
1611 3186 1710 3254 τρίτου,
1726 3185 1757 3238 τά
1769 3185 1802 3247 είς
1814 3205 1855 3256 χυ-

259 3269 334 3319 κιῖνοι
349 3269 399 3327 τοῖς
410 3265 515 3326 τελικοῖς
525 3263 672 3334 κεφαλαίοις.
687 3267 874 3318 BFRSYTCV.
1082 3267 1157 3336 ρηγδν
1171 3267 1307 3336 γιγνόμενα
1324 3263 1366 3316 καί
1379 3261 1466 3333 πολλῷ
1483 3261 1567 3314 πλέον·
1584 3264 1715 3332 τετάρτου,
1732 3265 1772 3316 δτι
1783 3265 1812 3316 οδ
1824 3266 1853 3315 δι’
1959 3263 1960 3308 ί

295 3345 356 3409 515,
367 3349 412 3397 26.
427 3341 456 3394 ΙΞί
466 3341 508 3414 μίν
521 3337 581 3406 οῦν,
594 3337 616 3394 ὦ
634 3342 731 3413 ἀνδρες]
746 3342 780 3394 Τδ
793 3342 836 3412 μὲν
849 3349 945 3412 πρῶτον
957 3347 1038 3414 προοί-
1081 3343 1123 3413 ἐμὲ
1137 3344 1223 3413 μόνον,
1233 3341 1298 3394 ἀλλά
1311 3341 1353 3393 καί
1363 3341 1402 3392 διὰ
1411 3343 1502 3401 πάντας
1515 3341 1570 3402 τοῦς
1582 3341 1672 3403 ἀλλους
1683 3343 1852 3412 θαουςῦδριοτν
1959 3329 1960 3380 Ῠ

260 3441 315 3494 μιον
334 3427 377 3476 τοῦ
390 3424 559 3492 πραγματικοῦ
574 3420 689 3474 πλεῖστον
705 3422 808 3490 μετέχον
821 3420 923 3474 ἐλαττον
942 3421 997 3492 εἶχε
1010 3425 1038 3476 τ“ο
1081 3423 1144 3486 ἀξιός
1156 3425 1219 3478 ἐστιν
1232 3426 1265 3486 ιὐς
1275 3422 1386 3494 θόριστὴς
1403 3424 1444 3476 καί
1462 3423 1601 3493 τυραννιαδς
1613 3425 1720 3494 δημοσίᾳ
1735 3425 1853 3490 κολασθῆ-

260 3501 402 3568 παθητικόν·
420 3499 445 3552 ἐν
455 3498 481 3551 δὲ
495 3497 574 3568 τοθτιρ
587 3497 661 3552 πλίον
673 3498 787 3567 βούλεται
801 3501 898 3564 κινῆσαι
907 3499 935 3550 τδ
945 3501 1036 3564 πάθος,
1080 3521 1128 3556 ναι.
1178 3503 1278 3573 Πρῶτον
1298 3496 1341 3554 οῦν
1360 3499 1527 3554 ἀποδείκνυσιν
1548 3503 1587 3553 δτι
1610 3503 1676 3554 πᾶσα
1694 3501 1762 3571 δόρις
1780 3503 1854 3571 δημό-

259 3580 302 3631 ίνα
318 3577 471 3648 πανταχόθεν
484 3577 527 3630 τδν
537 3574 651 3642 δικαστήν
661 3578 818 3646 χειρώσηται.
855 3575 899 3636 Εἰς
910 3575 1004 3629 τελικδν
1013 3576 1038 3629 δὲ
1081 3580 1134 3630 οιόν
1149 3577 1212 3642 ἐστι,
1226 3579 1267 3631 καί
1278 3597 1359 3648 φησιν·
1959 3575 1960 3594 ³

260 3658 390 3728 κιφάλαιον
411 3655 525 3721 κατέληξε
546 3655 575 3708 τδ
589 3655 748 3727 συμπέρασμα
771 3659 813 3720 τῆς
832 3657 928 3726 πρώτης
947 3657 1037 3726 προτά-
1115 3656 1176 3722 516,
1189 3675 1232 3710 αι.
1247 3654 1279 3708 Εἴ
1289 3675 1324 3718 τις
1333 3651 1376 3708 οῦν
1392 3655 1474 3726 ίιμών]
1490 3653 1618 3709 Ἐντεῦθεν
1631 3653 1647 3722 ή
1659 3655 1852 3726 προκαταπιευὴ,
1959 3695 1960 3714 ,

261 3754 330 3797 στοις.
345 3735 532 3790 BFRSYTCV.
1080 3733 1139 3789 ἐνθα
1152 3736 1232 3803 τίθησι
1243 3736 1298 3796 τοίις
1311 3735 1354 3786 δύο
1368 3735 1468 3805 νόμους,
1488 3735 1603 3786 δεικνῦων
1622 3736 1660 3786 ότι
1674 3735 1795 3805 δημόσιόν
1808 3736 1856 3788 ἐστι
1959 3733 1960 3798 j

299 3811 430 3868 Ἐντιῦθνν
449 3813 477 3866 τδ
494 3813 636 3884 [δεύτερον]
655 3813 792 3882 προοίμιον.
835 3811 906 3866 ’Ἐστι
923 3813 949 3866 δέ
969 3813 1036 3880 καλὴ
1080 3814 1108 3867 τί)
1123 3813 1239 3885 ἀδίκημα.
1287 3813 1386 3884 Ἕτεροι
1408 3815 1434 3866 δέ
1447 3833 1517 3910 φασιν
1531 3814 1569 3866 δτι
1582 3815 1655 3865 τοῦτο
1676 3813 1751 3865 δοκεῖ
1761 3813 1855 3884 μένσυ·
1959 3819 1960 3822 ’

260 3891 408 3962 πρότασις
383 3911 456 3946 αυτου
443 3889 583 3962 διμερὴς,
602 3891 642 3942 καί
657 3891 762 3942 τίκτεται
776 3889 828 3943 ἐυτε
830 3892 885 3943 ῦθεν
902 3891 963 3962 ἡμῖν
977 3835 1037 3945 ἀποη
1080 3893 1410 3964 νηρτῆυθαιτῷπροοιμίῳ,
1435 3891 1464 3944 τδ
1484 3891 1510 3944 δέ
1530 3891 1617 3958 ἀληθίς
1635 3893 1716 3962 amp
1730 3893 1857 3962 προοίμιόν

260 3972 315 4044 ρία,
328 3971 366 4023 ότι
379 3971 540 4056 πῶςένταῦθα
553 3968 636 4040 λίγει,
650 3967 671 4021 εί
685 3963 714 4034 ήν
728 3969 1035 4040 παραπρεοόείαςόάγὼν,
1079 3972 1172 4025 ἐστι’·
1143 3991 1185 4038 της
1197 3975 1344 4038 κατασκευης
1356 3989 1399 4036 της
1413 3970 1559 4066 μελλρῦοης.
1600 3969 1726 4023 Εντεῦθεν
1739 3971 1857 4041 γάρπρο·
1959 4013 1960 4032 ,

260 4047 304 4100 οῦκ
317 4049 346 4099 ἀι
361 4048 482 4117 ἐδεόμην,
498 4029 585 4099 τόθ’·
552 4067 600 4107 πως
617 4043 642 4098 ἐν
665 4051 700 4118 τερ
712 4063 757 4098 κατ
757 4045 895 4116 Ἀἰσχίνου
910 4051 954 4118 (μ.
968 4050 1036 4113 341,
1081 4049 1151 4111 θιόάζ
1138 4053 1173 4111 ζει
1187 4049 1242 4119 περί
1261 4053 1304 4102 τοῦ
1321 4053 1411 4119 χρῆναι
1425 4047 1483 4101 τά
1473 4067 1498 4101 εν
1518 4051 1549 4118 τῇ
1565 4047 1636 4118 ίορτῇ
1655 4049 1735 4100 πάντα
1753 4049 1858 4146 δημόσια

261 4127 306 4198 5),
320 4125 725 4196 παραπρεσάείαςίιπάρχοντυςτοῦ
740 4123 842 4194 ἀγῶνος,
860 4126 946 4181 δειται.
992 4127 1038 4179 Καί
1080 4131 1202 4198 νομίζειν,
1216 4148 1258 4180 και
1272 4127 1299 4180 οῦ
1314 4135 1362 4180 τῶν
1382 4127 1448 4180 ίδίων
1463 4129 1528 4189 τινδς
1544 4129 1615 4180 ἕνεκα
1629 4129 1757 4199 γίνεσθαι,
1778 4132 1857 4182 τουτί·

260 4211 338 4274 φαμεν
360 4203 397 4256 ότι
422 4202 493 4264 αῦτθς
506 4201 628 4256 ἐπιλόεται
650 4201 729 4271 λέγων
749 4203 788 4253 ότι
801 4201 908 4272 δίομαι*
900 4209 967 4272 υμῶν
987 4205 1038 4274 μετ’
1080 4225 1132 4259 στιν
1146 4207 1184 4259 ότι
1198 4211 1263 4260 πᾶσα
1279 4207 1343 4276 θόρις
1356 4207 1474 4276 δημόσιόν
1488 4207 1563 4260 ἐστιν.

261 4281 352 4342 εθνοίας
361 4281 470 4334 ἀκοῦσαι.
507 4280 629 4346 Φοόηθεὶς
641 4279 666 4332 δέ
679 4277 711 4350 μὴ
725 4281 861 4350 σοφίζεσθαι
875 4281 949 4354 δόξῃ,
964 4301 1038 4350 κατη-
1115 4282 1148 4336 Εἴ
1157 4305 1191 4346 τις
1201 4286 1268 4355 ῦμῶν
1283 4286 1343 4356 ἀρα]
1358 4285 1444 4355 Τρίτον
1454 4287 1591 4356 προοίμιον.
1608 4285 1662 4338 BR.

260 4365 340 4430 γερῶν
355 4359 414 4430 μέν,
434 4359 546 4412 ίκετεῦων
561 4357 587 4410 δθ
600 4358 632 4418 ὡς
651 4357 675 4410 οἳ
694 4359 840 4428 φεύγοντες,
856 4358 997 4429 ἐθεράπευσε
1011 4361 1039 4414 τδ
1117 4363 1177 4426 516,
1190 4363 1233 4416 23.
1253 4361 1408 4432 Ἐνθυμηθείς
1419 4366 1479 4435 νῦν]
1493 4363 1539 4415 Καὶ
1552 4367 1624 4416 τοῦτο
1635 4367 1679 4414 τοῦ
1692 4363 1792 4432 πρώτου
1804 4365 1858 4432 δραι

261 4439 353 4492 λυποῦν
367 4437 446 4504 ἀκτῆς
458 4441 500 4490 τοῦ
512 4437 639 4507 προοιμίου
651 4437 787 4506 προτάσεος
810 4435 840 4487 E!
851 4435 892 4506 μὲν
904 4435 940 4490 ἐπ’
954 4437 1039 4500 ἀλλοις
1080 4441 1212 4511 καθώσπερ
1229 4447 1312 4494 κοινοῦ
1326 4443 1531 4513 τοῦπράγματος.
1569 4441 1654 4494 Πάντα
1669 4441 1858 4511 γάρταῦτατυῦ

262 4517 374 4588 ικρινον,
394 4516 437 4570 ουκ
447 4518 476 4568 ἀν
491 4515 608 4582 ἐδεήθην,
624 4513 701 4567 καί
678 4535 730 4568 ειπε
747 4516 873 4584 δημοσίων
884 4515 1039 4588 ἀδικημάτων
1081 4519 1240 4590 δημοσίαν
1216 4539 1280 4572 ειναι
1294 4521 1372 4574 πᾶσαν
1385 4519 1452 4590 θόριυ
1465 4521 1671 4574 κατασκευαστικά
1684 4519 1765 4574 ἐστιν.

261 4596 388 4668 ὀνόματα,
412 4597 560 4666 παρανόμων
580 4594 621 4646 καὶ
639 4611 745 4665 παραπρε
736 4595 842 4658 σῦείας,
861 4593 1018 4656 ἐξισάζων
994 4615 1038 4662 την
1117 4599 1178 4662 516,
1194 4601 1238 4652 28.
1255 4596 1446 4670 Ἆναγνώσεται]
1464 4598 1592 4652 Ἐντεῦθεν
1606 4598 1769 4667 καθαρῶςέις
1787 4618 1857 4662 ιωτην

261 4678 327 4748 θόριν
337 4679 389 4740 τοῖς
401 4677 526 4746 δηυοσίοις
536 4673 676 4745 ἀδικήμασι
715 4668 874 4726 Βοῦλεται
847 4693 889 4726 ουν
900 4676 983 4736 καιως
996 4695 1039 4728 κα·
1081 4697 1125 4741 την
1146 4675 1342 4746 προκατασκευὴν
1366 4676 1538 4745 εἰσόέόληκεν,
1559 4677 1611 4744 ἥτις
1630 4677 1696 4730 ἐστιν
1715 4678 1730 4729 ό
1752 4679 1857 4748 δεῦτερος

261 4759 365 4826 τήγορος
385 4757 541 4852 κατατρίγειν
556 4754 597 4807 καί
586 4751 713 4806 ίέλεεῖσθ
701 4754 739 4806 θαι
759 4753 791 4814 ώς
804 4753 916 4822 φεύγων,
934 4753 975 4804 καί
989 4753 1040 4823 άμα
1081 4755 1154 4824 θρος,
1169 4756 1207 4808 ότι
1223 4773 1301 4808 ποντα
1312 4773 1343 4807 τα
1355 4755 1379 4808 ἐν
1394 4773 1424 4826 τῃ
1411 4756 1509 4828 ’ἐυρτῇ
1526 4757 1645 4827 γινόμνα
1655 4757 1765 4825 δημόσιά
1784 4755 1853 4809 ἐστιν.

262 4835 362 4894 δεἜαι*
350 4855 382 4896 ως
391 4833 470 4888 καθ’
445 4853 515 4896 αυτος
529 4833 542 4887 ό
556 4833 624 4905 ἀγὼν
636 4834 839 4904 ὁμολογουμένως
851 4831 901 4884 ἐστί
913 4834 1043 4903 δημόσιος,
1082 4832 1128 4883 Καὶ
1138 4831 1298 4902 ἀναγινώσκει
1310 4851 1365 4895 τους
1377 4835 1484 4904 νόμους,
1499 4831 1563 4888 δι”
1545 4855 1581 4888 ων
1595 4837 1668 4886 τοῦτο
1682 4835 1856 4894 κατασκευόζι

299 4913 358 4976 515,
374 4927 416 4980 29.
431 4911 545 4982 Νομίζων
565 4918 602 4982 τῷ
617 4912 659 4982 μὲν
673 4913 817 4984 κατηγόμην]
833 4909 984 4976 Ἐντεῦθεν]
997 4931 1040 4964 κα·
1081 4927 1130 4964 ται.
1146 4910 1308 4963 BFRSTCV.

263 4988 366 5056 τασιιυή
377 4995 420 5044 τοῦ
434 4995 532 5060 πρώτου
547 4993 641 5061 μόρους.
665 4991 749 5044 Θελων
764 4991 789 5044 δέ
803 4993 888 5052 σώζειν
904 4990 932 5043 τδ
946 4986 1040 5061 ἀξίωμα
1116 4987 1165 5040 Τδν
1181 4989 1274 5060 νόμον]
1293 4987 1322 5041 Ὅ
1337 4991 1411 5060 νόμος
1419 4992 1592 5051 κατασκευάζει
1603 4991 1645 5044 τδν
1660 4989 1717 5060 δρον
1730 4995 1774 5042 τοῦ
1783 4991 1855 5042 πέντε

263 5069 365 5122 διικνθει
377 5069 408 5130 ιὀς
421 5069 529 5123 οθδέποτ’
547 5072 576 5121 ἀν
587 5069 688 5136 ἐδεήθην
700 5075 860 5140 κατηγορῶν,
874 5069 896 5122 εί
909 5068 942 5139 μὴ
960 5073 1002 5122 νῦν
1015 5069 1039 5123 ἐν
1081 5067 1112 5125 τά
1127 5067 1151 5122 ἐν
1163 5087 1193 5140 τη
1209 5067 1280 5140 ἑορτῇ
1292 5070 1412 5140 γινόμενα
1424 5069 1531 5140 δημόσια
1542 5069 1622 5122 δοτεῖν
1638 5065 1712 5122 εἶναι.
1726 5069 1821 5122 ΒΠὈ.

265 5153 300 5218 τῷ
320 5151 366 5201 τών
386 5149 525 5218 φευγόντων
547 5149 655 5218 σχήματι
675 5149 850 5213 καθειστήκειν.
888 5147 922 5200 Τδ
939 5147 1062 5218 γάρτυιι
1119 5147 1179 5217 517,
1196 5165 1218 5202 1.
1235 5149 1330 5219 Νόμος·
1349 5149 1403 5210 τοῦς
1415 5151 1539 5218 πρυτάνεις
1559 5150 1654 5218 ποιεῖν]
1679 5146 1802 5216 ’ίίφοόήθη
1822 5143 1852 5215 μ]
