4032 6094
550 467 629 528 XIX.
653 465 742 527 1181’1
763 466 841 527 ΤΗΣ
862 465 1195 563 ΠΑΡΑήΡΕΣΒΕΙΑΣ.
1615 488 1675 538 ew

73 597 154 659 λύσις·
167 595 208 648 διδ
219 597 243 650 τί
255 595 284 648 σθ
298 595 331 666 μὴ
346 595 451 658 δέδωκας
458 615 466 660 ς
481 595 550 668 ήρκει
569 597 666 668 μοικαί
682 599 745 670 μόνα
757 599 852 668 βοῶντα
896 597 1018 663 πολλοδς,
1031 598 1124 652 κελείιει
1137 601 1305 671 σκευαγωγεῖν
1323 599 1350 654 έκ
1361 606 1411 654 τῶν
1431 601 1513 673 ἀγρῶν
1526 605 1565 658 καί
1581 607 1673 674 μηδένα

72 675 104 728 τδι
117 677 258 746 πράγματα.
287 676 333 727 Καί
348 675 428 742 ἀλλην
447 675 473 728 δέ
484 675 580 738 ἀδοξίαν
593 678 789 730 διωθεῖται·τοό
802 676 852 746 γάρ
897 674 943 737 έξω
968 677 1057 748 μένειν,
1078 677 1110 739 όις
1136 683 1184 730 τῶν
1206 679 1332 750 πολεμίων
1356 679 1484 746 έπιόντων,
1510 682 1549 734 διδ
1575 684 1617 736 καί
1642 682 1673 737 τά

73 755 191 824 Αἰσχίνου
216 753 345 824 λέγοντος,
371 752 538 824 ἰμισθώσαντό
563 771 629 815 τινας
641 759 689 808 τῶν
716 752 850 808 Ὀλυνθίων
899 753 1032 824 Ἡράκλεια
1046 755 1104 808 είσω
1117 761 1160 822 τῆς
1170 757 1264 819 πόλεως
1275 758 1367 823 τελεῖν,
1383 761 1462 814 ἀδέον
1473 757 1503 826 ἦν
1515 759 1562 823 ἔξω
1574 763 1670 834 τείχους

71 835 136 885 ὣστε
156 853 202 903 μου
213 834 416 902 καταμαρτυρεῖν,
434 830 482 885 ἀπδ
500 837 549 885 τῶν
558 831 668 885 Φωκέων
680 833 795 886 έκδάλλει
806 830 851 897 τὴν
897 835 974 905 ἀγειν.
990 833 1068 888 TCV.
1268 899 1271 906 ,

71 911 199 964 θπόνοιαν.
211 911 288 963 TCV.
933 915 995 977 368,
1011 913 1052 965 15.
1067 913 1243 982 ΨΗΦΙΣΜΑ]
1260 915 1408 984 Διοφάντου·
1423 915 1477 970 οἰον
1490 918 1519 970 τδ
1532 919 1602 972 θῦσαι
1620 921 1672 982 τοῖς

109 992 172 1053 366,
196 992 240 1052 κή.
264 987 313 1049 Τάς
342 985 474 1053 Ἀθήνησιν
496 985 609 1054 emm]
634 989 697 1041 ὦπῑ
728 985 761 1058 μθ
784 986 849 1040 εἰναι
897 991 961 1052 θεοῖς
974 990 1031 1061 θπέρ
1044 995 1087 1044 τοῦ
1098 991 1181 1052 διῶξαι
1196 992 1331 1046 Φίλιππον.
1345 996 1401 1048 An.

73 1067 170 1138 ἑκάστῳ
181 1068 223 1119 τδν
236 1066 329 1136 λόγον,
344 1063 368 1117 εἰ
379 1084 415 1125 τι,
428 1063 554 1131 Ἀδήνησιν
575 1063 672 1127 εδθύνας
683 1066 790 1118 δίδωσιν.
822 1066 852 1118 Οἰ
933 1069 1000 1131 358,
1014 1077 1055 1125 18.
1074 1069 1248 1140 ΨΗΦΙΣΜΑ]
1265 1071 1459 1133 Καλλισθένους·
1481 1067 1534 1126 οίον
1548 1073 1577 1127 τδ
1589 1093 1674 1126 σκευα-

73 1147 100 1199 δέ
116 1145 251 1212 ἰνήλλαξαν
263 1145 296 1205 ὡς
314 1143 339 1196 ἰν
360 1144 470 1214 σχήματι
484 1142 527 1204 τάς
545 1145 660 1208 πτώσεις,
680 1142 779 1214 γενικήν
798 1143 853 1197 ἀντί
896 1149 989 1217 γωγεῖν
1003 1145 1029 1200 ίκ
1042 1152 1090 1199 τῶν
1104 1146 1186 1218 ἀγρῶν
1199 1148 1230 1199 δι’
1247 1149 1307 1218 άπερ
1320 1147 1418 1216 έποίησε
1434 1150 1556 1212 Φίλιππος
1569 1151 1602 1213 εἰς
1619 1153 1674 1213 τοίις

73 1224 207 1294 αἰτιατικῆς
223 1222 347 1291 εἰληφότες
361 1221 403 1274 καί
423 1219 526 1274 ιδθυνών
539 1220 654 1282 εἰπόντες.
691 1222 726 1274 Τδ
737 1221 763 1274 δέ
775 1241 852 1294 παρη-
896 1223 1007 1284 Φωκέας.
1022 1223 1099 1276 ΑἰίΤ.

73 1306 175 1376 ρημὲνοι
196 1302 250 1354 ἀντί
269 1305 313 1354 τοῦ
331 1299 490 1372 ἀφῃρημένοι.
532 1299 563 1352 ‘fl
580 1299 607 1353 δὲ
619 1299 727 1362 σύνταξις
744 1301 803 1370 πρδς
822 1301 852 1354 τὸ
932 1303 997 1367 368,
1018 1303 1060 1355 εδ.
1081 1301 1224 1374 Θαυμάσια]
1254 1301 1311 1356 Ἐπί
1327 1303 1405 1356 καλοῦ
1424 1305 1513 1358 τέθεικε
1532 1303 1577 1370 τήν
1597 1305 1671 1368 λέξιν.

74 1384 142 1447 ἀνω,
156 1383 204 1444 ότι,
221 1379 261 1432 διά
278 1381 302 1432 τί
313 1379 467 1450 Δημοσθένης
480 1399 527 1449 μου
538 1381 686 1450 κατηγορεῖ,
700 1379 807 1432 Φωκέων
826 1378 853 1431 δί
897 1380 972 1435 ΑἰίΡ.

74 1459 131 1512 οδδέ
144 1454 187 1522 εἰς.
204 1459 301 1512 mcv,
931 1459 993 1523 368,
1007 1463 1052 1522 τίς.
1063 1459 1126 1529 ἰίρδς
1138 1459 1261 1530 Πορθμῷ]
1274 1458 1353 1511 ἰίάλιν
1372 1459 1420 1512 ἀπδ
1436 1460 1557 1526 θαλάττης
1567 1460 1608 1512 καί
1626 1459 1674 1516 ἀπδ

113 1538 314 1608 367,3.Σιίιζου]
328 1535 495 1598 Ἐντοῖςάνω
505 1535 852 1608 έλαγενδτιπάρεισινένταῖς
896 1537 969 1606 γῆςό
986 1537 1070 1608 φόόος.
1107 1537 1219 1606 Πορθμδς
1239 1556 1281 1606 μεν
1302 1537 1349 1607 γὰρ
1372 1541 1415 1603 τῆς
1432 1537 1547 1600 Εἰιόοίας·
1564 1538 1624 1605 αθτη
1647 1539 1673 1592 δέ

78 1617 201 1683 Ἀθήναις,
214 1614 272 1666 ἀλλ’
282 1613 310 1666 οὗ
324 1613 363 1665 διὰ
372 1618 445 1666 τοῦτο
453 1615 516 1667 ώατε
528 1618 693 1684 συνηγορῆσαι
708 1616 750 1685 μέν
762 1621 797 1686 τῷ
808 1620 854 1682 Δη-
896 1619 982 1683 νῆσος·
997 1615 1028 1669 τά
1043 1615 1069 1668 δέ
1079 1616 1181 1686 Μέγαρα
1194 1614 1219 1667 ἰν
1233 1614 1333 1687 ἠπείρῳ.
1346 1617 1426 1670 mv,

76 1695 188 1765 μοσθένει
198 1691 240 1745 καί
250 1694 462 1761 καταμαρτυρῆσαι
475 1694 518 1744 τοῦ
531 1690 657 1761 Αἰσχίνου.
677 1692 850 1746 ACDGRTV.
931 1693 996 1746 Οἰδα
1008 1694 1088 1746 τοίνυν
1098 1695 1150 1764 δτι]
1165 1693 1236 1746 Ἔστι
1249 1693 1291 1765 μέν
1302 1695 1344 1746 καί
1356 1693 1416 1758 αθιη
1426 1693 1442 1760 ῆ
1453 1692 1571 1756 ἀντίθεσις
1581 1696 1639 1766 πρός
1650 1715 1673 1748 τι

113 1775 174 1840 367,
188 1791 213 1842 7.
231 1769 277 1823 Καί
286 1768 334 1840 μὴν
346 1771 384 1822 ὅτι
393 1768 477 1838 χωρίς]
493 1767 614 1821 Ἐνταῖίθα
626 1771 729 1830 σώζεται
737 1770 796 1840 πρδς
808 1770 851 1836 τὴν
895 1777 944 1824 τῶν
957 1771 998 1825 ἀπ’
1015 1771 1093 1842 ἀρχῆς
1107 1771 1166 1840 ἀχρι
1179 1772 1278 1835 τέλους,
1298 1771 1383 1840 ίχεται
1394 1771 1420 1824 δέ
1437 1775 1480 1837 τῆς
1498 1775 1612 1842 προτέρας
1625 1773 1671 1826 έτι.

75 1851 146 1904 λύσιν
158 1855 200 1916 τῆς
215 1849 382 1914 ἀντιστατικῆς
394 1847 542 1908 ἀντιθέσεως·
551 1851 594 1913 τῆς
606 1847 654 1918 γάρ
667 1848 758 1910 λύσεως
769 1849 855 1920 λεγοό-
896 1851 989 1920 Σχεδίον
1006 1850 1054 1921 γάρ
1067 1851 1108 1902 καί
1119 1849 1179 1917 αίίτη
1191 1855 1235 1903 τοῦ
1245 1851 1318 1903 αὐτοῦ
1332 1851 1415 1920 γένους
1431 1849 1494 1904 ἰστίν
1506 1849 1671 1918 ἀντιστατική.

75 1949 121 1995 σης
136 1927 196 1998 μετδ
207 1925 252 1992 τὴν
267 1924 364 1996 εἰρήνην
376 1925 524 1996 γεγινῆσθαι
536 1922 581 1989 τὴν
597 1925 699 1988 ἀλωσιν,
715 1925 854 1990 ἀκολούθως
896 1927 988 1980 Οἰκοῦν
1001 1928 1053 1999 ἔχει
1061 1927 1104 1994 τῆν
1112 1927 1234 1999 ἀναφορὰν
1242 1930 1299 1999 προς
1311 1928 1390 1981 έκεῖνο
1398 1929 1427 1980 τδ
1435 1927 1476 1981 ἀπ’
1483 1927 1569 1998 ἀρχῆς,
1582 1930 1620 1982 δτι
1629 1930 1672 1981 αδ·

76 2005 193 2072 ἐζήτησεν
211 2005 225 2057 ό
236 2005 354 2074 Αἰσχίνης
365 2043 372 2066 ,
392 2003 413 2056 εἰ
427 2004 508 2056 τοίνυν
525 2001 606 2072 έγωγε
621 2004 675 2064 τοίις
687 2003 787 2066 Φωκέας
795 2023 853 2074 προ-
895 2007 937 2068 τδς
948 2006 1041 2068 ἔπεισας
1053 2007 1097 2073 τὴν
1108 2007 1205 2077 εἰρήνην
1216 2007 1376 2072 ποιήσασθαι·
1390 2005 1434 2058 ίνα
1444 2007 1557 2076 φαίνηται
1572 2006 1672 2077 ἀποκρι·

76 2081 424 2149 δέδωκα,ώςσίιφίης,τίνος
439 2079 854 2151 ένεκενοθκίλθόντεςαθτολκατη-
896 2086 998 2154 νόμενος
1014 2084 1130 2154 Αἰσχίνης
1144 2087 1183 2138 ότι
1199 2084 1283 2138 έπιισα
1307 2084 1420 2154 βελτίονα
1437 2089 1486 2136 τῶν
1500 2084 1613 2154 πολέμων
1626 2084 1670 2150 τὴν

74 2167 207 2232 γοροῖισινς
228 2159 343 2232 ήμέντοι
361 2157 479 2218 ἀντίθεσις
503 2157 622 2228 Αἰσχίνου
639 2162 713 2210 τοῦτο
739 2158 853 2215 έδοθλετο
897 2161 992 2232 εἰρήνην
1005 2161 1147 2234 ήγοιίμενος.
1190 2163 1263 2216 Ἀνόει
1280 2163 1306 2216 δέ
1322 2161 1482 2227 κατάτοθτην
1497 2160 1540 2226 τῆν
1553 2161 1672 2215 ἀντίθεσιν

75 2239 168 2308 λέγειν,
182 2241 219 2291 ὅτι
231 2233 603 2308 χρησιμώτερονίηίίερρόνησος
612 2233 720 2286 Φωκέων
732 2239 763 2306 τῇ
772 2238 852 2293 πόλει.
896 2241 978 2294 πολλά
986 2241 1027 2293 καί
1036 2241 1064 2293 οἰι
1077 2241 1158 2310 μικρά.
1195 2241 1297 2310 Πρῶτον
1309 2239 1362 2308 μέν,
1379 2237 1455 2292 δτιτδ
1469 2237 1546 2309 ἑαυτῷ
1562 2258 1671 2310 πεπραγ·

73 2317 171 2369 θδκοῖιν
192 2317 250 2386 πρδς
265 2319 337 2367 τοῦτο
349 2313 461 2366 ἀπαντῶν
480 2311 660 2380 όΔημοοθένης
679 2313 784 2366 δείκνυσι
799 2317 853 2368 τοδ-
898 2321 969 2390 μένον
989 2319 1145 2389 μετατίθησιν
1159 2317 1199 2371 έπλ
1209 2318 1251 2370 τδν
1267 2317 1398 2370 ἀντίδικον.
1436 2317 1511 2370 Δοκεῖ
1521 2317 1568 2388 γὰρ
1581 2319 1670 2388 συμόε·

74 2397 185 2461 ναντίον,
199 2397 236 2448 ότι
249 2393 429 2464 χρησιμώτεροι
442 2384 608 2454 Φωκεῖςήσαν
622 2390 718 2459 μα’λλον
728 2396 758 2463 τῆ
771 2395 850 2450 πόλει.
897 2393 1051 2447 δουλευκέναι
1059 2395 1101 2447 καί
1112 2393 1182 2456 αἰιτδς
1194 2394 1249 2464 περί
1260 2398 1303 2446 τοῖι
1315 2395 1366 2446 δεῖν
1376 2395 1487 2463 γενέσθαι
1498 2392 1542 2459 τὴν
1561 2393 1668 2463 εἰρήνην.

75 2477 141 2530 Εἶτα
160 2475 284 2542 έπειδήπερ
300 2471 440 2524 ἀντέπιπτεν
453 2470 490 2521 ότι
502 2467 610 2529 ἀσθενεῖς
627 2463 688 2534 ήσαν
703 2469 813 2536 Φωκεῖς,
826 2473 853 2527 ἐκ
897 2472 1001 2536 Οἰκοῦν,
1024 2472 1067 2524 ἵνα
1084 2473 1198 2542 φαίνηται
1219 2471 1289 2532 αθτδς
1303 2469 1420 2540 Αἰσχίνης
1442 2469 1623 2541 ἀναδεχόμενος
1642 2473 1671 2525 τδ

73 2558 121 2620 τῆς
142 2553 226 2612 θέσεως
248 2551 289 2602 καί
304 2553 347 2602 τοῦ
364 2551 439 2602 τόπου
462 2547 503 2599 κοιλ
526 2551 575 2598 τῶν
594 2545 649 2598 τότε
666 2548 852 2617 συμδεόηκότων
897 2548 1014 2616 κατάτῆν
1032 2549 1139 2620 εἰρήνην,
1162 2549 1237 2610 οθτως
1251 2548 1328 2615 εἰσῆξε
1344 2551 1376 2618 τῆ
1396 2547 1512 2600 ἀντιθέσει
1532 2551 1668 2620 χριόμενος.

73 2631 190 2698 πολέμων
205 2625 268 2688 αὔξει
280 2625 324 2690 τήν
341 2625 452 2696 δόναμιν.
469 2626 539 2694 Λέγει
554 2623 713 2694 δέάντικρυς,
732 2647 743 2674 ι
761 2627 796 2687 τίς
805 2625 853 2695 γὰρ
896 2629 983 2697 Διόπερ
994 2627 1059 2688 ἀξιον
1079 2628 1184 2697 ἄγασθαι
1199 2630 1241 2692 τῆς
1261 2627 1399 2692 δεινότητος
1414 2627 1452 2678 ότι
1466 2625 1522 2696 θιάρ
1538 2623 1573 2679 ὧν
1599 2627 1671 2689 αδτδς

76 2707 149 2760 εοίικ
164 2705 229 2759 εἰδεν
249 2703 318 2773 ίιμῶν
342 2704 380 2754 ότι
400 2707 436 2773 τῷ
453 2701 560 2753 Φωκέων
579 2699 680 2772 πολέμῳ
697 2702 738 2754 καί
758 2708 793 2773 τῷ
811 2723 852 2754 κυ-
897 2704 1000 2775 έμελλεν
1012 2705 1174 2775 ἐγκλημάτων
1191 2703 1383 2774 ἀπολογεῖσθαι,
1397 2707 1473 2757 ταῦτα
1485 2701 1531 2769 ήδη
1541 2705 1669 2770 πεποίηκεν

76 2786 172 2855 ερίους
190 2781 254 2836 εἰναι
274 2781 362 2833 ἰίυλῶν
385 2779 488 2839 Φωκέας
507 2777 523 2844 ί]
539 2797 565 2831 τε
587 2777 634 2830 ἀπδ
652 2777 765 2844 Θηόαίων
785 2779 853 2832 ἀδεια
896 2781 1040 2852 ἐγκλήματα
1058 2785 1101 2848 τῆς
1121 2780 1253 2850 ἀπολογίας
1272 2780 1396 2849 Αἰσχίνου,
1426 2779 1458 2833 Εἰ
1468 2779 1539 2851 γίιρό
1553 2779 1672 2844 ἀντίδικος

76 2887 87 2913 ι
108 2863 215 2931 ἰιπῆρχεν
229 2860 288 2929 θμῖν
300 2859 341 2911 καί
353 2859 382 2911 τδ
398 2859 517 2928 μηδέποτε
527 2856 608 2910 ἐλθεῖν
621 2859 649 2910 ἀν
658 2856 690 2918 εἰς
699 2857 853 2926 Πελοπόννη-
899 2859 1009 2930 ἐγκώμια
1027 2863 1070 2924 τῆς
1082 2859 1175 2929 εἰρήνης
1186 2857 1245 2928 έρεῖ,
1259 2859 1294 2919 τίς
1305 2860 1333 2909 ἀν
1346 2857 1381 2910 έτι
1395 2863 1439 2912 τοῦ
1455 2855 1499 2922 τὴν
1513 2857 1609 2928 εἰρήνην
1623 2861 1672 2912 πεί·

76 2965 87 2990 ι
110 2959 153 2992 σον
168 2941 224 3010 μηδ’
236 2937 269 2999 εἰς
280 2935 324 3001 τίην
340 2934 447 3000 Ἀττικὴν
462 2935 600 3000 Φίλιππον;
620 2957 630 2984 ι
644 2935 708 2988 οθτω
722 2939 849 3007 χρησιμώ·
896 2956 981 2998 σαντος
990 2937 1299 3007 γενέσθαικατηγορήσειις
1312 2937 1357 2988 Καί
1370 2936 1385 3002 ή
1398 2935 1520 3006 ἀπόκρισις
1529 2936 1556 2989 δί
1567 2937 1670 2990 ἀκόλου-

71 3039 141 3089 τεροι
157 3019 253 3078 Φωκεῖς
276 3011 338 3082 ἦσαν
354 3015 488 3086 σωζόμενοι
506 3013 656 3084 Κερρονήοον
670 3017 701 3084 τῇ
716 3014 795 3067 πόλει.
811 3013 851 3080 Μή
897 3018 936 3078 θος
947 3019 999 3078 τοῖς
1018 3016 1059 3069 ἀπ’
1072 3015 1149 3086 ἀρχῆς
1160 3015 1218 3085 ἀχρι
1238 3016 1335 3076 τέλους·
1352 3015 1413 3079 Ναί,
1428 3016 1513 3084 φησίν·
1536 3015 1604 3068 οἰιδέν
1623 3018 1671 3089 γάρ

71 3097 125 3170 γδιρ
136 3097 199 3166 έχων
209 3093 286 3159 ἀκτῆς
297 3095 421 3163 δυνάμεως
434 3095 477 3157 τῆς
490 3091 597 3143 Φωκέων
611 3095 726 3156 συστῆσαι
735 3089 778 3156 τὴν
790 3092 852 3162 ώφέ·
897 3093 987 3146 ἀτοπον
1002 3092 1173 3163 συμόουλεόειν
1188 3091 1285 3162 εἰρήνην
1300 3093 1379 3162 ἀγειν,
1396 3090 1477 3156 ἐπειδὴ
1490 3092 1591 3146 πολλῶν
1609 3093 1670 3165 ἀγα-

71 3177 156 3238 λειαν,
179 3173 239 3244 μηδέ
255 3171 303 3243 μὴν
316 3174 343 3224 ἰκ
358 3175 400 3236 τῆς
417 3167 629 3240 προαιρέσεως,ἰιι
641 3172 683 3234 τῆς
701 3169 791 3238 φόσεως
803 3176 852 3222 τῶν
897 3173 945 3224 θῶν
967 3173 1020 3232 τοῖς
1045 3170 1179 3242 ἀνθρώποις
1199 3169 1215 3236 ή
1239 3171 1321 3241 εἰρήνη
1345 3170 1410 3223 αἰτία
1433 3173 1584 3228 καθίσταται.
1621 3173 1671 3227 Οἰικ

70 3255 157 3307 τόπων
170 3251 211 3303 καί
231 3255 280 3303 τῶν
295 3248 481 3318 συμόεδηκότων
494 3245 538 3311 τὴν
556 3245 674 3315 ὠφέλειαν
692 3245 794 3313 ηὔξητο
810 3250 852 3302 καί
896 3247 1021 3318 ἀνατρέπει
1031 3249 1057 3301 δὲ
1066 3246 1110 3312 τὴν
1121 3247 1251 3312 ἀντίθεσιν,
1266 3251 1324 3318 όπερ
1335 3247 1424 3302 οἰκεῖον
1435 3253 1477 3302 τοῖι
1492 3249 1669 3321 ἀντιλέγοντος,

71 3329 136 3398 πρὸς
148 3327 260 3380 σόστασιν
273 3325 359 3378 τούτου
368 3327 411 3376 τοῦ
423 3325 516 3393 μέρους,
532 3325 570 3375 ότι
583 3321 679 3392 μεγάλα
689 3323 796 3393 ὠφέλουν
808 3325 851 3392 τήν
896 3325 961 3379 ἀλλά
974 3328 1015 3380 καί
1032 3329 1203 3398 καταδέχεται.
1243 3329 1272 3380 Τί
1283 3330 1344 3399 γάρ;
1361 3329 1432 3398 φησίν
1446 3331 1484 3382 δτι
1498 3331 1564 3400 δῶρα
1574 3331 1670 3400 λαμόά-

70 3405 148 3460 πόλιν
161 3405 312 3473 σωζόμενοι,
332 3403 464 3471 παρέχεται
480 3401 523 3452 δθο
535 3401 691 3472 ψηφίσματα,
713 3403 741 3453 τό
757 3421 783 3456 τε
796 3405 851 3456 Διο-
896 3425 977 3468 νοντες
988 3403 1055 3460 οθτοι
1067 3408 1096 3460 τδ
1107 3406 1183 3459 καλδν
1196 3409 1296 3478 πρᾶγμα
1310 3407 1378 3478 φόσιι
1393 3412 1471 3468 κακῶς
1488 3409 1600 3474 διέθηκαν
1609 3427 1616 3440 ·
1626 3409 1669 3460 ἰνα

69 3485 182 3554 φάντου,
210 3482 263 3534 καθ’
282 3482 297 3532 δ
315 3479 395 3541 ἔδοξεν
417 3478 499 3540 αἰιτοῖς
522 3479 585 3531 θιίειν
610 3482 662 3540 τοῖς
679 3481 742 3542 θεοῖς
763 3480 852 3551 εἰρξασι
895 3483 966 3554 ήμὲν
986 3484 1068 3556 εἰρήνη
1087 3481 1120 3555 μὴ
1136 3488 1315 3555 κατηγορῆσαι,
1329 3484 1359 3536 τά
1380 3485 1405 3538 δί
1422 3485 1447 3538 ἰν
1461 3489 1491 3554 τῇ
1508 3485 1590 3557 εἰρήνηΙ
1611 3505 1670 3555 πρα-

70 3562 202 3614 Φιλίιιπου
218 3558 261 3625 τὴν
280 3558 318 3612 ἰπί
336 3559 377 3620 τάς
397 3557 478 3619 Πόλας
490 3558 547 3610 όδδν
567 3559 596 3611 τδ
614 3559 740 3628 πρότερον,
761 3559 803 3612 καί
823 3562 851 3615 τδ
895 3565 985 3634 χθέντα
994 3568 1091 3630 ποιῆται
1102 3563 1254 3634 ἰγκλήματα.
1294 3563 1340 3614 Καί
1352 3565 1425 3616 πόθεν
1444 3563 1520 3628 δῆλον
1535 3566 1572 3617 ότι
1587 3565 1615 3616 τδ
1628 3565 1671 3634 έγ-

72 3639 265 3701 Καλλισθένους,
281 3638 334 3690 καθ’
353 3639 367 3690 δ
381 3636 442 3708 μετὰ
454 3634 498 3702 τὴν
517 3636 609 3689 ἅλωσιν
627 3636 811 3709 ἐσκευαγώγουν
826 3639 852 3692 έκ
895 3642 979 3713 κλημα
996 3643 1025 3695 τδ
1042 3643 1154 3712 περὶτῆς
1171 3641 1266 3710 εἰρήνης
1281 3643 1436 3711 Δημοσθένης
1453 3643 1572 3707 δέδοικενς
1594 3642 1618 3695 ἰν
1633 3649 1668 3714 τῷ

69 3725 118 3788 τῆς
132 3721 222 3788 χώρας.
237 3717 313 3770 TCV.
895 3719 952 3790 θπέρ
972 3724 1016 3773 τοῦ
1039 3720 1156 3790 στεφάνου
1178 3717 1304 3784 δεδήλωκε
1327 3719 1412 3790 λόγῳ·
1438 3717 1482 3783 τὴν
1501 3719 1548 3790 γίιρ
1570 3723 1668 3790 πρώτην

110 3798 174 3864 397,
190 3799 216 3847 6.
232 3793 279 3846 Καί
297 3792 401 3864 μεγάλοι
420 3791 526 3844 κίνδυνοι
546 3793 717 3862 περιεστᾶσιν]
737 3793 853 3865 Λογισμῷ
895 3797 1015 3850 ἀντίθεσιν
1034 3797 1075 3849 καί
1087 3796 1116 3849 τδ
1134 3801 1228 3866 πρῶτον
1250 3794 1381 3866 ἔγκλημα,
1404 3796 1432 3848 τδ
1449 3795 1492 3862 τήν
1512 3796 1609 3866 εἰρήνην
1628 3817 1670 3867 γε.

70 3877 163 3930 λοιπδν
178 3877 221 3928 τοῖι
238 3872 399 3943 συμφέροντος
409 3871 483 3940 φοόεῖ
492 3870 546 3930 τοίις
563 3867 712 3934 Κθηναίους,
727 3869 803 3931 αδξων
821 3871 852 3924 τὰ
895 3875 986 3937 νέσθαι,
1002 3873 1098 3938 έθηκεν,
1111 3871 1256 3942 ἀρνοόμενος
1269 3870 1339 3932 αθτδς
1354 3870 1386 3942 μὴ
1396 3873 1560 3938 πεποιηκέναι.
1576 3871 1670 3926 Οθκοῦν

69 3955 185 4008 Φωκέων
198 3952 239 4004 καί
251 3951 343 4011 δεικνίις
353 3948 397 4016 τήν
417 3947 464 4002 ἀπδ
476 3951 518 4014 τῆς
533 3947 629 4000 έκείνων
645 3949 763 4017 σωτηρίας
780 3949 853 4020 ἀσφά·
895 3949 949 4002 οθδέ
960 3953 1002 4015 τῆς
1016 3949 1039 4010 ἐξ
1057 3947 1135 4018 ἀρχῆς
1148 3947 1242 4018 εἰρήνης
1253 3946 1355 4018 ἡγεμὼν
1369 3947 1419 3999 οὐδ’
1434 3945 1510 4009 αἰτιος
1521 3947 1572 4019 έγίυ
1585 3950 1670 4018 φαίνο-

69 4034 155 4096 λειαν,
174 4025 202 4094 ῆς
218 4029 370 4099 ἀπολομένης
392 4028 564 4081 συναπολεῖται
576 4027 618 4080 καί
632 4025 662 4079 τά
675 4029 850 4098 φρουροίμενα.
896 4047 951 4098 μαι,
968 4027 1048 4088 καλῶς
1066 4027 1177 4097 προσθείς
1193 4027 1222 4079 τδ
1241 4025 1265 4087 ἰξ
1282 4025 1375 4096 ἀρχῆς·
1394 4025 1473 4092 ἰπειδὴ
1489 4025 1536 4096 γάρ
1560 4027 1671 4098 ψήφισμα

70 4111 143 4180 Ὀρα
160 4109 208 4178 γάρ
221 4109 259 4160 ότι
273 4107 314 4159 καί
324 4107 372 4159 ἀπδ
383 4109 429 4176 γῆς
442 4105 483 4158 καί
497 4104 544 4158 ἀκδ
553 4105 673 4170 θαλάττης
681 4109 798 4175 μαρτυρεῖ
807 4105 851 4172 τήν
894 4109 1028 4178 παρέσχετο
1049 4107 1215 4176 Δημοσθένους
1239 4103 1371 4174 Αἰσχίνης,
1396 4105 1526 4174 διαρρήδην
1551 4105 1604 4174 περί
1628 4110 1671 4170 τῆς

73 4187 188 4253 Ἀττικὴν
201 4187 241 4239 θπ’
254 4185 351 4238 έκείνων
365 4185 541 4255 πεφρουρῆσθαι
552 4185 583 4253 τῇ
595 4184 666 4235 θέσει.
685 4184 762 4238 Tvc.
895 4185 993 4255 εἰρήνης
1005 4185 1133 4255 λέγοντος,
1149 4183 1189 4236 διά
1207 4187 1279 4235 τοῦτο
1291 4182 1322 4235 τά
1334 4182 1432 4252 δεότερα
1443 4183 1565 4247 σιωπήσας
1575 4181 1614 4236 έπλ
1625 4181 1670 4247 τὴν

110 4267 174 4334 367,
196 4269 236 4328 ιή.
253 4263 310 4316 Ὅτι
329 4269 364 4333 τῷ
376 4263 484 4315 Φωκέων
506 4261 606 4331 πολέμῳ
616 4261 676 4332 ]ίνα
690 4262 797 4333 σημαίνῃ
809 4261 850 4314 τδν
895 4262 974 4333 άρχην
984 4263 1065 4326 ἵεται,
1083 4261 1206 4332 ἀναφέρων
1222 4259 1310 4314 ίπίτδν
1331 4259 1502 4330 Ἀριστόδημον
1512 4259 1670 4314 καίἰίιοπτό-

68 4343 138 4398 κατὰ
151 4347 198 4412 γῆν
213 4341 254 4394 καί
267 4341 329 4393 κατά
343 4341 465 4393 θάλατταν
481 4339 599 4410 πόλεμον.
613 4339 709 4392 ΑἰίΤΡ.
895 4340 972 4410 λεμον
985 4340 1071 4406 αὐτήν.
1086 4339 1163 4392 TCV.

108 4423 173 4490 367,
199 4438 243 4474 οι.
268 4419 316 4476 Καί
341 4419 430 4489 ματαία
456 4417 531 4488 μένή
554 4419 656 4487 προτέρα
682 4416 796 4488 βοήθεια]
824 4410 852 4482 ῆς
931 4419 999 4488 369,
1018 4405 1062 4469 11]
1081 4417 1110 4468 Τί
1126 4435 1161 4476 τις
1175 4413 1241 4468 εἰναι
1260 4417 1333 4466 τοῦτο
1346 4413 1420 4484 φαίη]
1440 4413 1554 4482 Φανερῶς
1567 4411 1669 4465 ἐνταῦθα

69 4503 198 4574 μέμνηται
210 4498 235 4551 έν
248 4501 300 4559 τοῖς
317 4498 475 4558 Φιλιππικοῖς
497 4521 508 4542 ι
524 4497 565 4548 καί
579 4495 610 4549 τίι
627 4495 757 4549 τελευταῖα
767 4497 850 4565 πρώην
894 4497 1052 4565 προκαλεῖται
1066 4495 1095 4547 τδ
1113 4493 1243 4563 κεφάλαιον
1264 4491 1293 4544 τδ
1313 4492 1448 4562 λεγόμινυν
1466 4497 1573 4561 χρῶμα,
1589 4489 1610 4542 εἰ
1629 4490 1670 4542 καί

67 4580 104 4642 εἰς
120 4577 211 4639 Πύλας.
228 4599 238 4626 ι
257 4577 334 4630 TCV.
895 4575 1033 4642 διέσπαρται
1049 4571 1074 4624 έν
1087 4577 1123 4641 τῷ
1137 4571 1219 4640 λόγῳ.
1233 4572 1288 4623 AR.

109 4659 174 4725 367,
190 4657 223 4708 α3
253 4653 341 4722 ’1δίας]
366 4651 420 4704 ἀντί
441 4655 484 4704 τοῦ
504 4649 640 4712 ἰδιωτικάς·
665 4650 694 4702 οδ
709 4650 756 4720 γάρ
775 4653 850 4719 μόνον
931 4653 998 4720 369,
1020 4655 1060 4714 τίς.
1078 4650 1185 4721 Κτήμαθ
1198 4649 1257 4718 θμῖν
1271 4649 1392 4718 περίεστι]
1409 4645 1548 4717 Ὑπερθέσει
1558 4646 1611 4699 λόει
1624 4645 1668 4712 τίην

65 4735 181 4806 δημόσια
203 4732 319 4802 χρήματα
340 4729 470 4782 ἀνάλωσαν
490 4730 561 4792 τότε,
590 4728 655 4780 ἀλλά
676 4729 717 4782 καί
741 4727 850 4798 εἰσφοράς
894 4727 1024 4794 ἀντίθεσιν,
1037 4728 1138 4782 πλείονα
1151 4727 1193 4780 τδν
1211 4725 1336 4780 Φίλιππον
1354 4725 1434 4797 λέγων
1456 4727 1607 4796 κτησάμενον
1620 4724 1669 4778 ἀπδ

66 4811 219 4876 ἰποιήσαντο
230 4809 255 4862 ἰκ
264 4815 312 4862 τῶν
329 4807 394 4859 ἰδίων
410 4805 508 4858 οὐσιῶν.
522 4805 617 4860 ΑἰίΤΡ.
893 4811 935 4874 τῆς
949 4807 1051 4878 εἰρήνης.
1067 4809 1122 4860 AR.

109 4895 181 4954 368,
198 4896 223 4943 6.
239 4891 274 4942 Τδ
288 4894 332 4942 τοῦ
354 4888 486 4957 Διοφάντου
498 4886 538 4938 καί
556 4884 584 4936 τδ
600 4888 642 4937 τοῦ
657 4883 848 4954 Καλλισθένους]
931 4887 1000 4953 369,
1019 4887 1062 4938 23.
1092 4882 1125 4935 ‘H
1148 4882 1192 4954 μὲν
1216 4881 1336 4952 ῆμετέρα]
1360 4881 1427 4950 λέγει
1447 4879 1473 4932 δέ
1490 4877 1534 4944 τὴν
1558 4877 1667 4950 εἰρήνην.

63 4975 151 5034 Οὗτος
172 4973 186 5026 ό
209 4973 353 5043 Διόφαντος,
375 4977 423 5024 τῶν
446 4969 583 5040 συμμάχων
607 4967 788 5036 περισωθέντων
809 4969 850 5020 καί
894 4965 991 5019 ΑΤΥΡ.
1016 4962 1051 5015 ’ἰί
1076 4962 1123 5032 γὰρ
1143 4961 1236 5022 ἑαυτοῖς
1261 4963 1409 5030 περιποιοῦσι
1430 4961 1614 5028 συμμαχοῦντες
1635 4959 1666 5012 τά

64 5053 236 5112 ἀπελαθέντες
250 5050 276 5104 έν
290 5054 332 5116 τῆς
345 5049 458 5108 Φωκίδος
471 5047 614 5106 Φιλίππου,
630 5043 717 5113 ἰγραήνε
732 5062 849 5113 χαριστη-
895 5041 992 5112 ἀγαθά,
1010 5043 1027 5108 ἢ
1047 5044 1098 5102 τοῖς
1113 5041 1245 5110 κρείττοσιν
1262 5037 1352 5090 έαυτῶν
1371 5037 1412 5090 καί
1428 5037 1613 5106 δυνατωτέροις,
1630 5036 1668 5098 εἰς

63 5136 139 5204 μίους
153 5130 234 5190 θυσίας
253 5129 316 5180 θόειν
329 5130 380 5188 τοῖς
403 5128 481 5186 θεοῖς·
497 5125 525 5176 τί)
540 5123 565 5174 δέ
579 5126 621 5174 τοῦ
635 5121 810 5181 Καλλισθένους
823 5121 848 5174 ἐκ
893 5121 934 5174 καί
945 5121 1106 5172 συνάπτονται
1118 5117 1157 5170 διδ
1169 5115 1212 5180 τὴν
1231 5115 1326 5186 χρείαν.
1336 5115 1413 5167 TCV.

64 5219 119 5266 τῶν
136 5207 261 5272 ἐναντίων,
275 5206 418 5259 έαλωκότων
430 5203 538 5255 Φωκέων
551 5201 671 5270 κκίφόθου
684 5202 849 5270 κατασχόντος
868 5229 873 5257 ι
930 5201 989 5266 370,
1004 5200 1027 5250 3·
1048 5197 1143 5260 Ὅλιιις,
1157 5193 1179 5249 ὦ
1190 5195 1272 5266 ἀνδρες
1291 5193 1425 5264 Ἀθηναῖοι]
1441 5193 1494 5246 Ἵνα
1515 5190 1548 5263 μὴ
1562 5191 1590 5244 τδ
1600 5193 1666 5260 σόφι-
