3934 6350
295 307 352 358 τοῦ
830 303 970 362 ΣΧΟΔΙΑ
994 303 1057 362 ΕΙΣ
1078 304 1353 374 δίίδίΟΣθΕιῚίίΝ.

291 429 377 498 οριῑταί
395 447 448 481 τινα
463 428 529 500 αύτῷ
539 429 608 495 δίκην
624 429 762 499 μέλλουσαν
775 431 899 500 γίνεσθαι,
916 433 1067 502 περιέρχοιτο
1113 432 1156 503 μέν
1167 431 1265 498 ἠδίκουν
1286 433 1455 496 πεντακόσιοι,
1471 431 1523 502 ἐγὼ
1536 433 1562 486 δέ
1578 435 1725 502 κατηγορεῖν
1742 431 1786 484 οἰνκ
1799 431 1886 498 ἡδυνό-

290 506 331 558 καί
343 506 412 578 λέγοι
428 505 626 578 ἀπροσποιήτως·
639 509 700 569 τινές
715 527 756 578 μοι
767 510 897 578 φθονοῦσιν
913 510 938 564 ἐν
953 515 984 581 τῇ
998 511 1069 564 πόλει
1113 531 1162 582 μην
1175 512 1318 578 ἐπιεικὴςῶν
1331 512 1373 564 καί
1382 511 1468 572 δειλός·
1479 511 1521 564 διά
1528 515 1601 564 τοῦτο
1612 509 1692 576 εἶπεν,
1704 513 1780 573 οὕτως
1788 515 1823 564 ῖυν
1835 514 1885 581 θρε-

290 585 330 636 διδ
350 587 406 639 τόδε
419 587 448 638 τδ
471 589 588 657 πρᾶγμα,
602 587 662 650 ἵνα,
681 589 740 640 ὅταν
763 587 863 657 γίνηται
884 587 900 656 ίγ
918 589 988 656 δίκη,
1006 589 1068 661 λέγῃ
1112 588 1204 648 σίιςιιαί
1216 588 1298 659 λέγειν
1315 589 1401 649 δεινός.

289 665 328 718 ότι
337 665 365 718 οδ
376 666 510 736 προύλεγον
520 669 558 719 δτι
572 669 633 727 τινές
646 685 688 736 μοι
699 669 815 736 φθονοῦσι
828 669 870 721 καί
882 669 1013 738 βούλονταί
1027 690 1068 742 μοι
1147 671 1210 731 614,
1225 673 1250 720 6.
1269 665 1455 738 Ὗφαιροῦνται]
1471 666 1613 720 ίίλέπτουσι,
1628 669 1660 720 Ρ.

290 741 473 807 ἐπιόουλεῦσαις
485 746 540 797 An.
1147 751 1208 810 614,
1221 764 1246 814 7.
1256 747 1293 798 Δι’
1304 744 1440 811 ἀπληστίαν
1452 744 1584 814 δὲτρόπον
1598 743 1715 814 διχόθεν]
1730 741 1764 794 'fl
1776 742 1827 796 ἀπὸ
1842 749 1885 796 τῖεν

324 828 387 886 611,
403 842 430 892 9.
451 823 531 888 Τῆσδε
544 826 587 888 τῆς
599 825 693 892 γραφῆς
704 821 798 894 ἐτόλμα
816 824 896 893 λέγειν
908 826 918 894 ]
932 826 1067 895 Προδιαόο-
1112 822 1227 893 εἰσφορῶν
1240 830 1287 876 τιῖνν
1300 825 1438 895 συμμάχων
1451 823 1467 889 ἢ
1479 823 1537 892 πρὸς
1550 830 1585 895 τῷ
1596 822 1630 894 μὴ
1643 822 1756 894 εἰσφέρειν
1768 824 1814 872 καὶ
1824 823 1885 876 δυσι-

200 951 202 956 .
291 899 338 966 λὴν
360 906 433 954 τοῦτο
457 906 500 954 τοῦ
520 902 658 971 σύμπαντος
675 903 728 970 βίον
743 901 864 972 λαμδάνει
871 943 879 968 ,
900 904 943 955 ίνα
954 906 1067 974 φαίνηται
1109 907 1207 971 ροῖννται
1219 902 1251 955 τὰ
1259 904 1338 955 κοινά.

292 977 432 1050 ’λνδροτίων
447 977 474 1032 ἐκ
485 979 580 1033 πολλοῦ
596 981 712 1049 προειδὼς
726 982 764 1032 ότι
777 982 872 1042 πάντως
888 980 1066 1051 ἰγκληθήσεται
1145 985 1207 1043 614,
1223 984 1249 1035 θ.
1265 979 1326 1033 Ούτε
1336 978 1384 1050 γάρ
1393 978 1451 1049 ῥᾷον
1465 979 1585 1047 πολλοῖς]
1596 979 1721 1049 Πρεπδδές
1737 977 1790 1030 ἐστι
1806 980 1883 1049 1551,-

288 1057 328 1109 διίι
342 1056 533 1128 τήνθπερόολίην
547 1063 595 1110 τῶν
615 1057 797 1128 τολμημάτων
815 1061 878 1113 ὥστε
891 1060 920 1113 τδ
937 1061 1065 1132 προλέγειν
1109 1059 1227 1128 μοκρατίᾳ
1251 1060 1280 1112 τδ
1294 1057 1390 1129 μᾶλλον
1411 1059 1607 1128 περιεργάζεσθαι
1630 1057 1661 1110 τὰ
1684 1057 1824 1126 ἀδικήματα
1840 1063 1882 1110 αἶα

288 1136 360 1190 αύτδν
375 1137 414 1190 ἀεί
433 1138 569 1198 συνειδότος
590 1131 620 1202 ήν
639 1137 677 1188 ότι
697 1135 783 1202 ἠδίκει.
822 1138 856 1191 Τδ
873 1138 900 1190 δέ
918 1139 946 1191 ού
964 1140 1005 1193 σοί
1022 1141 1063 1211 ρη-
1107 1137 1200 1207 ὀλίγων
1213 1135 1275 1207 ήπερ
1291 1143 1339 1190 τῶν
1356 1136 1466 1191 πολλῶν.
1485 1139 1542 1190 ΑΒ.

286 1217 352 1280 τίαι,
368 1215 508 1268 οίονείόντι
521 1215 616 1286 αἰσχρῷ
629 1215 703 1269 πλέον
718 1222 767 1267 τῶν
782 1217 990 1287 διαθεόλημίνων.
1030 1219 1063 1271 Ἦ
1142 1213 1204 1266 Οὔτε
1217 1215 1264 1284 γάρ
1283 1215 1359 1285 ῥᾷον]
1376 1213 1441 1280 Αύτη
1458 1213 1589 1284 ἀναίρεσεις
1609 1214 1694 1268 αἰτίων
1714 1215 1828 1284 λέγεται·
1846 1215 1882 1276 τίς

286 1293 375 1356 οότως·
391 1293 419 1346 οδ
441 1295 480 1346 σοί
496 1291 593 1364 ῥητέαι,
609 1293 661 1345 όντι
675 1311 705 1364 γε
724 1293 845 1367 ἀνθριύτκρ
858 1296 900 1347 καί
913 1295 1064 1370 ύποκειμένῳ
1107 1292 1347 1363 ἀλλαςάναιρυύντες
1368 1293 1425 1362 μίαν
1439 1294 1469 1360 ἣν
1484 1293 1623 1364 βουλόμεθα
1632 1293 1824 1363 καταλείπωμεν.
1854 1295 1882 1346 “θ

287 1376 339 1435 ταῖς
351 1377 492 1444 συμφοραῖς.
1106 1370 1133 1424 δέ
1148 1370 1231 1442 λέγει,
1241 1373 1351 1425 τοιοῦτόν
1366 1370 1444 1424 ἐστιν·
1467 1371 1522 1424 οὔτε
1536 1372 1698 1442 εύκολιύτερόν
1718 1372 1770 1426 ἐστι
1783 1373 1881 1435 πολλοῖς

321 1458 441 1518 611,11.
473 1451 542 1522 Ἐγὼ
562 1454 584 1504 δ’
604 1449 717 1523 ύμῖν,ὧ
743 1453 847 1523 ἀνδρες]
872 1451 998 1515 Ἀπόδειξις
1020 1457 1063 1507 τοῦ
1107 1449 1241 1522 ἀνθρώποις
1251 1452 1406 1522 προσκρούειν
1421 1450 1496 1521 ὀλίγα
1511 1450 1634 1516 ὀδικοῖισι,
1649 1453 1690 1504 καί
1701 1450 1801 1522 μᾶλλον
1810 1450 1880 1504 ἐπιθε-

289 1529 446 1602 Ἀνδροτίωνα
458 1531 485 1584 ού
496 1531 536 1582 διδ
549 1530 591 1592 τάς
602 1530 823 1602 εἰσπράξεις,ἀλλδ
835 1531 876 1584 διδ
889 1531 934 1598 τήν
945 1535 1062 1604 πονηρίαν
1105 1531 1159 1582 τίον
1173 1533 1225 1592 τοῖς
1244 1530 1338 1600 ὀλίγοις
1356 1527 1417 1600 μέν,
1434 1528 1536 1582 πλείονα
1554 1529 1581 1581 δέ
1600 1529 1814 1600 ἐξαμαρτάνωσιν·
1835 1531 1880 1582 οὔτ’

284 1610 325 1662 καὶ
338 1611 406 1681 ύόριν
424 1612 564 1682 μισεῖσθαι,
580 1609 605 1672 ἐξ
617 1610 755 1682 ἐπαγωγῆς.
771 1614 801 1664 P.
1104 1602 1136 1660 αἰν
1149 1609 1182 1670 ὡς
1192 1609 1325 1678 δημοτικὸν
1339 1607 1503 1678 περιείργασαι
1518 1608 1560 1679 μίν
1572 1607 1603 1660 τίι
1616 1615 1665 1660 τῶν
1677 1610 1790 1674 πενήτων
1805 1610 1878 1671 mh,

321 1693 383 1750 612,
400 1689 426 1742 3.
442 1687 534 1741 Ἕκτον
550 1691 638 1759 μέρος]
655 1689 685 1740 Οί
698 1689 799 1742 πολῖται
813 1686 932 1760 εἰσέφερον
950 1690 979 1742 τδ
998 1688 1061 1742 εἰκο·
1104 1689 1294 1760 παρεῖδεςδέτδ
1312 1694 1361 1742 τῶν
1380 1686 1513 1746 πλουσίων.
1550 1688 1695 1742 Τούναντίον
1715 1688 1765 1759 γάρ
1789 1690 1879 1758 μᾶλλον

283 1765 340 1818 στδν
357 1768 442 1836 μέρος,
455 1765 479 1817 οί
493 1765 519 1818 δέ
534 1767 641 1836 μέτοικοι
657 1766 685 1818 τδ
698 1767 778 1820 ἕκτον.
792 1768 848 1820 ΑΒ.
1104 1766 1216 1837 ίπρεπεν.

239 1867 243 1875 ·
319 1847 381 1905 612,
404 1845 445 1896 15.
463 1841 522 1895 Εἴτε
535 1843 583 1913 γὰρ
597 1839 677 1912 ήσαν]
693 1847 780 1914 σχῆμα
791 1843 956 1915 διλήμματον.
972 1851 1006 1900 Α.
1138 1849 1200 1908 614,
1218 1861 1258 1900 12.
1275 1843 1350 1897 Οἶδεν
1362 1845 1422 1916 ἵνα]
1438 1842 1502 1909 λύτη
1513 1840 1577 1894 ἐστὶν
1598 1839 1615 1906 ἥ
1634 1839 1728 1906 ἀληθὴς
1747 1841 1830 1904 αἰτία,
1852 1843 1879 1908 ῖην

317 1925 380 1985 612,
399 1925 440 1976 18.
457 1921 515 1974 Ἔτι
525 1922 606 1974 τοίνυν
620 1920 647 1974 ἐκ
664 1923 740 1975 τῶνδε
752 1922 940 1996 ἀκριύέττερον]
955 1923 1060 1979 ’Λπύδει-
1102 1925 1251 1977 καταλείπει.
1267 1925 1367 1980 FLYP.

284 2001 317 2063 ξις
332 2001 358 2054 ἐκ
374 2002 521 2072 συγκρίσεως
539 2005 582 2052 τοῦ
607 1999 646 2051 διὰ
669 2000 712 2052 τόν
731 2001 821 2070 τρόπον
840 2005 883 2068 τῆς
899 2003 1057 2073 εἰσπράξεως,
1138 2007 1200 2065 614,
1216 2005 1257 2056 ιθ.
1275 1999 1353 2072 Ὁμοῦ
1366 2002 1491 2072 μετοίκους
1506 1997 1642 2064 Ἀθηναίους
1655 1999 1732 2067 δέων]
1745 1997 1803 2048 Ἶνα
1813 1999 1877 2050 παντί

282 2079 348 2132 ἀλλὰ
361 2078 393 2149 μὴ
406 2079 447 2130 διδ
461 2078 504 2140 τίις
519 2078 649 2148 εἰσπράξεις
662 2080 795 2150 μισεῖσθαι.
810 2081 929 2133 RSTCV.
968 2081 998 2133 Εἰ
1011 2082 1059 2152 γὰρ
1102 2085 1137 2151 τῷ
1151 2081 1240 2147 πλήθει
1257 2083 1397 2151 συγκρούων
1410 2081 1526 2150 φαίνηται
1542 2117 1549 2140 ,
1564 2076 1794 2147 θπέμνησετιῖινείς
1807 2079 1878 2130 ἅπαν·

282 2157 323 2210 διὰ
335 2157 377 2219 τάς
390 2157 537 2226 εἰσπράξεις,
548 2156 651 2227 ἐμισήθη
670 2158 698 2208 δν
711 2157 753 2209 καί
771 2157 786 2210 ὀ
805 2157 923 2230 Σάτυρος·
940 2159 1005 2211 ἀλλὰ
1018 2161 1059 2212 διδ
1101 2177 1143 2220 τας
1154 2161 1323 2232 γεγενημένων
1330 2160 1433 2230 θόρεων·
1447 2164 1520 2211 τοῦτο
1538 2158 1653 2224 πεποίηκε
1673 2157 1714 2209 καί
1731 2155 1756 2208 ἐν
1774 2163 1812 2227 τῷ
1822 2158 1878 2210 κατέ

279 2237 322 2288 τόν
336 2235 410 2288 αότοῖι
422 2237 511 2306 τρόπον
522 2235 563 2288 καί
573 2235 604 2288 τδ
620 2234 765 2305 ύόρίσματα.
781 2237 831 2290 Rs,
1080 2243 1084 2252 ’
1101 2237 1217 2304 Μειδίου,
1242 2240 1381 2309 συγκρούων
1396 2239 1471 2292 ἅπασι
1495 2239 1547 2298 τοῖς
1563 2235 1642 2288 ίθνεσι
1659 2239 1703 2301 τῆς
1724 2235 1821 2295 πόλεως
1840 2237 1876 2288 τδν

315 2319 377 2378 θιυ,
392 2330 437 2368 21.
448 2312 554 2382 Σάτυρος
567 2313 593 2366 δέ
604 2313 676 2365 ότῶν
687 2315 793 2384 νεωρίων
803 2312 966 2384 ἐπιμελητής]
975 2315 1058 2368 Οίονεί
1101 2317 1221 2380 Μειδίαν,
1241 2318 1369 2382 ἱππεῦσιν,
1386 2315 1586 2387 λρειοπαγίταις,
1602 2313 1683 2384 δήμῳ·
1699 2317 1773 2366 τοῦτο
1787 2312 1878 2384 κάντῷ

279 2390 360 2453 ότοίνς
369 2391 456 2452 τόπους
469 2392 606 2461 καθαίρων,
620 2393 652 2442 δι’
664 2389 700 2444 ὧν
719 2391 862 2446 ὀνέλκονται
876 2392 901 2444 αἱ
912 2393 1055 2463 τριήρεις·ή
1100 2395 1153 2446 κατ’
1174 2394 1304 2464 Αἰσχίνου,
1327 2395 1467 2465 συγκρούων
1491 2393 1608 2463 Αἰσχίνην
1633 2397 1669 2463 τῷ
1693 2392 1799 2462 Χάρητι,
1824 2393 1877 2462 πρδς

278 2475 326 2522 τῶν
348 2475 409 2522 νεῖον
426 2471 505 2522 αὐτῶν
519 2469 562 2536 τήν
586 2473 702 2541 φροντίδα
727 2474 921 2543 πεπιστευμένος.
962 2472 1005 2526 Ἐν
1021 2471 1057 2537 οίς
1099 2473 1127 2525 δν
1144 2472 1215 2534 αότδς
1230 2473 1273 2544 μὲν
1286 2474 1300 2525 ό
1313 2475 1390 2544 δῆμος
1401 2473 1445 2526 οδε
1466 2473 1535 2543 εἶχεν
1549 2469 1876 2534 οίκείως,οἰαειώσασθαιδέ

279 2551 406 2620 θεωρεῖται
419 2551 448 2603 τδ
465 2554 506 2616 τῆς
520 2549 666 2612 ἰνστάσεως·
678 2549 706 2603 ού
720 2551 759 2602 διδ
775 2551 817 2612 τάς
836 2551 966 2622 εἰσπράξεις
984 2554 1055 2622 μεμί-
1101 2550 1250 2622 βουλόμενος
1261 2558 1296 2624 τῷ
1311 2552 1353 2622 μέν
1366 2551 1482 2622 ἀντιδίκῳ
1497 2552 1682 2621 προσέκρουσεν,
1702 2547 1768 2620 αύτῷ
1779 2548 1807 2601 δέ
1822 2567 1875 2618 πρυ

277 2647 360 2696 σηται·
377 2629 465 2694 πόθεν;
482 2627 587 2700 ἐμισήθη
605 2629 653 2700 γάρ
669 2631 698 2682 ἀν
712 2629 780 2682 καίό
797 2631 916 2700 Σάτυρος·
933 2629 999 2681 ἀλλά
1015 2631 1056 2682 διδ
1098 2632 1217 2702 σήγαγεν.

277 2707 319 2759 τδν
342 2706 416 2760 αἰετοῦ
434 2709 524 2778 τρόπον
549 2708 591 2759 καί
614 2709 642 2760 τό
667 2708 782 2780 ύόρισμα.
806 2707 924 2760 ἈΛΛΩΣ.
975 2709 1054 2762 Πάλιν
1134 2715 1196 2774 614,
1210 2727 1254 2767 21.
1273 2709 1303 2762 Εἰ
1316 2711 1394 2781 μάτην
1408 2709 1437 2762 τδ
1458 2707 1639 2778 δεσμωτήριον]
1652 2706 1683 2758 Τί
1701 2705 1873 2775 παρενοχλεῖτε

276 2788 448 2848 κατασκευάζει
460 2789 498 2840 δτι
511 2787 539 2840 οἰν
548 2787 588 2839 διδ
597 2787 641 2854 τήν
653 2789 739 2854 πόλιν,
750 2787 815 2840 ἀλλά
828 2788 868 2840 διδ
879 2787 922 2854 τὴν
936 2789 1054 2859 ὠμότητα
1097 2784 1141 2853 τήν
1154 2788 1242 2852 πόλιν;
1255 2787 1349 2853 σίτησις
1359 2785 1418 2856 ύμῖν
1433 2785 1575 2839 ἀποδέδοται
1589 2786 1732 2854 πρόσφορος.
1779 2784 1816 2836 Το
1826 2784 1873 2835 δεσι

276 2865 331 2926 τοίς
345 2866 476 2936 πολεμίους
494 2866 621 2933 ἐκτήσατο.
664 2866 709 2920 Ἐκ
724 2869 871 2938 συγκρίσεως
891 2868 939 2938 γδρ
957 2868 1053 2922 ἀποδεί-
1098 2865 1381 2936 μωτήριονκαταλάόετε
1395 2867 1482 2927 τοῦτο,
1497 2864 1554 2916 δδι’
1568 2861 1871 2934 ύμαῖςοίπυτίρεςιξικοδο·

275 2961 343 2996 κνυσι
351 2943 392 2996 διά
403 2946 444 2998 τδν
458 2945 557 3015 τρόπον,
571 2944 628 2996 ἀλλ’
637 2947 666 2999 οδ
674 2947 715 2999 διδ
728 2946 769 3008 τδς
781 2947 910 3018 εἰσπράξεις
920 2950 1052 3018 μισεῖσθαι.
1098 2943 1212 3014 μήκασιν.

275 3023 339 3077 Εἶτα
363 3023 509 3096 ἐπιχείρημα
533 3025 730 3094 μεταληπτικόν·
754 3026 776 3078 εἰ
810 3026 867 3098 ύπέρ
895 3031 937 3093 τῆς
960 3027 1054 3089 πόλεως
1131 3022 1271 3092 Καταφαίηθ
1295 3020 1342 3090 ἂν]
1371 3019 1425 3072 Μία
1446 3019 1520 3081 λέξεις
1537 3017 1591 3071 M
1612 3021 1656 3070 ῖῡῦ
1677 3017 1735 3080 *αἰι
1758 3015 1874 3085 θμῦίθτῦ

275 3099 382 3154 ἐποιεῖτο
395 3099 439 3166 τήν
455 3101 593 3171 εἴσπραξιν,
611 3101 659 3156 ἔδει
674 3109 722 3155 τῶν
743 3103 899 3156 κλεπτόντων
910 3111 1051 3176 στρατηγῶν
1096 3100 1137 3152 καί
1158 3101 1313 3170 θυνῖίθῑμθῑι
1335 3101 1374 3151 ίίίῑ
1395 3100 1475 3168 μέῐῖιί
1486 3097 1634 3168 (ἐθίθῧθίέθθθ
1647 3096 1677 3148 ῖδ
1694 3096 1870 3164 ⁵⁵⁶P¹¹³³W=

274 3179 315 3229 καί
332 3178 440 3250 ῥητόρων
453 3181 612 3249 κατηγορεῖν.
653 3179 727 3234 Ἆλλά
743 3179 791 3250 μὴν
806 3179 833 3232 ού
850 3181 960 3250 φαίνεται
980 3187 1052 3236 τοῦτο
1099 3175 1221 3248 Ἀλλαχοῦ
1247 3177 1309 3229 κατὰ
1345 3177 1459 3246 διαίρεσιν
1483 3175 1622 3246 εθρίσκομεν
1648 3173 1873 3244 ἀναγινωσαόμινοσ

274 3261 367 3309 ποιῶν·
389 3255 436 3326 οἰχ
449 3255 507 3326 ίιπέρ
528 3256 596 3327 ὑμῶν
622 3257 669 3327 ἄρα
693 3255 739 3322 τὴν
767 3256 887 3328 είσπραξιν
910 3255 1050 3326 ἐποιήσατο.
1094 3259 1168 3310 τοῦτο
1179 3256 1220 3308 καί
1232 3255 1392 3325 διαλυόμενον
1407 3253 1489 3316 είςδύο
1499 3253 1582 3317 λέξεις,
1593 3255 1651 3305 ὅταν
1663 3253 1706 3304 καί
1715 3251 1872 3321 β’πράγμκττ

274 3333 330 3388 Εἰτ’
345 3335 473 3406 ἐπειδήπερ
491 3335 653 3405 στοχαστικός
673 3335 734 3390 κατόι
756 3335 811 3398 τοθς
829 3336 930 3408 ῥήτορας
942 3338 983 3390 καί
997 3340 1052 3401 τοδς
1096 3335 1154 3407 θέλῃ
1166 3337 1275 3406 σημᾶναι
1288 3335 1317 3387 τδ
1328 3333 1418 3386 κῶλον·
1431 3333 1536 3386 ἐνταῦθα
1548 3331 1575 3384 δέ
1586 3330 1695 3385 ἐνίοτε.
1711 3333 1768 3384 An.
1783 3343 1809 3383 et
1822 3347 1870 3382 1ου.

273 3414 424 3485 στρατηγούς
441 3414 518 3468 ἐδόκει
540 3414 655 3480 ότόπος,
672 3415 794 3488 ἐπήγαγεν
810 3415 877 3478 εύθίις
893 3413 937 3480 τὴν
954 3415 1051 3470 άπόδει-
1095 3415 1126 3466 L.
1144 3414 1292 3484 ίίατάφασις,
1305 3412 1437 3482 ὁμολογία.
1452 3413 1487 3464 Y.

272 3490 325 3556 ξιν,
350 3490 423 3546 εἰπὼν
448 3492 502 3544 υοί
519 3491 584 3564 παρὰ
605 3494 698 3556 τούτοις
713 3497 869 3565 κέκρινται.»
906 3495 940 3548 Tb
958 3497 1052 3560 δέτούς
1133 3491 1271 3562 Ἐρωτῶντί
1283 3511 1322 3544 σοι
1337 3492 1391 3562 περί
1413 3494 1456 3544 τοῦ
1475 3489 1643 3561 δεσμωτηρίου
1659 3488 1754 3558 σφόδρα
1770 3488 1801 3540 δν
1818 3486 1872 3540 ὀπυ

272 3569 358 3632 αύτοίις
371 3570 468 3631 τούτους
478 3567 560 3636 εἶπεν,
572 3571 615 3624 ἵνα
629 3569 661 3642 μὴ
673 3571 737 3626 εἴποι
751 3574 790 3626 ότι
805 3572 894 3626 ἐκεῖνοι
906 3573 1050 3645 μένεόγνώ-
1093 3571 1224 3641 κρῑνυίμην
1235 3571 1267 3632 ἱνς
1286 3571 1364 3640 μάτην
1383 3569 1555 3640 ᾠκνδθμηταῑ,
1575 3568 1603 3620 τό
1616 3585 1646 3637 γε
1665 3570 1710 3617 τοῦ
1726 3570 1770 3618 ῦνῦ
1787 3567 1872 3636 πατρὸς

273 3666 344 3717 μονες
362 3643 438 3714 ήσαν,
454 3647 478 3700 οί
497 3649 519 3700 δ’
541 3647 597 3719 ἐμοί
610 3648 823 3722 ἀναισχυντότεροι
837 3651 884 3722 οὔχ
903 3651 935 3714 ὡς
950 3651 1048 3708 ἐκεῖνοι.
1094 3653 1172 3722 μέρος·
1187 3651 1215 3704 ού
1228 3650 1276 3722 γὰρ
1293 3649 1378 3719 ίσχυσε
1392 3649 1520 3719 φυλάττειν
1534 3647 1624 3712 αὐτδν,
1637 3644 1705 3698 ἀλλὰ
1716 3646 1795 3716 γέλως
1806 3647 1870 3714 ὤφθη

271 3723 306 3776 'ro
320 3725 345 3778 δέ
363 3723 420 3788 ίσως
435 3727 519 3796 μόριον
539 3731 580 3778 νῦν
599 3727 654 3780 ἀντί
668 3733 712 3781 τού
730 3729 777 3798 γάρ
790 3733 884 3794 κεῖται,
896 3731 938 3782 καί
957 3729 1048 3798 έστινή
1092 3732 1211 3801 φυγόντος
1222 3729 1296 3782 αύτοῖι
1309 3729 1337 3782 τδ
1353 3727 1528 3798 δεσμωτήριον.

271 3805 354 3873 φράσις
370 3801 476 3874 Ἀττική·
492 3805 532 3857 καί
545 3805 592 3877 γὰρ
603 3807 683 3858 ἐκεῖνο
697 3806 786 3860 εἰδόσιν
798 3807 856 3878 ύμῖν
867 3809 933 3880 ὅμως
944 3807 998 3878 ἐρῶ.
1129 3813 1190 3872 614,
1206 3807 1468 3877 α3.Ἐξορχησάμενος
1479 3804 1627 3872 Διονυσίων]
1642 3803 1773 3873 Ιίακιῖιςτῇ
1788 3803 1871 3871 πομπῇ

307 3883 368 3948 613,
387 3899 428 3938 1ο.
442 3882 500 3936 Ὅτι
517 3885 597 3936 τοίνυν
610 3885 693 3956 ὅλως]
705 3885 778 3938 Ἄλλο
789 3886 935 3956 ἐπιχείρημα
945 3886 1049 3940 σαλεῦον
1093 3885 1134 3938 καί
1145 3889 1177 3957 τῇ
1197 3886 1331 3956 πανηγύρει
1344 3886 1506 3954 χρησάμενος·
1524 3881 1593 3944 ἔθους
1612 3881 1659 3951 γὰρ
1673 3883 1745 3942 ὀντος
1766 3879 1871 3932 ἀνίεσθαι

271 3960 345 4013 αύτοθ
365 3957 410 4026 τὴν
425 3959 539 4028 ἐννοιαν,
554 3962 589 4033 ἐφ’
608 3957 645 4025 οἷς
663 3963 744 4035 λέγει,
760 3965 792 4016 δι’
802 3965 863 4036 ύμᾶς
884 3964 1046 4034 πολεμοῦμαι.
1092 3966 1147 4018 τότε
1161 3965 1201 4017 διὰ
1213 3964 1256 4031 τήν
1270 3962 1371 4035 ἐορτὴν,
1389 3964 1444 4016 εἶτα
1456 3962 1635 4034 ἐμδάλλεσθαι,
1653 3961 1694 4014 διδ
1705 3961 1749 4014 τδν
1763 3961 1871 4031 δρασμὸν

274 4035 391 4106 Ἐκήδετο
400 4044 443 4106 τῆς
459 4041 571 4110 πόλεως,
587 4042 642 4105 τούς
660 4043 811 4113 ἁρπάζοντας
821 4045 917 4114 μᾶλλον
937 4044 968 4098 τά
979 4045 1049 4098 κοινίι
1093 4045 1199 4114 ἐνύδρισε
1211 4047 1262 4106 τοῖς
1274 4044 1415 4104 Διονυσίοις.

270 4116 285 4181 ἢ
300 4117 446 4180 κλέπτοντας
467 4117 568 4190 ἀπῄτει,
589 4119 617 4172 ού
633 4121 688 4182 τοὶις
701 4120 775 4192 ὀλίγα
792 4122 897 4192 ἔχοντας
908 4123 949 4175 καί
965 4125 1047 4194 φειδο-
1132 4125 1359 4196 Ἐξορχησάμενος]
1379 4123 1486 4193 Φυγίυν,
1507 4121 1620 4192 ἀποδράς.
1635 4121 1663 4172 Β.
1675 4119 1750 4180 Ἐθυς
1760 4114 1791 4184 ήν
1807 4118 1869 4186 παρὰ

269 4197 362 4265 μένους.
1092 4207 1143 4266 τοῖς
1156 4203 1287 4269 Ἀθηναίοις
1306 4200 1330 4254 ἐν
1343 4203 1395 4263 τοῖς
1412 4201 1543 4261 διονυσίοις
1555 4199 1597 4250 καί
1610 4197 1635 4250 ἐν
1654 4199 1706 4257 τοῖς
1718 4195 1871 4260 Πεναθηνιὶ·

305 4277 365 4338 613,
382 4293 425 4344 ²7·
444 4275 476 4328 Οἰ
497 4275 561 4346 παρίι
584 4277 677 4338 τούτοις
697 4279 833 4349 κέκρινται]
848 4277 904 4331 Ἵνα
928 4279 960 4350 μὴ
985 4279 1049 4334 άντι-
1092 4302 1127 4344 οις
1150 4283 1205 4343 τοίυς
1218 4283 1342 4351 δεσμώτας
1365 4279 1475 4350 ἀφίεσθαι
1490 4282 1534 4331 τοῖν
1555 4279 1645 4346 δεσμοῦ
1664 4274 1690 4328 ἐν
1705 4273 1805 4335 ἐκείναις
1820 4279 1870 4333 ταῖς

269 4355 345 4426 πέσῃ,
367 4353 432 4408 Ἀλλ’
451 4353 473 4406 εἰ
497 4355 539 4408 καί
554 4353 673 4423 ἠδίκησαν
691 4355 794 4422 ἔλαθον,
811 4358 894 4428 ἐπάγει
917 4361 1045 4428 κέκρινται.
1091 4361 1189 4431 ἡμέραις
1204 4360 1375 4430 παρασχόντας
1397 4355 1586 4426 ἐγγυητδςπρδς
1606 4355 1635 4407 τδ
1656 4351 1689 4423 μὴ
1705 4355 1809 4422 φυγεῖν,
1831 4353 1870 4404 ἵνα

267 4431 331 4485 Εἶτα
346 4433 427 4503 ἕτερον
446 4431 607 4497 ἀντιπῖπτον,
621 4432 678 4485 ἀλλ’
693 4433 822 4504 ἐκρίθησαν
844 4437 902 4506 μέν,
915 4435 1047 4507 ἠφείθησαν
1091 4439 1132 4490 καί
1145 4437 1173 4490 τό
1190 4436 1283 4497 εἰνσεόές
1300 4436 1401 4506 γένηται
1417 4435 1475 4503 πρὸς
1489 4434 1517 4486 τδ
1533 4435 1598 4486 θεῖον
1611 4432 1651 4484 καὶ
1663 4431 1766 4501 ἀσφαλές
1773 4429 1870 4500 {mim

267 4512 305 4563 δέ·
320 4509 363 4564 ’ίνα
374 4509 407 4580 μὴ
423 4513 581 4581 συκοφαντεῖν
592 4513 706 4582 φαίνηται
716 4513 747 4566 τδ
759 4519 801 4580 τῆς
812 4515 923 4585 κρίσεως,
937 4515 1047 4587 ἐπήγαγε
1091 4519 1143 4579 τοῖς
1158 4537 1176 4586 χ
1178 4517 1365 4586 ρεωστουμένοις
1382 4510 1415 4584 μὴ
1429 4515 1568 4584 φευγόντων
1580 4515 1629 4562 τῶν
1641 4511 1789 4579 δεσμωτῶν,
1804 4505 1869 4558 ὀλλδ

267 4589 311 4655 τὴν
327 4589 412 4654 λύσιν,
432 4586 467 4642 ὧν
482 4590 506 4642 οί
521 4590 564 4662 μέν
578 4593 689 4645 τεθνᾶσιν
706 4591 741 4663 ἐφ’
761 4591 798 4656 οἷς
811 4592 919 4660 ἠδίκουν.
965 4593 1044 4661 Εἶτα,
1092 4593 1153 4663 μετὰ
1172 4593 1214 4652 τίς
1232 4592 1321 4664 ἡμέρας
1335 4595 1378 4657 τῆς
1399 4590 1483 4660 ἑορτῆς
1496 4590 1569 4643 πάλιν
1584 4587 1776 4657 ἰμόαλλομένων
1795 4585 1829 4646 εἰς
1842 4585 1869 4638 τδ

266 4667 348 4735 ἐπειδή
362 4688 424 4731 τινες
439 4670 480 4722 καί
493 4671 712 4742 συκοφαντούμενοι
727 4672 870 4738 θνήσκουσιν
886 4673 989 4738 ἀδίκως,
1006 4675 1045 4727 αό-
1090 4671 1265 4742 δεσμωτήριον.
1315 4671 1386 4740 Λέγει
1405 4663 1448 4720 σύν
1466 4669 1505 4720 δτι
1517 4668 1541 4720 ἐν
1557 4667 1657 4728 ἐκείναις
1670 4669 1723 4727 ταῖς
1735 4663 1836 4734 ήμέρκις
1855 4663 1869 4714 ὁ

268 4748 321 4808 τοίις
333 4747 424 4801 έαυτῶν
443 4747 541 4815 ἐποίησε
553 4753 781 4822 καταγινώσκοντας
795 4759 829 4824 τῷ
846 4755 987 4824 πεφευγέναι
1002 4753 1045 4820 τήν
1090 4747 1168 4822 πατὴρ
1191 4754 1234 4803 τοῦ
1261 4748 1473 4818 Ἀνδροτίιννοςύκς
1493 4747 1575 4799 ἄδειαν
1590 4746 1656 4816 ἰχων
1674 4744 1701 4797 ἐκ
1715 4748 1759 4798 τοῦ
1777 4745 1868 4814 δεσμοῦ

266 4826 352 4896 κρίσιν.
546 4881 550 4892 ‚
1090 4830 1188 4902 ἀπέδρα.
1239 4829 1275 4882 Τί)
1294 4830 1315 4880 δ’
1335 4828 1528 4898 ἐξορχησάμενος
1546 4827 1579 4888 έυς
1596 4827 1654 4897 πρδς
1669 4823 1714 4890 τὴν
1734 4823 1866 4894 πανήγνρτι

301 4900 363 4966 613,
378 4917 422 4974 29.
441 4903 605 4976 Ἐξητάσθης]
625 4905 738 4975 Ἐράνης.
753 4908 783 4959 Ρ.
1090 4905 1198 4971 ἐπαιξεν,
1214 4905 1340 4976 ἐπειδήπερ
1359 4905 1383 4958 ἐν
1400 4909 1453 4967 ταῖς
1471 4905 1564 4976 ἑορταῖς
1577 4903 1631 4965 ἐθος
1649 4902 1864 4972 ἐστὶνόρχεῖσδει,

301 4984 362 5044 614,
386 4998 409 5034 1.
425 4981 506 5045 Οὕτως
523 4987 557 5036 ὢν
575 4985 662 5054 θρασίις
680 4985 721 5038 καί
739 4983 819 5056 λέγειν
839 4987 934 5060 δεινδς]
957 4985 1044 5059 Ἑτέρα
1089 4985 1143 5038 ἀντὶ
1163 4990 1206 5038 τοῦ
1223 4985 1370 5056 ,προσέπαιξε
1387 4989 1418 5057 τῇ
1438 4985 1571 5056 πανηγύρει
1585 4983 1627 5036 καί
1644 4981 1735 5054 χλεύης
1757 4977 1864 5051 ὀιρορριὴι

264 5055 399 5124 λυποῦντος
418 5060 551 5131 διόρθωσις.
591 5062 646 5116 Ἵνα
667 5059 700 5134 μὴ
725 5061 854 5138 ἀντιπέσῃ,
876 5065 933 5118 ἀλλ’
952 5065 1042 5120 ἐκεῖνοι
1088 5065 1177 5131 ταύτην
1201 5063 1349 5132 ἐποιήσατο,
1367 5065 1410 5116 ἵνα
1430 5065 1471 5117 καί
1487 5061 1648 5131 άσιόῖηαδτδν
1664 5061 1739 5134 δείξη.
1757 5063 1811 5115 ΑΒ.
