3934 6350
991 297 1098 361 mv.
1125 297 1228 360 xm
1249 295 1533 359 ΤΙΜΟΚΡΑἸῸΥΣ.

449 433 520 488 τίων
533 433 586 495 τοῖς
598 430 674 488 πάλαι
683 430 801 502 κειμίνοις
814 429 945 502 τιθεμίνων
956 429 1049 502 νόμων.
1089 429 1202 500 Ἀρχεταε
1213 427 1240 482 δί
1285 428 1464 492 πεντακοσίων,
1478 425 1500 480 εἰ
1511 423 1589 478 δεῖλτ

440 505 572 583 ’καθαρῶς
581 509 653 578 αθτῆς
661 511 704 576 τῆς
716 513 760 574 τοῦ
773 509 849 580 νόμου
860 509 1016 581 κατηγορίας,
1025 508 1119 563 ἰνθίνδε
1129 514 1166 580 (ρ.
1178 523 1239 578 ρια,
1285 525 1357 574 σηται
1370 505 1534 576 τδςτριήρεις.
1571 503 1589 558 Δ

451 590 492 645 13
505 593 536 662 )·
556 612 568 641 ι
584 591 627 643 ίνα
638 589 664 643 δί
676 587 755 656 εἰδῆτε
773 589 829 659 παρ’
841 588 906 650 οίους
917 588 1007 659 νόμους
1019 581 1073 641 οἰσν
1088 583 1159 650 οότος
1173 585 1241 654 εἰσή-
1285 604 1345 640 των.
1360 585 1485 638 Anch.

453 688 468 718 ιι
494 685 604 739 νεγκεν,
619 666 788 738 ἀναγνώσεται
805 671 902 738 πρῶτον
917 663 960 736 μὲν
977 665 1036 737 θμῖν
1056 665 1100 720 τδν
1113 668 1203 737 νόμον,
1227 687 1238 715 ε
1321 669 1383 733 706,
1401 680 1443 717 ια.
1462 657 1590 734 Ἐννίαάρ

448 745 501 800 ἀπ’
516 745 593 812 αθτῆς
616 749 661 812 τῆς
684 743 845 816 ἀναγνώσεως
862 747 907 797 τοῖν
928 745 1094 816 Τιμοκράτοκ
1107 745 1184 816 νόμον
1199 747 1242 811 τῆς
1285 741 1310 796 οἰ
1335 741 1361 804 ie
1379 742 1539 812 θεσμοθέται,
1562 739 1590 792 οῖ

448 825 610 896 κατηγορίας
623 823 770 896 ἀρχόμενος.
810 820 957 894 Ἐνδείτριψε
972 822 999 876 δί
1009 827 1041 896 τῇ
1051 827 1188 896 κατασκευῇ
1201 823 1243 876 καί
1284 820 1396 894 γραφάς,
1408 819 1464 874 εἶτα
1478 813 1512 882 εἰς
1529 817 1591 889 βασί

448 904 513 963 ταῖς
528 899 664 964 ἀποδείξεσι
677 905 722 956 τοῦ
736 901 813 970 νόμου
824 903 867 953 τοῦ
881 899 1022 962 κελευόντος
1035 899 1123 962 ἐξεῖναι
1135 919 1242 970 κατηγο-
1289 899 1458 971 Ἀνδροτίωνος
1472 899 1496 952 τί
1507 893 1537 964 ήν
1547 897 1591 952 αθτ

449 983 510 1052 ρεῖν
539 987 587 1036 τών
606 981 750 1035 θπεναντίον
771 979 930 1052 εἰσφερόντων
945 980 1038 1050 νόμον,
1056 976 1137 1044 ἐπειδὴ
1157 979 1242 1050 τιθάρ-
1287 978 1431 1051 ἰπεμελεῖτο
1451 981 1496 1031 τοῦ
1509 977 1591 1048 τρίρεσ

450 1075 519 1132 ρηκε
533 1061 613 1134 τοότιρ
628 1065 664 1133 τῷ
683 1061 748 1132 μίρει
761 1059 803 1112 καί
820 1060 987 1130 προσποιεῖται
1002 1057 1118 1130 λαμπρῶς
1132 1057 1240 1128 ἰσχόειν·
1286 1063 1335 1112 τῶν
1350 1057 1525 1112 ἀποθανόντων
1539 1073 1592 1125 γενι

450 1137 620 1212 ἀμποεεῖγάρ
633 1137 674 1191 διά
686 1142 730 1204 τῆς
742 1137 866 1209 διατριδῆς
884 1137 972 1202 ταθτης
989 1139 1042 1198 τοῖς
1054 1135 1181 1189 ἀκοιίουσιν
1205 1134 1243 1190 ἰν·
1286 1137 1301 1190 ό
1316 1135 1448 1199 ίνιαθσιος,
1463 1136 1529 1198 ὅστις
1545 1134 1592 1206 ἀπε]

451 1235 530 1272 νοεαν
542 1218 580 1271 ότι
593 1215 638 1270 οθκ
653 1218 683 1269 ἀν
695 1216 798 1272 πλείονα
810 1215 889 1287 λόγον
902 1214 1034 1282 ίποιήσατο
1049 1211 1082 1286 μὴ
1094 1213 1161 1285 ἔχων
1173 1213 1242 1286 ἰσχυ·
1287 1219 1335 1266 νών
1357 1214 1398 1267 καί
1410 1213 1496 1266 ἀλλων
1519 1219 1593 1266 τινών

451 1295 504 1367 ράν
514 1293 562 1362 τήν
575 1295 696 1358 ἀπόδειξιν
710 1295 753 1348 τδν
769 1296 934 1366 Τιμοκράτους
944 1295 1022 1366 νόμον
1036 1293 1179 1348 θπενανείον
1191 1296 1244 1356 τοῖς
1286 1295 1331 1346 τοῖ
1346 1291 1591 1366 ἀποδοκιμασθίντων

450 1375 581 1445 κειμίνοις
591 1373 671 1440 εἶναι,
682 1373 764 1428 πολλὰ
777 1375 800 1426 δ’
816 1373 897 1428 άνιίειν
911 1373 937 1426 αί
950 1377 1061 1426 τοιαῦται
1075 1375 1242 1445 προκαταστά·
1322 1374 1384 1439 706,
1396 1386 1441 1424 αο.
1451 1370 1513 1432 Τοίις
1524 1369 1550 1422 δὲ
1566 1387 1593 1441 πρ

453 1469 509 1514 σεις
537 1453 661 1506 δύνανται.
699 1451 749 1504 Ιίᾶν
773 1450 822 1522 γάρ
847 1450 1015 1521 ἀσθενέστεραι
1036 1452 1191 1522 τυγχάνωσιν
1217 1451 1243 1504 σί
1286 1466 1329 1509 τας
1341 1454 1390 1502 τῶν
1404 1449 1580 1504 πεντακοσίων.

453 1529 609 1596 ἀποδείξεις,
621 1529 731 1597 οἰήσεται
744 1529 759 1583 ό
772 1528 892 1602 ἀκροατὴς
902 1530 943 1582 διά
956 1529 1001 1597 τήν
1014 1529 1106 1584 οἰκείαν
1118 1529 1242 1584 ἀσθίνειαν
1286 1525 1328 1578 διίι
1338 1527 1368 1580 τδ
1385 1527 1478 1594 ἀδηλον
1493 1531 1537 1580 τοῦ
1554 1525 1594 1580 κλε

455 1608 493 1680 μὴ
518 1611 628 1662 συνεῖναι
641 1609 734 1681 μόνον,
756 1608 799 1663 ἰάν
814 1607 992 1682 ἰξηπατημίνος
1012 1611 1067 1670 ταῖς
1086 1607 1244 1679 ἐπαγγελίαις
1288 1605 1302 1657 δ
1317 1604 1383 1659 ἰστιν
1396 1605 1421 1660 ἰν
1435 1625 1466 1678 τῃ
1484 1605 1595 1678 τρίτη,ό

453 1689 587 1761 τυγχάνῃ.
623 1687 710 1742 Ἰἱστιν
724 1682 768 1741 οὖν
785 1689 1021 1759 πραγματικώτατον
1037 1691 1111 1740 τοῦτο
1126 1687 1155 1740 εδ
1174 1688 1244 1758 μόρος
1287 1682 1431 1752 ἰκκλησίας,
1453 1685 1595 1738 τουτίστιτῖ

454 1765 559 1832 πολλὴν
582 1766 641 1838 ἕχον
666 1767 809 1832 δεινότητα,
828 1766 870 1818 καί
890 1765 938 1837 γάρ
962 1763 1157 1836 καθολικώτερον
1184 1765 1243 1819 αθτδ
1287 1763 1523 1818 ἰστινθποόάλλεεν·
1536 1763 1595 1835 ἰγνσ

455 1845 618 1916 προήγαγεν·
632 1847 705 1898 τοῦτο
723 1843 750 1898 δί
762 1843 813 1898 ἔστι
824 1846 867 1896 τοῦ
882 1847 980 1914 μερικοῦ
992 1843 1034 1896 καί
1048 1842 1125 1897 ἰδικοιῖ
1136 1843 1243 1898 πιθανώ-
1287 1861 1334 1914 γον
1347 1841 1392 1909 τὴν
1408 1841 1538 1909 ίκκλησίαν
1546 1881 1554 1907 ,
1571 1841 1596 1894 οἱ

455 1939 542 1993 τερον.
582 1922 628 1976 Καὶ
638 1921 703 1984 εώξει
714 1921 746 1974 δι’
760 1920 833 1974 αθτοΰ
844 1920 875 1974 τά
888 1920 915 1974 ἰκ
926 1925 968 1988 τῆς
979 1921 1180 1990 όπεναντιότητος
1195 1928 1243 1976 τῖον
1287 1921 1420 1988 συνῆλθον.
1463 1919 1527 1992 Ἱερὰ
1545 1919 1596 1974 akr

458 2001 547 2070 νόμων
571 1999 724 2072 ἀδικήματα,
743 2001 787 2052 ίνα
807 1999 850 2052 τδν
875 1997 996 2071 ἀκροατήν
1018 2003 1073 2062 ταῖς
1089 1999 1245 2073 ἀπαγγελίαις
1324 2001 1442 2070 70605.
1457 1999 1512 2052 Τών
1532 1999 1597 2072 ἀμωη

457 2085 511 2133 τῶν
534 2078 781 2151 ἀποδεεχθησομίνων
809 2077 916 2151 ἰκπλήξη
940 2079 982 2132 καί
1004 2077 1161 2151 ὑπαγάγηται
1189 2079 1244 2141 τοθς
1287 2082 1391 2132 τοθτών
1406 2077 1597 2150 ήδηάμοσάντευ

458 2155 596 2221 ἀποθοντας
613 2161 666 2221 τοῖς
677 2156 783 2220 ἰπαίνοις
794 2156 836 2210 καὶ
846 2158 900 2219 ταῖς
918 2159 1000 2228 τιμαῖς
1013 2159 1067 2220 ταῖς
1084 2156 1148 2228 παρά
1164 2156 1246 2210 Σόλω·
1289 2157 1326 2211 νεί
1351 2157 1455 2230 ἰλεγεν,
1473 2158 1518 2210 ίνα
1543 2155 1597 2212 ώσιι

459 2255 513 2300 νος.
529 2237 564 2291 Υ.
1292 2233 1471 2300 Ἰστίονδίώς
1488 2235 1563 2302 δτιή
1590 2233 1598 2256 ‘

497 2315 562 2385 705,
577 2315 619 2370 13.
635 2311 721 2368 ’Ἔστιν
732 2353 739 2379 ,
752 2310 775 2368 ώ
788 2313 872 2385 ἀνδρες
890 2312 1032 2384 Ἀθηναῖοι]
1046 2313 1181 2384 ίίληρώσας
1199 2312 1244 2380 τὴν
1290 2316 1401 2388 μεγάλου
1415 2315 1570 2385 δικαστηρίου
1583 2335 1598 2368 ιι

458 2393 578 2463 διήγησιν
598 2391 723 2446 είσδάλλει
736 2389 846 2446 ἰντεῖθεν
866 2389 906 2445 ἰπί
922 2391 952 2444 τδ
966 2391 1072 2462 νόμιμον
1093 2391 1242 2462 κεράλαιον·
1289 2397 1449 2458 δικαζόντων.
1491 2393 1591 2447 Ἦλιαία

459 2471 504 2524 καῖ
516 2469 603 2525 τοιίτου
613 2477 707 2542 πρῶτον
722 2469 762 2526 ἰπί
772 2470 802 2524 τδ
813 2471 969 2542 παράνομον·
983 2469 1036 2538 ἐξῆ-ς
1043 2469 1070 2524 δί
1081 2469 1155 2524 αἰτοῖ
1164 2471 1246 2524 τάττει
1290 2473 1416 2535 ἁλίζεσθαι
1437 2471 1479 2524 καὶ
1501 2473 1599 2542 συναθρι

461 2551 494 2606 ἐδ
509 2549 620 2606 ἰναντίον
633 2553 687 2614 τοῖς
699 2553 793 2623 νόμοις.
809 2551 912 2606 ATCV.
1289 2551 1324 2606 Το
1336 2551 1384 2624 γάρ
1403 2571 1419 2604 α
1433 2551 1491 2620 εἰςη
1506 2551 1599 2623 μεταδθ

499 2631 562 2699 705,
589 2633 631 2685 16.
658 2629 731 2684 Ἀλλὰ
748 2629 908 2701 προστάττει,
930 2635 1026 2700 πρῶτον
1057 2629 1100 2702 μίν
1121 2629 1244 2703 ἰκθεῖνειι]
1290 2633 1403 2704 λέγουσιν
1417 2629 1445 2686 ίκ
1458 2635 1503 2685 τοῦ
1516 2631 1600 2702 θπαιθρ

461 2705 577 2770 Ἐκθεσις
596 2707 670 2762 αθτοθ
682 2709 804 2781 ἰμπροαθε
816 2714 864 2764 τῶν
877 2707 1021 2780 ίπωνθμων.
1036 2711 1067 2764 Β.
1082 2709 1119 2762 Τά
1132 2728 1245 2782 περιστα-
1290 2709 1345 2766 ἰκεῖ
1355 2711 1426 2766 ἔνδον
1448 2709 1600 2783 προσόάλλει

460 2785 593 2842 τεκάθελεε
606 2787 1012 2860 ίνταῦθαείπεῖν,τδπρόσωπον,
1027 2790 1071 2842 τὀν
1084 2789 1245 2861 τρόπον,τδν
1290 2791 1353 2846 κατόι
1373 2791 1429 2854 τοθς
1451 2791 1539 2862 νόμους
1566 2787 1601 2856 ήδι

461 2866 557 2932 τόπον,
572 2867 616 2920 τδν
629 2868 730 2938 χρόνον.
743 2866 855 2938 Χρόνον,
870 2863 915 2933 τὴν
926 2867 1009 2937 τρίτην
1026 2865 1157 2935 ἰκκληοίαν
1167 2888 1173 2900 ·
1185 2869 1245 2939 πρό-
1290 2871 1418 2943 δραχμάς,
1430 2871 1496 2933 ἀξιον
1511 2871 1601 2936 ζητήσι

462 2963 563 3009 σωπον,
589 2945 645 3008 τοθς
667 2946 723 3017 περί
744 2943 917 3017 Ἀνδροτίωνα·
948 2944 1041 3010 τόπον,
1067 2946 1172 3016 πρόσθεν
1197 2951 1245 2999 τῖεν
1291 2947 1377 3010 ἔταξαν
1392 2947 1437 3014 τὴν
1450 2949 1541 3019 ζημίαν
1560 2965 1602 3000 και

458 3017 614 3098 ἀπσινόμων·
631 3027 721 3096 τρόπον
746 3023 789 3090 δί,
811 3024 850 3078 δτι
871 3023 974 3076 τοιῶσδε
996 3023 1039 3076 δεῖ
1059 3027 1137 3077 ταῦτα
1154 3025 1244 3079 ποιεῖν.
1290 3029 1376 3100 ίδρων.
1416 3027 1462 3080 1ίαί
1487 3027 1593 3097 λίγομεν

461 3101 593 3158 ARTCV.
1290 3106 1389 3168 συνάξει
1403 3105 1446 3159 τδν
1457 3105 1536 3177 δῆμον
1547 3101 1600 3166 είςέ

501 3181 563 3249 705,
579 3197 621 3251 ερ.
635 3179 745 3252 Πρόσθεν
763 3185 813 3235 τῶν
831 3177 980 3251 ἀστυνόμων]
995 3177 1152 3252 Ἰἰτκθνυμσι,
1169 3180 1246 3252 ήρωες
1291 3183 1388 3238 ἰπίτῶν
1402 3183 1542 3254 πρυτάνεων
1553 3186 1601 3234 τῶν

462 3265 514 3314 τῶν
537 3260 620 3332 ρυλῶν
642 3259 779 3334 ίεκίινυμοι·
805 3259 936 3332 Ἐρεχθεθς
958 3259 1106 3327 Πανδίονος,
1134 3261 1246 3316 Πανδίων
1290 3262 1416 3319 ARTCV.

467 3337 640 3411 Ἐριχθονίου,
658 3338 761 3412 ’ἀκάμας
779 3338 891 3407 θησῖως,
908 3336 967 3401 Αἰας
980 3337 1142 3411 Τελαμῶνος,
1160 3339 1246 3404 Αἰγιθς
1325 3358 1389 3412 707,
1405 3341 1446 3394 13.
1462 3337 1504 3402 Εἰς
1517 3339 1603 3410 λιθκω]

463 3415 612 3489 Αἰγικόρεω,
631 3417 722 3490 ίίίκρσ]
736 3417 879 3489 αἰιτόχθων,
895 3413 1016 3472 Ἱπποθῶν
1028 3417 1194 3484 Ποσειδῶνος,
1205 3419 1246 3473 καί
1291 3420 1364 3488 ῖωςί]
1376 3419 1494 3486 ίκκλησίει
1503 3421 1603 3490 γίνηται

464 3493 544 3566 ίτίρας
554 3497 622 3566 μιᾶς·
638 3496 697 3550 δίκα
710 3495 759 3567 γάρ
768 3491 830 3564 ήοαν
842 3495 925 3567 ρυλαί.
939 3497 997 3552 ΒΥ.
1290 3499 1347 3552 σθαι
1356 3496 1419 3550 κατά
1432 3499 1516 3548 κοινοῦ
1527 3496 1557 3549 τό
1570 3494 1603 3548 κε’.

500 3574 560 3643 705,
581 3589 627 3628 αο.
648 3573 717 3628 θίετίι
731 3579 808 3629 ταῦτα
826 3573 867 3630 ἰπί
878 3575 959 3646 πᾶσι]
973 3573 1086 3638 Ἐκθεσις
1103 3574 1177 3630 αθτοῦ
1194 3579 1247 3638 τοῖς
1292 3577 1347 3638 τοθς
1369 3574 1603 3644 ουναπολογησομίν

463 3655 536 3708 ταῖσιν
545 3691 553 3718 ,
563 3653 628 3707 ώστε
642 3651 708 3707 εἶναι
718 3657 811 3710 κοινόν.
824 3657 854 3708 Β.
1289 3653 1348 3724 θπίρ
1360 3659 1408 3706 τῶν
1420 3651 1563 3724 μελλόντων
1575 3650 1603 3704 λθ

500 3733 561 3803 705,
573 3747 615 3787 αι.
631 3733 695 3804 Πρδς
706 3733 815 3806 τούτοις]
835 3733 906 3796 θόοις
914 3737 963 3786 τῶν
978 3731 1096 3786 ἰναντίων
1106 3735 1199 3805 νόμων.
1212 3735 1243 3786 B.
1289 3735 1334 3784 τοῦ
1358 3727 1519 3800 εἰσαγομένου
1538 3727 1581 3780 καί
1597 3747 1603 3798 γ

501 3817 561 3881 706,
579 3831 603 3867 ε.
619 3809 662 3876 Ὧς
671 3812 736 3884 παρά
748 3814 840 3875 πάντας
852 3813 909 3874 τοίις
926 3811 1016 3885 νόμους
1031 3811 1185 3884 ἰνομοθίτει]
1195 3811 1246 3866 Τοῖι
1289 3808 1434 3881 ἰνομίζοντο
1445 3805 1509 3862 εἰναι
1517 3806 1603 3878 ραῖιλοι

464 3893 593 3962 προσώπου
603 3891 663 3960 αότη
675 3890 691 3958 ή
701 3891 813 3955 ἰξίτασις.
824 3891 906 3946 ch,
1326 3905 1388 3959 707,
1409 3905 1452 3958 ε7.
1476 3885 1601 3958 Ἕκατομδ

501 3975 562 4040 706,
577 3975 604 4036 ά.
623 3968 696 4042 ’ἀρχὴ
708 3975 753 4024 τοῖν
765 3969 826 4024 κατά
838 3970 969 4041 προσώπου
984 3969 1098 4040 νομίμου.
1109 3968 1136 4023 S.
1289 3963 1321 4036 ήν
1336 3967 1351 4022 ό
1364 3972 1458 4039 πρῶτος
1471 3965 1537 4038 μὴν,
1550 3967 1591 4019 δτε

500 4053 560 4118 706,
574 4066 599 4118 7.
622 4047 838 4123 Ἐπιχειροτονία]
855 4049 1052 4121 Ἐπιχειροτονία
1071 4048 1137 4102 ἐστὶν
1155 4047 1171 4116 ἰ]
1192 4050 1245 4102 διά·
1290 4046 1421 4120 ἰνδεαάτη,
1436 4047 1450 4099 ίί
1464 4045 1515 4100 ἐστι
1528 4049 1559 4117 τῇ
1572 4063 1603 4116 πρ

466 4127 572 4198 οκεψιςδ
592 4147 617 4181 τι
629 4129 672 4182 δεῖ
688 4131 768 4183 ποιεῖν
783 4131 838 4202 περὶ
856 4135 905 4183 τῶν
919 4129 1013 4200 νόμων.
1054 4127 1098 4182 Ἐν
1113 4131 1145 4202 τῇ
1162 4132 1246 4204 πρώτη
1290 4125 1317 4181 ἰκ
1330 4131 1373 4196 τῆς
1388 4127 1486 4198 πρώτης
1505 4123 1603 4192 ἰκκλησί

465 4205 492 4259 δί
502 4198 664 4279 προτανείρίν
679 4209 812 4282 τῷπρώτῳ
823 4209 898 4280 μηνί·
913 4205 991 4262 ἰστίον
1000 4206 1048 4280 γάρ
1059 4209 1097 4262 ότι
1106 4208 1168 4262 κατά
1180 4213 1247 4280 μῆνα
1289 4205 1390 4279 ὕστερον
1404 4205 1462 4277 θπέρ
1484 4209 1533 4259 τῶν
1551 4203 1603 4258 ἀποῖ

465 4287 528 4356 τρεῖς
541 4285 671 4356 ἰκκλησίας
691 4285 835 4355 ἐποιοῦντο,
852 4287 1027 4360 βουλευόμενοι
1045 4287 1157 4360 περὶτῶν
1173 4287 1246 4362 ἰντῇ
1290 4288 1374 4360 πρώτη
1392 4283 1522 4356 ἰκκλησίρ·
1540 4283 1582 4336 καί
1600 4303 1603 4355 γ

465 4363 535 4418 πόλει
548 4367 716 4436 πραγμάτων,
729 4365 794 4432 πλὴν
807 4365 830 4420 εί
846 4363 879 4439 μή
900 4365 948 4436 ἀρα
966 4363 1061 4437 ἀνάγκη
1079 4383 1116 4429 τις
1127 4367 1247 4421 κατίλαόε
1290 4365 1519 4438 ἀπεδοκιμάσθησαν
1531 4364 1603 4434 νόμοι

466 4441 588 4514 πολίμου,
603 4445 666 4497 ώστε
678 4445 720 4498 καί
730 4445 785 4516 περί
798 4443 891 4499 ἰκείνου
904 4443 985 4512 ἀλλην
998 4443 1130 4514 ίκκλησίαν
1146 4450 1247 4514 ποιῆσαι
1290 4445 1515 4518 ἀπολογουμίνονς.
1553 4443 1602 4498 Ιίίν

466 4519 759 4593 πλόοντώνώρισμίνων.
798 4523 845 4576 ἰίαί
856 4520 1069 4594 ἰγίνεεοήπρώτη
1080 4521 1194 4597 ἑνδεκάτη
1203 4527 1247 4577 τοθ
1291 4523 1470 4597 ἰχειροτόνουν.
1508 4522 1603 4576 Εἰσοισι

468 4598 557 4670 μηνός,
569 4597 586 4664 ί]
597 4598 624 4652 δί
637 4600 738 4672 δευτίρα
747 4601 803 4672 περὶ
813 4599 858 4668 τὴν
873 4599 971 4666 εἰκάδα,
985 4599 1002 4666 ἡ
1014 4597 1040 4654 δί
1055 4599 1123 4672 τρίτη
1134 4602 1189 4674 περί
1201 4600 1246 4668 τήν
1290 4605 1317 4660 δί
1329 4611 1367 4677 τῷ
1383 4603 1472 4676 μεταξίι
1483 4603 1552 4676 λίγει
1561 4606 1603 4669 τῆς

467 4677 621 4747 τριακοστήν.
659 4679 824 4750 Πρυτάνειςδί
843 4680 899 4742 τοῖς
911 4677 1078 4746 πεντήκοντα,
1093 4681 1133 4742 οθς
1146 4679 1246 4753 είπομεν
1290 4685 1416 4741 mcv.

467 4755 505 4809 ἀεί
515 4755 728 4830 προδαλλομίνους
740 4757 798 4830 θπίρ
807 4763 851 4826 τῆς
866 4758 927 4820 ἰδίας
935 4757 1014 4830 φυλῆς
1030 4759 1073 4812 καί
1085 4761 1247 4832 πρυτανεύον-
1326 4769 1389 4836 708,
1407 4765 1448 4820 τό.
1465 4761 1602 4835 Ἀρειμίνης

466 4855 508 4898 τας
519 4835 548 4890 τδ
560 4835 718 4909 με’ροςαίιτών
731 4843 775 4892 εοθ
788 4837 910 4893 ἐνιαυτοῦ.
924 4839 1051 4894 ΑἰίΤίΝ.
1291 4861 1330 4905 τες
1341 4842 1366 4896 ἰν
1380 4845 1412 4916 τῇ
1427 4841 1501 4914 ίορτῇ
1512 4839 1603 4913 ἀρειμάι

502 4917 560 4982 706,
576 4919 602 4970 8.
614 4915 777 4988 Πρυτανείας]
793 4915 946 4988 Πρυτανείιι,
957 4918 1061 4988 χρόνος·
1077 4915 1173 4988 ψῆρον,
1189 4917 1246 4988 βου-
1293 4919 1423 4988 ἰκκλησίαν
1433 4925 1476 4988 τῆς
1486 4919 1603 4991 βουλῆς..

467 4993 522 5062 λήν.
536 4995 591 5049 ΒΥ.
1327 5002 1389 5069 708,
1405 5016 1447 5068 ι7.
1467 4999 1502 5052 Τό
1521 5001 1603 5066 νικήοο

503 5077 561 5144 706,
578 5093 619 5132 10.
634 5075 694 5147 ἰίερί
708 5081 756 5130 τῶν
775 5077 952 5152 βουλευτικῶν]
973 5075 1033 5149 Περὶ
1044 5081 1087 5145 τῆς
1099 5077 1189 5148 βουλῆς
1197 5083 1246 5132 τῶν
1291 5079 1418 5134 An'mv.
1455 5141 1458 5148 Α
