<?xml version="1.0" encoding="UTF-8"?>
<!DOCTYPE html PUBLIC "-//W3C//DTD XHTML 1.0 Transitional//EN"
    "http://www.w3.org/TR/xhtml1/DTD/xhtml1-transitional.dtd">
<html xmlns="http://www.w3.org/1999/xhtml" xml:lang="en" lang="en">
 <head>
  <title>
</title>
<meta http-equiv="Content-Type" content="text/html;charset=utf-8" />
  <meta name='ocr-system' content='tesseract 3.04.00' />
  <meta name='ocr-capabilities' content='ocr_page ocr_carea ocr_par ocr_line ocrx_word'/>
</head>
<body>
  <div class='ocr_page' id='page_1' title='image "./oratoresatticia00unkngoog/oratoresatticia00unkngoog_0553.png"; bbox 0 0 4032 6094; ppageno 0'>
   <div class='ocr_carea' id='block_1_1' title="bbox 753 418 1724 478">
    <p class='ocr_par' dir='ltr' id='par_1_1' title="bbox 753 418 1724 478">
     <span class='ocr_line' id='line_1_1' title="bbox 753 418 1724 478; baseline -0.002 0"><span class='ocrx_word' id='word_1_1' title='bbox 753 419 788 478; x_wconf 93' lang='grc' dir='ltr'>ΙΙ.</span> <span class='ocrx_word' id='word_1_2' title='bbox 810 418 1060 478; x_wconf 81' lang='grc' dir='ltr'><strong>ΟΔΥΝΘΙΑΚΟΣ</strong></span> <span class='ocrx_word' id='word_1_3' title='bbox 1081 418 1112 477; x_wconf 85' lang='grc' dir='ltr'>Γ.</span> <span class='ocrx_word' id='word_1_4' title='bbox 1669 426 1724 476; x_wconf 69' lang='grc'>541</span> 
     </span>
    </p>
   </div>
   <div class='ocr_carea' id='block_1_2' title="bbox 138 540 1759 5300">
    <p class='ocr_par' dir='ltr' id='par_1_2' title="bbox 138 540 1759 5300">
     <span class='ocr_line' id='line_1_2' title="bbox 141 540 1728 620; baseline -0.003 -17"><span class='ocrx_word' id='word_1_5' title='bbox 141 548 203 603; x_wconf 85' lang='grc' dir='ltr'>ίδιον</span> <span class='ocrx_word' id='word_1_6' title='bbox 223 547 358 620; x_wconf 87' lang='grc' dir='ltr'>στρατηγδν</span> <span class='ocrx_word' id='word_1_7' title='bbox 373 545 413 600; x_wconf 81' lang='grc' dir='ltr'>καλ</span> <span class='ocrx_word' id='word_1_8' title='bbox 434 545 603 617; x_wconf 72' lang='grc' dir='ltr'>ίδιονρήτορα.</span> <span class='ocrx_word' id='word_1_9' title='bbox 642 546 851 618; x_wconf 85' lang='grc' dir='ltr'>Ὅμωςδέιτάλιν</span> <span class='ocrx_word' id='word_1_10' title='bbox 865 555 913 602; x_wconf 84' lang='grc' dir='ltr'>τῶν</span> <span class='ocrx_word' id='word_1_11' title='bbox 958 549 1040 618; x_wconf 78' lang='grc' dir='ltr'>ἕτερον</span> <span class='ocrx_word' id='word_1_12' title='bbox 1054 547 1109 617; x_wconf 86' lang='grc' dir='ltr'>ἀγει</span> <span class='ocrx_word' id='word_1_13' title='bbox 1120 545 1162 600; x_wconf 81' lang='grc' dir='ltr'>τδν</span> <span class='ocrx_word' id='word_1_14' title='bbox 1173 544 1306 616; x_wconf 86' lang='grc' dir='ltr'>ἀκροατήν·</span> <span class='ocrx_word' id='word_1_15' title='bbox 1324 541 1420 616; x_wconf 80' lang='grc' dir='ltr'>ἐνῷδέ</span> <span class='ocrx_word' id='word_1_16' title='bbox 1434 540 1550 596; x_wconf 89' lang='grc' dir='ltr'>ἀλλάττει</span> <span class='ocrx_word' id='word_1_17' title='bbox 1564 542 1608 610; x_wconf 79' lang='grc' dir='ltr'>τήν</span> <span class='ocrx_word' id='word_1_18' title='bbox 1626 547 1728 616; x_wconf 91' lang='grc' dir='ltr'>γνώμην</span> 
     </span>
     <span class='ocr_line' id='line_1_3' title="bbox 140 621 1730 698; baseline -0.003 -18"><span class='ocrx_word' id='word_1_19' title='bbox 140 629 257 698; x_wconf 77' lang='grc' dir='ltr'>δευτέρων</span> <span class='ocrx_word' id='word_1_20' title='bbox 280 627 356 680; x_wconf 81' lang='grc' dir='ltr'>καλοί</span> <span class='ocrx_word' id='word_1_21' title='bbox 376 625 474 696; x_wconf 73' lang='grc' dir='ltr'>ῥήτορες</span> <span class='ocrx_word' id='word_1_22' title='bbox 494 625 535 678; x_wconf 85' lang='grc' dir='ltr'>καί</span> <span class='ocrx_word' id='word_1_23' title='bbox 558 626 582 678; x_wconf 92' lang='grc' dir='ltr'>οί</span> <span class='ocrx_word' id='word_1_24' title='bbox 597 627 729 697; x_wconf 79' lang='grc' dir='ltr'>στρατηγοί</span> <span class='ocrx_word' id='word_1_25' title='bbox 748 628 848 682; x_wconf 82' lang='grc' dir='ltr'>ὓπείιιον</span> <span class='ocrx_word' id='word_1_26' title='bbox 862 629 915 690; x_wconf 77' lang='grc' dir='ltr'>ταῖς</span> <span class='ocrx_word' id='word_1_27' title='bbox 958 632 1006 680; x_wconf 84' lang='grc' dir='ltr'>τῶν</span> <span class='ocrx_word' id='word_1_28' title='bbox 1024 624 1168 691; x_wconf 72' lang='grc' dir='ltr'>Ἀθηναίων,</span> <span class='ocrx_word' id='word_1_29' title='bbox 1181 623 1210 676; x_wconf 87' lang='grc' dir='ltr'>τδ</span> <span class='ocrx_word' id='word_1_30' title='bbox 1218 627 1261 676; x_wconf 88' lang='grc' dir='ltr'>τοῦ</span> <span class='ocrx_word' id='word_1_31' title='bbox 1273 624 1415 694; x_wconf 84' lang='grc' dir='ltr'>ίίεριιιλίους</span> <span class='ocrx_word' id='word_1_32' title='bbox 1431 621 1525 693; x_wconf 80' lang='grc' dir='ltr'>ἀξίωμα</span> <span class='ocrx_word' id='word_1_33' title='bbox 1537 623 1577 675; x_wconf 72' lang='grc' dir='ltr'>διὰ</span> <span class='ocrx_word' id='word_1_34' title='bbox 1590 630 1639 676; x_wconf 79' lang='grc' dir='ltr'>τῶν</span> <span class='ocrx_word' id='word_1_35' title='bbox 1651 623 1730 696; x_wconf 82' lang='grc' dir='ltr'>ἔργων</span> 
     </span>
     <span class='ocr_line' id='line_1_4' title="bbox 139 699 1731 777; baseline -0.004 -17"><span class='ocrx_word' id='word_1_36' title='bbox 139 707 272 777; x_wconf 74' lang='grc' dir='ltr'>προτέραις.</span> <span class='ocrx_word' id='word_1_37' title='bbox 309 705 370 758; x_wconf 86' lang='grc' dir='ltr'>Τότε</span> <span class='ocrx_word' id='word_1_38' title='bbox 400 701 459 768; x_wconf 82' lang='grc' dir='ltr'>οῦν,</span> <span class='ocrx_word' id='word_1_39' title='bbox 483 704 570 774; x_wconf 83' lang='grc' dir='ltr'>φησίν,</span> <span class='ocrx_word' id='word_1_40' title='bbox 599 703 709 774; x_wconf 74' lang='grc' dir='ltr'>ἐμέριζεν</span> <span class='ocrx_word' id='word_1_41' title='bbox 733 704 846 769; x_wconf 80' lang='grc' dir='ltr'>ἐαυτυῦς,</span> <span class='ocrx_word' id='word_1_42' title='bbox 874 705 914 758; x_wconf 80' lang='grc' dir='ltr'>διδ</span> <span class='ocrx_word' id='word_1_43' title='bbox 958 705 1087 758; x_wconf 90' lang='grc' dir='ltr'>δείκνυσιν.</span> <span class='ocrx_word' id='word_1_44' title='bbox 1104 704 1229 757; x_wconf 74' lang='lat' dir='ltr'><strong>Affl&#39;cv.</strong></span> <span class='ocrx_word' id='word_1_45' title='bbox 1248 701 1293 754; x_wconf 73' lang='grc' dir='ltr'>Καί</span> <span class='ocrx_word' id='word_1_46' title='bbox 1306 701 1355 773; x_wconf 90' lang='grc' dir='ltr'>γάρ</span> <span class='ocrx_word' id='word_1_47' title='bbox 1371 700 1461 762; x_wconf 81' lang='grc' dir='ltr'>ἐκτίνος</span> <span class='ocrx_word' id='word_1_48' title='bbox 1477 699 1616 772; x_wconf 78' lang='grc' dir='ltr'>άθίμοῦντα</span> <span class='ocrx_word' id='word_1_49' title='bbox 1631 701 1674 771; x_wconf 71' lang='grc' dir='ltr'>μὲν</span> <span class='ocrx_word' id='word_1_50' title='bbox 1688 704 1731 755; x_wconf 89' lang='grc' dir='ltr'>τδν</span> 
     </span>
     <span class='ocr_line' id='line_1_5' title="bbox 139 777 1730 854; baseline -0.003 -16"><span class='ocrx_word' id='word_1_51' title='bbox 139 786 241 838; x_wconf 89' lang='grc' dir='ltr'>πλείονα</span> <span class='ocrx_word' id='word_1_52' title='bbox 258 781 365 849; x_wconf 82' lang='grc' dir='ltr'>σπουδὴν</span> <span class='ocrx_word' id='word_1_53' title='bbox 383 787 427 836; x_wconf 90' lang='grc' dir='ltr'>τοῦ</span> <span class='ocrx_word' id='word_1_54' title='bbox 441 783 554 852; x_wconf 83' lang='grc' dir='ltr'>εῦκαίρως</span> <span class='ocrx_word' id='word_1_55' title='bbox 573 781 719 852; x_wconf 84' lang='grc' dir='ltr'>είσφίρεσθαι</span> <span class='ocrx_word' id='word_1_56' title='bbox 736 783 767 838; x_wconf 85' lang='grc' dir='ltr'>τίι</span> <span class='ocrx_word' id='word_1_57' title='bbox 780 783 910 854; x_wconf 87' lang='grc' dir='ltr'>χρήματα·</span> <span class='ocrx_word' id='word_1_58' title='bbox 958 784 1038 854; x_wconf 81' lang='grc' dir='ltr'>δῆμον</span> <span class='ocrx_word' id='word_1_59' title='bbox 1051 781 1133 843; x_wconf 86' lang='grc' dir='ltr'>ίιιανδς</span> <span class='ocrx_word' id='word_1_60' title='bbox 1141 777 1172 848; x_wconf 83' lang='grc' dir='ltr'>ήν</span> <span class='ocrx_word' id='word_1_61' title='bbox 1184 779 1319 851; x_wconf 73' lang='grc' dir='ltr'>ἀναγαγεῖν</span> <span class='ocrx_word' id='word_1_62' title='bbox 1331 780 1372 832; x_wconf 80' lang='grc' dir='ltr'>καί</span> <span class='ocrx_word' id='word_1_63' title='bbox 1382 780 1470 850; x_wconf 80' lang='grc' dir='ltr'>μεστόν</span> <span class='ocrx_word' id='word_1_64' title='bbox 1482 779 1586 833; x_wconf 88' lang='grc' dir='ltr'>ἐλπίδων</span> <span class='ocrx_word' id='word_1_65' title='bbox 1599 780 1730 850; x_wconf 81' lang='grc' dir='ltr'>ἀποφῆναι,</span> 
     </span>
     <span class='ocr_line' id='line_1_6' title="bbox 140 853 1733 934; baseline -0.004 -18"><span class='ocrx_word' id='word_1_66' title='bbox 140 869 183 916; x_wconf 86' lang='grc' dir='ltr'>νῦν</span> <span class='ocrx_word' id='word_1_67' title='bbox 194 864 220 918; x_wconf 86' lang='grc' dir='ltr'>δέ</span> <span class='ocrx_word' id='word_1_68' title='bbox 233 864 286 934; x_wconf 85' lang='grc' dir='ltr'>[δι’]</span> <span class='ocrx_word' id='word_1_69' title='bbox 302 861 371 916; x_wconf 79' lang='grc' dir='ltr'>οῦδὲν</span> <span class='ocrx_word' id='word_1_70' title='bbox 383 861 449 914; x_wconf 84' lang='grc' dir='ltr'>ἀλλο</span> <span class='ocrx_word' id='word_1_71' title='bbox 464 861 588 931; x_wconf 79' lang='grc' dir='ltr'>μερίζεσθε</span> <span class='ocrx_word' id='word_1_72' title='bbox 600 859 633 922; x_wconf 88' lang='grc' dir='ltr'>είς</span> <span class='ocrx_word' id='word_1_73' title='bbox 650 863 784 933; x_wconf 78' lang='grc' dir='ltr'>συμμορίας</span> <span class='ocrx_word' id='word_1_74' title='bbox 800 863 816 928; x_wconf 81' lang='grc' dir='ltr'>ή</span> <span class='ocrx_word' id='word_1_75' title='bbox 830 861 870 914; x_wconf 85' lang='grc' dir='ltr'>διά</span> <span class='ocrx_word' id='word_1_76' title='bbox 885 859 914 914; x_wconf 86' lang='grc' dir='ltr'>εδ</span> <span class='ocrx_word' id='word_1_77' title='bbox 959 861 1092 932; x_wconf 87' lang='grc' dir='ltr'>θαρροῦντα</span> <span class='ocrx_word' id='word_1_78' title='bbox 1109 859 1135 912; x_wconf 84' lang='grc' dir='ltr'>δέ</span> <span class='ocrx_word' id='word_1_79' title='bbox 1146 853 1214 919; x_wconf 86' lang='grc' dir='ltr'>αδθις</span> <span class='ocrx_word' id='word_1_80' title='bbox 1227 857 1260 920; x_wconf 88' lang='grc' dir='ltr'>είς</span> <span class='ocrx_word' id='word_1_81' title='bbox 1272 857 1347 928; x_wconf 82' lang='grc' dir='ltr'>φόδον</span> <span class='ocrx_word' id='word_1_82' title='bbox 1359 860 1527 929; x_wconf 76' lang='grc' dir='ltr'>περιαγαγεῖν,</span> <span class='ocrx_word' id='word_1_83' title='bbox 1540 859 1640 911; x_wconf 73' lang='lat' dir='ltr'>B&#39;I&#39;CV.</span> <span class='ocrx_word' id='word_1_84' title='bbox 1658 859 1733 930; x_wconf 77' lang='grc' dir='ltr'>Κεφά-</span> 
     </span>
     <span class='ocr_line' id='line_1_7' title="bbox 138 935 1731 1012; baseline -0.006 -14"><span class='ocrx_word' id='word_1_85' title='bbox 138 943 351 1006; x_wconf 83' lang='grc' dir='ltr'>πολιτεῦεσθαι,δ</span> <span class='ocrx_word' id='word_1_86' title='bbox 375 941 426 994; x_wconf 90' lang='grc' dir='ltr'>ἐστι</span> <span class='ocrx_word' id='word_1_87' title='bbox 446 939 487 992; x_wconf 84' lang='grc' dir='ltr'>διά</span> <span class='ocrx_word' id='word_1_88' title='bbox 500 939 529 994; x_wconf 87' lang='grc' dir='ltr'>τδ</span> <span class='ocrx_word' id='word_1_89' title='bbox 543 941 688 1002; x_wconf 70' lang='grc' dir='ltr'>στασιάζειν.</span> <span class='ocrx_word' id='word_1_90' title='bbox 726 941 852 1012; x_wconf 81' lang='grc' dir='ltr'>λίίμρεται</span> <span class='ocrx_word' id='word_1_91' title='bbox 871 935 914 994; x_wconf 84' lang='grc' dir='ltr'>οῦν</span> <span class='ocrx_word' id='word_1_92' title='bbox 958 937 1017 992; x_wconf 87' lang='grc' dir='ltr'>λαια</span> <span class='ocrx_word' id='word_1_93' title='bbox 1029 939 1170 1008; x_wconf 88' lang='grc' dir='ltr'>τοῦλόγου·</span> <span class='ocrx_word' id='word_1_94' title='bbox 1183 938 1357 1007; x_wconf 83' lang='grc' dir='ltr'>τδσυμρίρον,</span> <span class='ocrx_word' id='word_1_95' title='bbox 1370 935 1564 989; x_wconf 84' lang='grc' dir='ltr'>τδδυνατδνκαλ</span> <span class='ocrx_word' id='word_1_96' title='bbox 1580 936 1667 1007; x_wconf 84' lang='grc' dir='ltr'>ἀλίγον</span> <span class='ocrx_word' id='word_1_97' title='bbox 1683 936 1731 989; x_wconf 84' lang='grc' dir='ltr'>άπδ</span> 
     </span>
     <span class='ocr_line' id='line_1_8' title="bbox 139 1014 1721 1090; baseline -0.005 -16"><span class='ocrx_word' id='word_1_98' title='bbox 139 1022 227 1084; x_wconf 84' lang='grc' dir='ltr'>αῦτοίις</span> <span class='ocrx_word' id='word_1_99' title='bbox 239 1022 277 1074; x_wconf 85' lang='grc' dir='ltr'>δτι</span> <span class='ocrx_word' id='word_1_100' title='bbox 297 1021 399 1090; x_wconf 89' lang='grc' dir='ltr'>πρώην,</span> <span class='ocrx_word' id='word_1_101' title='bbox 411 1017 484 1084; x_wconf 80' lang='grc' dir='ltr'>ήνίκα</span> <span class='ocrx_word' id='word_1_102' title='bbox 497 1017 538 1070; x_wconf 80' lang='grc' dir='ltr'>διά</span> <span class='ocrx_word' id='word_1_103' title='bbox 554 1017 584 1070; x_wconf 89' lang='grc' dir='ltr'>τδ</span> <span class='ocrx_word' id='word_1_104' title='bbox 600 1016 714 1089; x_wconf 84' lang='grc' dir='ltr'>είσφίρειν</span> <span class='ocrx_word' id='word_1_105' title='bbox 731 1020 858 1074; x_wconf 89' lang='grc' dir='ltr'>ἐποιοῦντο</span> <span class='ocrx_word' id='word_1_106' title='bbox 873 1017 915 1080; x_wconf 83' lang='grc' dir='ltr'>τάς</span> <span class='ocrx_word' id='word_1_107' title='bbox 958 1021 1002 1072; x_wconf 92' lang='grc' dir='ltr'>τοῦ</span> <span class='ocrx_word' id='word_1_108' title='bbox 1013 1018 1119 1082; x_wconf 77' lang='grc' dir='ltr'>δικαίου,</span> <span class='ocrx_word' id='word_1_109' title='bbox 1131 1017 1336 1088; x_wconf 84' lang='grc' dir='ltr'>αυμῦονλειίοντος</span> <span class='ocrx_word' id='word_1_110' title='bbox 1346 1014 1420 1068; x_wconf 87' lang='grc' dir='ltr'>αῦτοῦ</span> <span class='ocrx_word' id='word_1_111' title='bbox 1431 1017 1469 1068; x_wconf 86' lang='grc' dir='ltr'>δτι</span> <span class='ocrx_word' id='word_1_112' title='bbox 1478 1017 1519 1068; x_wconf 82' lang='grc' dir='ltr'>δεῖ</span> <span class='ocrx_word' id='word_1_113' title='bbox 1526 1015 1587 1076; x_wconf 65' lang='lat' dir='ltr'>ame</span> <span class='ocrx_word' id='word_1_114' title='bbox 1598 1017 1721 1084; x_wconf 85' lang='grc' dir='ltr'>βοηθήσειν</span> 
     </span>
     <span class='ocr_line' id='line_1_9' title="bbox 140 1091 1728 1171; baseline -0.005 -18"><span class='ocrx_word' id='word_1_115' title='bbox 140 1100 278 1171; x_wconf 79' lang='grc' dir='ltr'>συμμορίας</span> <span class='ocrx_word' id='word_1_116' title='bbox 287 1099 329 1152; x_wconf 83' lang='grc' dir='ltr'>καὶ</span> <span class='ocrx_word' id='word_1_117' title='bbox 342 1097 425 1168; x_wconf 85' lang='grc' dir='ltr'>καιρδς</span> <span class='ocrx_word' id='word_1_118' title='bbox 439 1091 470 1163; x_wconf 83' lang='grc' dir='ltr'>ήν</span> <span class='ocrx_word' id='word_1_119' title='bbox 481 1101 530 1150; x_wconf 79' lang='grc' dir='ltr'>τῶν</span> <span class='ocrx_word' id='word_1_120' title='bbox 547 1099 712 1168; x_wconf 77' lang='grc' dir='ltr'>πραγμάτων,</span> <span class='ocrx_word' id='word_1_121' title='bbox 724 1096 847 1168; x_wconf 79' lang='grc' dir='ltr'>ίςγεμόνας</span> <span class='ocrx_word' id='word_1_122' title='bbox 858 1098 914 1170; x_wconf 77' lang='grc' dir='ltr'>ήδε·</span> <span class='ocrx_word' id='word_1_123' title='bbox 959 1115 1001 1160; x_wconf 88' lang='grc' dir='ltr'>τας</span> <span class='ocrx_word' id='word_1_124' title='bbox 1011 1099 1064 1158; x_wconf 77' lang='grc' dir='ltr'>τοῖς</span> <span class='ocrx_word' id='word_1_125' title='bbox 1079 1094 1214 1158; x_wconf 73' lang='grc' dir='ltr'>Ὀλυνθίοις</span> <span class='ocrx_word' id='word_1_126' title='bbox 1229 1096 1339 1166; x_wconf 87' lang='grc' dir='ltr'>ἐμμίνειν</span> <span class='ocrx_word' id='word_1_127' title='bbox 1355 1095 1434 1166; x_wconf 80' lang='grc' dir='ltr'>τούτῳ</span> <span class='ocrx_word' id='word_1_128' title='bbox 1447 1094 1488 1146; x_wconf 84' lang='grc' dir='ltr'>καὶ</span> <span class='ocrx_word' id='word_1_129' title='bbox 1502 1091 1535 1164; x_wconf 87' lang='grc' dir='ltr'>μή</span> <span class='ocrx_word' id='word_1_130' title='bbox 1549 1095 1691 1164; x_wconf 74' lang='grc' dir='ltr'>καθυφεῖναι</span> <span class='ocrx_word' id='word_1_131' title='bbox 1702 1093 1728 1146; x_wconf 78' lang='grc' dir='ltr'>τί</span> 
     </span>
     <span class='ocr_line' id='line_1_10' title="bbox 140 1171 1731 1247; baseline -0.004 -17"><span class='ocrx_word' id='word_1_132' title='bbox 140 1199 187 1231; x_wconf 90' lang='grc' dir='ltr'>σαν</span> <span class='ocrx_word' id='word_1_133' title='bbox 205 1178 262 1240; x_wconf 73' lang='grc' dir='ltr'>τοῦς</span> <span class='ocrx_word' id='word_1_134' title='bbox 279 1177 483 1246; x_wconf 68' lang='grc' dir='ltr'>πλουσιωτέρους·</span> <span class='ocrx_word' id='word_1_135' title='bbox 507 1176 628 1246; x_wconf 87' lang='grc' dir='ltr'>δευτίρους</span> <span class='ocrx_word' id='word_1_136' title='bbox 643 1175 669 1228; x_wconf 84' lang='grc' dir='ltr'>δέ</span> <span class='ocrx_word' id='word_1_137' title='bbox 693 1175 748 1236; x_wconf 74' lang='grc' dir='ltr'>τοῦς</span> <span class='ocrx_word' id='word_1_138' title='bbox 766 1175 916 1247; x_wconf 76' lang='grc' dir='ltr'>στρατηγοίς</span> <span class='ocrx_word' id='word_1_139' title='bbox 959 1176 1102 1246; x_wconf 72' lang='grc' dir='ltr'>δεδογμένα.</span> <span class='ocrx_word' id='word_1_140' title='bbox 1116 1175 1166 1228; x_wconf 81' lang='lat' dir='ltr'>RS.</span> <span class='ocrx_word' id='word_1_141' title='bbox 1180 1171 1328 1244; x_wconf 83' lang='grc' dir='ltr'>Τριμερήςδ</span> <span class='ocrx_word' id='word_1_142' title='bbox 1348 1171 1431 1244; x_wconf 87' lang='grc' dir='ltr'>λόγος.</span> <span class='ocrx_word' id='word_1_143' title='bbox 1467 1173 1503 1225; x_wconf 80' lang='grc' dir='ltr'>Τδ</span> <span class='ocrx_word' id='word_1_144' title='bbox 1515 1173 1558 1243; x_wconf 90' lang='grc' dir='ltr'>μέν</span> <span class='ocrx_word' id='word_1_145' title='bbox 1570 1171 1618 1243; x_wconf 81' lang='grc' dir='ltr'>γάρ</span> <span class='ocrx_word' id='word_1_146' title='bbox 1635 1179 1731 1244; x_wconf 87' lang='grc' dir='ltr'>πρῦιτον</span> 
     </span>
     <span class='ocr_line' id='line_1_11' title="bbox 140 1244 1733 1327; baseline -0.005 -17"><span class='ocrx_word' id='word_1_147' title='bbox 140 1257 198 1320; x_wconf 80' lang='grc' dir='ltr'>τοῦς</span> <span class='ocrx_word' id='word_1_148' title='bbox 216 1255 406 1327; x_wconf 78' lang='grc' dir='ltr'>κατορθοῦντας·</span> <span class='ocrx_word' id='word_1_149' title='bbox 422 1253 515 1326; x_wconf 80' lang='grc' dir='ltr'>τρίτους</span> <span class='ocrx_word' id='word_1_150' title='bbox 530 1253 556 1306; x_wconf 88' lang='grc' dir='ltr'>δέ</span> <span class='ocrx_word' id='word_1_151' title='bbox 570 1253 624 1316; x_wconf 78' lang='grc' dir='ltr'>τοῦς</span> <span class='ocrx_word' id='word_1_152' title='bbox 641 1253 756 1324; x_wconf 79' lang='grc' dir='ltr'>ῥήτορας,</span> <span class='ocrx_word' id='word_1_153' title='bbox 771 1255 825 1315; x_wconf 80' lang='grc' dir='ltr'>τοὺς</span> <span class='ocrx_word' id='word_1_154' title='bbox 839 1256 915 1324; x_wconf 88' lang='grc' dir='ltr'>μόνον</span> <span class='ocrx_word' id='word_1_155' title='bbox 959 1250 1136 1304; x_wconf 79' lang='grc' dir='ltr'>καέτδδυκοῦν</span> <span class='ocrx_word' id='word_1_156' title='bbox 1153 1249 1260 1321; x_wconf 87' lang='grc' dir='ltr'>μάλιστα</span> <span class='ocrx_word' id='word_1_157' title='bbox 1270 1250 1378 1318; x_wconf 87' lang='grc' dir='ltr'>συνίχειν</span> <span class='ocrx_word' id='word_1_158' title='bbox 1393 1249 1434 1301; x_wconf 82' lang='grc' dir='ltr'>καί</span> <span class='ocrx_word' id='word_1_159' title='bbox 1444 1249 1498 1320; x_wconf 83' lang='grc' dir='ltr'>περί</span> <span class='ocrx_word' id='word_1_160' title='bbox 1512 1244 1541 1301; x_wconf 85' lang='grc' dir='ltr'>οῦ</span> <span class='ocrx_word' id='word_1_161' title='bbox 1554 1249 1677 1318; x_wconf 84' lang='grc' dir='ltr'>πρόκειται</span> <span class='ocrx_word' id='word_1_162' title='bbox 1691 1256 1733 1302; x_wconf 88' lang='grc' dir='ltr'>νῦν</span> 
     </span>
     <span class='ocr_line' id='line_1_12' title="bbox 140 1323 1731 1406; baseline -0.007 -17"><span class='ocrx_word' id='word_1_163' title='bbox 140 1337 267 1406; x_wconf 84' lang='grc' dir='ltr'>λέγοντας.</span> <span class='ocrx_word' id='word_1_164' title='bbox 304 1335 357 1387; x_wconf 85' lang='grc' dir='ltr'>Νῦν</span> <span class='ocrx_word' id='word_1_165' title='bbox 377 1333 419 1398; x_wconf 82' lang='grc' dir='ltr'>δέ,</span> <span class='ocrx_word' id='word_1_166' title='bbox 439 1330 520 1397; x_wconf 76' lang='grc' dir='ltr'>ἀτειδή</span> <span class='ocrx_word' id='word_1_167' title='bbox 545 1333 625 1402; x_wconf 86' lang='grc' dir='ltr'>καιρός</span> <span class='ocrx_word' id='word_1_168' title='bbox 648 1332 698 1386; x_wconf 87' lang='grc' dir='ltr'>ἐστι</span> <span class='ocrx_word' id='word_1_169' title='bbox 716 1335 760 1385; x_wconf 91' lang='grc' dir='ltr'>τοῦ</span> <span class='ocrx_word' id='word_1_170' title='bbox 780 1333 916 1394; x_wconf 75' lang='grc' dir='ltr'>στασιάζειν</span> <span class='ocrx_word' id='word_1_171' title='bbox 960 1327 1080 1400; x_wconf 73' lang='grc' dir='ltr'>ήοιίίρις,</span> <span class='ocrx_word' id='word_1_172' title='bbox 1094 1323 1731 1398; x_wconf 81' lang='grc' dir='ltr'>[δ]ιειιλπροηγοῦμενονκίκληται,είγρὴμεταοιῆ-</span> 
     </span>
     <span class='ocr_line' id='line_1_13' title="bbox 141 1409 1734 1484; baseline -0.002 -17"><span class='ocrx_word' id='word_1_173' title='bbox 141 1416 185 1467; x_wconf 85' lang='grc' dir='ltr'>καί</span> <span class='ocrx_word' id='word_1_174' title='bbox 199 1419 242 1467; x_wconf 90' lang='grc' dir='ltr'>τοῦ</span> <span class='ocrx_word' id='word_1_175' title='bbox 256 1415 353 1484; x_wconf 90' lang='grc' dir='ltr'>λίγειν,</span> <span class='ocrx_word' id='word_1_176' title='bbox 365 1411 486 1482; x_wconf 74' lang='grc' dir='ltr'>ἡγεμόνες</span> <span class='ocrx_word' id='word_1_177' title='bbox 502 1409 562 1464; x_wconf 79' lang='grc' dir='ltr'>είσλν</span> <span class='ocrx_word' id='word_1_178' title='bbox 575 1411 622 1480; x_wconf 82' lang='grc' dir='ltr'>οῦχ</span> <span class='ocrx_word' id='word_1_179' title='bbox 636 1411 659 1464; x_wconf 87' lang='grc' dir='ltr'>οί</span> <span class='ocrx_word' id='word_1_180' title='bbox 673 1412 800 1474; x_wconf 82' lang='grc' dir='ltr'>πλοίοισι,</span> <span class='ocrx_word' id='word_1_181' title='bbox 813 1410 870 1462; x_wconf 78' lang='grc' dir='ltr'>ἀλλ’</span> <span class='ocrx_word' id='word_1_182' title='bbox 892 1411 915 1463; x_wconf 92' lang='grc' dir='ltr'>οί</span> <span class='ocrx_word' id='word_1_183' title='bbox 960 1431 1001 1464; x_wconf 91' lang='grc' dir='ltr'>σαι</span> <span class='ocrx_word' id='word_1_184' title='bbox 1022 1411 1067 1478; x_wconf 79' lang='grc' dir='ltr'>τήν</span> <span class='ocrx_word' id='word_1_185' title='bbox 1081 1413 1182 1483; x_wconf 84' lang='grc' dir='ltr'>δῦναμιν</span> <span class='ocrx_word' id='word_1_186' title='bbox 1199 1411 1232 1472; x_wconf 88' lang='grc' dir='ltr'>είς</span> <span class='ocrx_word' id='word_1_187' title='bbox 1249 1409 1419 1476; x_wconf 83' lang='grc' dir='ltr'>Μακεδονίαν,</span> <span class='ocrx_word' id='word_1_188' title='bbox 1434 1410 1450 1476; x_wconf 83' lang='grc' dir='ltr'>ή</span> <span class='ocrx_word' id='word_1_189' title='bbox 1471 1410 1533 1462; x_wconf 80' lang='grc' dir='ltr'>κατά</span> <span class='ocrx_word' id='word_1_190' title='bbox 1556 1413 1640 1481; x_wconf 88' lang='grc' dir='ltr'>χώραν</span> <span class='ocrx_word' id='word_1_191' title='bbox 1666 1411 1734 1466; x_wconf 80' lang='grc' dir='ltr'>ἐᾶσαι</span> 
     </span>
     <span class='ocr_line' id='line_1_14' title="bbox 142 1486 1735 1564; baseline -0.003 -18"><span class='ocrx_word' id='word_1_192' title='bbox 142 1493 256 1564; x_wconf 78' lang='grc' dir='ltr'>ῥήτορες·</span> <span class='ocrx_word' id='word_1_193' title='bbox 270 1491 312 1544; x_wconf 76' lang='grc' dir='ltr'>καὶ</span> <span class='ocrx_word' id='word_1_194' title='bbox 328 1489 476 1560; x_wconf 81' lang='grc' dir='ltr'>βοησόμενοί</span> <span class='ocrx_word' id='word_1_195' title='bbox 487 1487 547 1542; x_wconf 81' lang='grc' dir='ltr'>εἰσιν</span> <span class='ocrx_word' id='word_1_196' title='bbox 560 1487 683 1558; x_wconf 81' lang='grc' dir='ltr'>οίαρῦιτοι</span> <span class='ocrx_word' id='word_1_197' title='bbox 692 1489 842 1558; x_wconf 73' lang='grc' dir='ltr'>τριακόσιοι,</span> <span class='ocrx_word' id='word_1_198' title='bbox 852 1486 917 1542; x_wconf 85' lang='grc' dir='ltr'>ἐπαι-</span> <span class='ocrx_word' id='word_1_199' title='bbox 961 1493 1042 1562; x_wconf 75' lang='grc' dir='ltr'>μίνειν</span> <span class='ocrx_word' id='word_1_200' title='bbox 1055 1494 1107 1552; x_wconf 78' lang='grc' dir='ltr'>τοῖς</span> <span class='ocrx_word' id='word_1_201' title='bbox 1126 1490 1262 1552; x_wconf 78' lang='grc' dir='ltr'>Ὀλυνθίοις</span> <span class='ocrx_word' id='word_1_202' title='bbox 1283 1490 1465 1559; x_wconf 89' lang='grc' dir='ltr'>βοηθήσουσαν·</span> <span class='ocrx_word' id='word_1_203' title='bbox 1486 1489 1516 1542; x_wconf 88' lang='grc' dir='ltr'>τδ</span> <span class='ocrx_word' id='word_1_204' title='bbox 1531 1489 1557 1542; x_wconf 84' lang='grc' dir='ltr'>δέ</span> <span class='ocrx_word' id='word_1_205' title='bbox 1570 1491 1697 1560; x_wconf 86' lang='grc' dir='ltr'>δείντερον,</span> <span class='ocrx_word' id='word_1_206' title='bbox 1714 1491 1735 1544; x_wconf 86' lang='grc' dir='ltr'>εί</span> 
     </span>
     <span class='ocr_line' id='line_1_15' title="bbox 143 1565 1735 1639; baseline 0 -19"><span class='ocrx_word' id='word_1_207' title='bbox 143 1573 242 1629; x_wconf 85' lang='grc' dir='ltr'>νοῦντες</span> <span class='ocrx_word' id='word_1_208' title='bbox 251 1567 282 1620; x_wconf 88' lang='grc' dir='ltr'>τά</span> <span class='ocrx_word' id='word_1_209' title='bbox 295 1567 343 1622; x_wconf 81' lang='grc' dir='ltr'>ῦπδ</span> <span class='ocrx_word' id='word_1_210' title='bbox 351 1573 400 1620; x_wconf 79' lang='grc' dir='ltr'>τῶν</span> <span class='ocrx_word' id='word_1_211' title='bbox 413 1566 481 1620; x_wconf 89' lang='grc' dir='ltr'>ίδίων</span> <span class='ocrx_word' id='word_1_212' title='bbox 492 1565 602 1637; x_wconf 76' lang='grc' dir='ltr'>ῥητόρων</span> <span class='ocrx_word' id='word_1_213' title='bbox 619 1566 756 1639; x_wconf 85' lang='grc' dir='ltr'>λεγόμενα,</span> <span class='ocrx_word' id='word_1_214' title='bbox 766 1567 791 1620; x_wconf 89' lang='grc' dir='ltr'>οί</span> <span class='ocrx_word' id='word_1_215' title='bbox 804 1567 830 1620; x_wconf 86' lang='grc' dir='ltr'>δέ</span> <span class='ocrx_word' id='word_1_216' title='bbox 843 1568 917 1620; x_wconf 90' lang='grc' dir='ltr'>άλλοι</span> <span class='ocrx_word' id='word_1_217' title='bbox 960 1567 1008 1638; x_wconf 78' lang='grc' dir='ltr'>χρὴ</span> <span class='ocrx_word' id='word_1_218' title='bbox 1020 1569 1093 1620; x_wconf 89' lang='grc' dir='ltr'>λῦσαι</span> <span class='ocrx_word' id='word_1_219' title='bbox 1106 1567 1161 1630; x_wconf 75' lang='grc' dir='ltr'>τοῦς</span> <span class='ocrx_word' id='word_1_220' title='bbox 1174 1569 1262 1638; x_wconf 89' lang='grc' dir='ltr'>νόμους</span> <span class='ocrx_word' id='word_1_221' title='bbox 1272 1567 1328 1628; x_wconf 79' lang='grc' dir='ltr'>τοδς</span> <span class='ocrx_word' id='word_1_222' title='bbox 1337 1566 1477 1636; x_wconf 80' lang='grc' dir='ltr'>θεωρικοός·</span> <span class='ocrx_word' id='word_1_223' title='bbox 1494 1566 1523 1618; x_wconf 87' lang='grc' dir='ltr'>τδ</span> <span class='ocrx_word' id='word_1_224' title='bbox 1539 1567 1565 1620; x_wconf 90' lang='grc' dir='ltr'>δέ</span> <span class='ocrx_word' id='word_1_225' title='bbox 1578 1570 1673 1637; x_wconf 90' lang='grc' dir='ltr'>τρίτον,</span> <span class='ocrx_word' id='word_1_226' title='bbox 1685 1568 1735 1622; x_wconf 88' lang='grc' dir='ltr'>ἐπι-</span> 
     </span>
     <span class='ocr_line' id='line_1_16' title="bbox 141 1641 1735 1718; baseline -0.003 -16"><span class='ocrx_word' id='word_1_227' title='bbox 141 1649 364 1718; x_wconf 72' lang='grc' dir='ltr'>τροσνενεμημένοι</span> <span class='ocrx_word' id='word_1_228' title='bbox 373 1645 501 1716; x_wconf 80' lang='grc' dir='ltr'>ίκατίροις.</span> <span class='ocrx_word' id='word_1_229' title='bbox 517 1646 599 1698; x_wconf 86' lang='lat' dir='ltr'><strong>TCV.</strong></span> <span class='ocrx_word' id='word_1_230' title='bbox 960 1644 1062 1714; x_wconf 76' lang='grc' dir='ltr'>λογικὸν</span> <span class='ocrx_word' id='word_1_231' title='bbox 1075 1645 1120 1710; x_wconf 89' lang='grc' dir='ltr'>δν,</span> <span class='ocrx_word' id='word_1_232' title='bbox 1133 1641 1287 1714; x_wconf 82' lang='grc' dir='ltr'>καταδρομήν</span> <span class='ocrx_word' id='word_1_233' title='bbox 1302 1641 1355 1712; x_wconf 81' lang='grc' dir='ltr'>ἔχει</span> <span class='ocrx_word' id='word_1_234' title='bbox 1365 1646 1409 1708; x_wconf 76' lang='grc' dir='ltr'>τῆς</span> <span class='ocrx_word' id='word_1_235' title='bbox 1417 1642 1538 1704; x_wconf 83' lang='grc' dir='ltr'>πολιτείας</span> <span class='ocrx_word' id='word_1_236' title='bbox 1547 1649 1596 1696; x_wconf 84' lang='grc' dir='ltr'>τῶν</span> <span class='ocrx_word' id='word_1_237' title='bbox 1604 1648 1646 1696; x_wconf 89' lang='grc' dir='ltr'>νῦν</span> <span class='ocrx_word' id='word_1_238' title='bbox 1655 1645 1735 1716; x_wconf 86' lang='grc' dir='ltr'>δημα-</span> 
     </span>
     <span class='ocr_line' id='line_1_17' title="bbox 179 1720 1736 1795; baseline -0.001 -17"><span class='ocrx_word' id='word_1_239' title='bbox 179 1731 224 1788; x_wconf 75' lang='grc' dir='ltr'>είί,</span> <span class='ocrx_word' id='word_1_240' title='bbox 237 1729 281 1788; x_wconf 71' lang='grc' dir='ltr'>τίς.</span> <span class='ocrx_word' id='word_1_241' title='bbox 297 1723 394 1794; x_wconf 78' lang='grc' dir='ltr'>Ῥήτωρ</span> <span class='ocrx_word' id='word_1_242' title='bbox 413 1723 530 1794; x_wconf 76' lang='grc' dir='ltr'>ήγεμιίιν]</span> <span class='ocrx_word' id='word_1_243' title='bbox 546 1723 592 1774; x_wconf 77' lang='grc' dir='ltr'>ἀεί</span> <span class='ocrx_word' id='word_1_244' title='bbox 607 1720 642 1792; x_wconf 79' lang='grc' dir='ltr'>μὴ</span> <span class='ocrx_word' id='word_1_245' title='bbox 659 1724 775 1794; x_wconf 73' lang='grc' dir='ltr'>χωρίζειν</span> <span class='ocrx_word' id='word_1_246' title='bbox 790 1725 819 1778; x_wconf 83' lang='grc' dir='ltr'>τίν</span> <span class='ocrx_word' id='word_1_247' title='bbox 837 1724 917 1795; x_wconf 80' lang='grc' dir='ltr'>ῥήτωρ</span> <span class='ocrx_word' id='word_1_248' title='bbox 962 1723 1120 1794; x_wconf 85' lang='grc' dir='ltr'>γωγοῦντων.</span> <span class='ocrx_word' id='word_1_249' title='bbox 1157 1723 1255 1775; x_wconf 85' lang='grc' dir='ltr'>Τοίτων</span> <span class='ocrx_word' id='word_1_250' title='bbox 1269 1721 1295 1774; x_wconf 85' lang='grc' dir='ltr'>δέ</span> <span class='ocrx_word' id='word_1_251' title='bbox 1312 1726 1361 1774; x_wconf 79' lang='grc' dir='ltr'>τῶν</span> <span class='ocrx_word' id='word_1_252' title='bbox 1374 1725 1454 1792; x_wconf 79' lang='grc' dir='ltr'>μερῶν</span> <span class='ocrx_word' id='word_1_253' title='bbox 1473 1722 1575 1774; x_wconf 89' lang='grc' dir='ltr'>ἐκαστον</span> <span class='ocrx_word' id='word_1_254' title='bbox 1594 1721 1736 1778; x_wconf 88' lang='grc' dir='ltr'>ίιποπίιττω-</span> 
     </span>
     <span class='ocr_line' id='line_1_18' title="bbox 141 1797 1737 1874; baseline -0.001 -18"><span class='ocrx_word' id='word_1_255' title='bbox 141 1804 259 1874; x_wconf 76' lang='grc' dir='ltr'>ἡγεμὼν,</span> <span class='ocrx_word' id='word_1_256' title='bbox 272 1802 338 1856; x_wconf 78' lang='grc' dir='ltr'>ἀλλά</span> <span class='ocrx_word' id='word_1_257' title='bbox 351 1803 488 1856; x_wconf 85' lang='grc' dir='ltr'>συνάπτειν.</span> <span class='ocrx_word' id='word_1_258' title='bbox 502 1803 599 1856; x_wconf 84' lang='lat' dir='ltr'>BTCP.</span> <span class='ocrx_word' id='word_1_259' title='bbox 963 1819 1004 1854; x_wconf 89' lang='grc' dir='ltr'>κεν</span> <span class='ocrx_word' id='word_1_260' title='bbox 1020 1801 1117 1864; x_wconf 74' lang='grc' dir='ltr'>οἰκείοις</span> <span class='ocrx_word' id='word_1_261' title='bbox 1128 1801 1274 1872; x_wconf 88' lang='grc' dir='ltr'>κεφαλαίοις.</span> <span class='ocrx_word' id='word_1_262' title='bbox 1316 1799 1350 1852; x_wconf 82' lang='grc' dir='ltr'>’ίδ</span> <span class='ocrx_word' id='word_1_263' title='bbox 1365 1798 1408 1869; x_wconf 81' lang='grc' dir='ltr'>μίν</span> <span class='ocrx_word' id='word_1_264' title='bbox 1421 1797 1470 1870; x_wconf 81' lang='grc' dir='ltr'>γάρ</span> <span class='ocrx_word' id='word_1_265' title='bbox 1483 1801 1600 1870; x_wconf 81' lang='grc' dir='ltr'>πρότερον</span> <span class='ocrx_word' id='word_1_266' title='bbox 1620 1805 1664 1854; x_wconf 90' lang='grc' dir='ltr'>τοῦ</span> <span class='ocrx_word' id='word_1_267' title='bbox 1677 1821 1737 1873; x_wconf 82' lang='grc' dir='ltr'>αυμ·</span> 
     </span>
     <span class='ocr_line' id='line_1_19' title="bbox 152 1877 1735 1952; baseline -0.002 -16"><span class='ocrx_word' id='word_1_268' title='bbox 152 1919 155 1926; x_wconf 83' lang='lat'><strong>·</strong></span> <span class='ocrx_word' id='word_1_269' title='bbox 180 1886 224 1946; x_wconf 76' lang='grc' dir='ltr'>αδ,</span> <span class='ocrx_word' id='word_1_270' title='bbox 240 1886 284 1934; x_wconf 83' lang='lat'>26.</span> <span class='ocrx_word' id='word_1_271' title='bbox 304 1879 346 1943; x_wconf 80' lang='grc' dir='ltr'>Ὦς</span> <span class='ocrx_word' id='word_1_272' title='bbox 362 1880 474 1951; x_wconf 85' lang='grc' dir='ltr'>τοῦτονς]</span> <span class='ocrx_word' id='word_1_273' title='bbox 489 1878 637 1942; x_wconf 87' lang='grc' dir='ltr'>είςτοῦτους.</span> <span class='ocrx_word' id='word_1_274' title='bbox 653 1881 684 1934; x_wconf 89' lang='grc' dir='ltr'>Ρ.</span> <span class='ocrx_word' id='word_1_275' title='bbox 962 1883 1074 1952; x_wconf 88' lang='grc' dir='ltr'>φίροντος</span> <span class='ocrx_word' id='word_1_276' title='bbox 1093 1880 1157 1934; x_wconf 78' lang='grc' dir='ltr'>εἶναι</span> <span class='ocrx_word' id='word_1_277' title='bbox 1177 1883 1260 1944; x_wconf 77' lang='grc' dir='ltr'>δοκεῖ,</span> <span class='ocrx_word' id='word_1_278' title='bbox 1275 1879 1304 1932; x_wconf 83' lang='grc' dir='ltr'>τδ</span> <span class='ocrx_word' id='word_1_279' title='bbox 1324 1877 1351 1932; x_wconf 87' lang='grc' dir='ltr'>δέ</span> <span class='ocrx_word' id='word_1_280' title='bbox 1363 1878 1474 1949; x_wconf 87' lang='grc' dir='ltr'>δεῦτερόν</span> <span class='ocrx_word' id='word_1_281' title='bbox 1491 1878 1544 1932; x_wconf 87' lang='grc' dir='ltr'>ἐστι</span> <span class='ocrx_word' id='word_1_282' title='bbox 1556 1883 1600 1932; x_wconf 88' lang='grc' dir='ltr'>τοῦ</span> <span class='ocrx_word' id='word_1_283' title='bbox 1614 1882 1735 1952; x_wconf 86' lang='grc' dir='ltr'>νομίμου,</span> 
     </span>
     <span class='ocr_line' id='line_1_20' title="bbox 180 1957 1737 2032; baseline 0.001 -20"><span class='ocrx_word' id='word_1_284' title='bbox 180 1957 259 2024; x_wconf 81' lang='grc' dir='ltr'>ἀείδή</span> <span class='ocrx_word' id='word_1_285' title='bbox 271 1963 348 2012; x_wconf 88' lang='grc' dir='ltr'>ταῦτα</span> <span class='ocrx_word' id='word_1_286' title='bbox 361 1958 504 2028; x_wconf 75' lang='grc' dir='ltr'>ἐπανέντας]</span> <span class='ocrx_word' id='word_1_287' title='bbox 517 1957 680 2028; x_wconf 79' lang='grc' dir='ltr'>Συμπίριισμα</span> <span class='ocrx_word' id='word_1_288' title='bbox 688 1961 732 2011; x_wconf 85' lang='grc' dir='ltr'>τοῦ</span> <span class='ocrx_word' id='word_1_289' title='bbox 744 1959 912 2028; x_wconf 76' lang='grc' dir='ltr'>συμφέροντος.</span> <span class='ocrx_word' id='word_1_290' title='bbox 963 1958 1076 2026; x_wconf 87' lang='grc' dir='ltr'>είληπται</span> <span class='ocrx_word' id='word_1_291' title='bbox 1085 1959 1145 2014; x_wconf 82' lang='grc' dir='ltr'>δίέκ</span> <span class='ocrx_word' id='word_1_292' title='bbox 1156 1961 1303 2024; x_wconf 72' lang='grc' dir='ltr'>κατασκευῆς</span> <span class='ocrx_word' id='word_1_293' title='bbox 1314 1961 1357 2010; x_wconf 85' lang='grc' dir='ltr'>τοῦ</span> <span class='ocrx_word' id='word_1_294' title='bbox 1367 1957 1482 2010; x_wconf 85' lang='grc' dir='ltr'>δυνατοῦ·</span> <span class='ocrx_word' id='word_1_295' title='bbox 1497 1958 1538 2010; x_wconf 78' lang='grc' dir='ltr'>καί</span> <span class='ocrx_word' id='word_1_296' title='bbox 1550 1959 1597 2030; x_wconf 82' lang='grc' dir='ltr'>γάρ</span> <span class='ocrx_word' id='word_1_297' title='bbox 1606 1961 1737 2032; x_wconf 85' lang='grc' dir='ltr'>κεφάλαιον</span> 
     </span>
     <span class='ocr_line' id='line_1_21' title="bbox 144 2034 1736 2107; baseline 0.001 -19"><span class='ocrx_word' id='word_1_298' title='bbox 144 2039 221 2092; x_wconf 83' lang='lat' dir='ltr'><strong>BRP.</strong></span> <span class='ocrx_word' id='word_1_299' title='bbox 241 2035 367 2090; x_wconf 82' lang='grc' dir='ltr'>Ἐντεῦθεν</span> <span class='ocrx_word' id='word_1_300' title='bbox 379 2036 403 2088; x_wconf 89' lang='grc' dir='ltr'>οί</span> <span class='ocrx_word' id='word_1_301' title='bbox 415 2035 532 2104; x_wconf 88' lang='grc' dir='ltr'>ἐπίλογοι.</span> <span class='ocrx_word' id='word_1_302' title='bbox 547 2036 620 2088; x_wconf 84' lang='lat' dir='ltr'>BCP.</span> <span class='ocrx_word' id='word_1_303' title='bbox 963 2037 1087 2107; x_wconf 82' lang='grc' dir='ltr'>κεφαλαίῳ</span> <span class='ocrx_word' id='word_1_304' title='bbox 1107 2036 1288 2090; x_wconf 76' lang='grc' dir='ltr'>ἀποδείκνυται·</span> <span class='ocrx_word' id='word_1_305' title='bbox 1303 2035 1332 2088; x_wconf 88' lang='grc' dir='ltr'>τδ</span> <span class='ocrx_word' id='word_1_306' title='bbox 1347 2034 1373 2087; x_wconf 85' lang='grc' dir='ltr'>δέ</span> <span class='ocrx_word' id='word_1_307' title='bbox 1385 2035 1467 2104; x_wconf 89' lang='grc' dir='ltr'>τρίτον</span> <span class='ocrx_word' id='word_1_308' title='bbox 1489 2034 1542 2088; x_wconf 71' lang='grc' dir='ltr'>ἐστὶ</span> <span class='ocrx_word' id='word_1_309' title='bbox 1561 2041 1605 2089; x_wconf 86' lang='grc' dir='ltr'>τοῦ</span> <span class='ocrx_word' id='word_1_310' title='bbox 1626 2038 1736 2103; x_wconf 81' lang='grc' dir='ltr'>δικαίου,</span> 
     </span>
     <span class='ocr_line' id='line_1_22' title="bbox 182 2110 1739 2186; baseline 0.001 -20"><span class='ocrx_word' id='word_1_311' title='bbox 182 2120 226 2178; x_wconf 75' lang='grc' dir='ltr'>τό,</span> <span class='ocrx_word' id='word_1_312' title='bbox 240 2131 283 2182; x_wconf 83' lang='lat'>27.</span> <span class='ocrx_word' id='word_1_313' title='bbox 303 2113 463 2182; x_wconf 79' lang='grc' dir='ltr'>Ἐπανέντας]</span> <span class='ocrx_word' id='word_1_314' title='bbox 479 2112 610 2174; x_wconf 89' lang='grc' dir='ltr'>ἐάσαντας,</span> <span class='ocrx_word' id='word_1_315' title='bbox 625 2110 819 2181; x_wconf 87' lang='grc' dir='ltr'>ἐγχαλάσαντας.</span> <span class='ocrx_word' id='word_1_316' title='bbox 834 2114 865 2165; x_wconf 83' lang='grc' dir='ltr'>Β.</span> <span class='ocrx_word' id='word_1_317' title='bbox 961 2115 1029 2186; x_wconf 83' lang='grc' dir='ltr'>λίγω</span> <span class='ocrx_word' id='word_1_318' title='bbox 1050 2116 1076 2168; x_wconf 86' lang='grc' dir='ltr'>δέ</span> <span class='ocrx_word' id='word_1_319' title='bbox 1088 2116 1117 2168; x_wconf 75' lang='grc' dir='ltr'>τί)</span> <span class='ocrx_word' id='word_1_320' title='bbox 1134 2118 1177 2180; x_wconf 79' lang='grc' dir='ltr'>τῆς</span> <span class='ocrx_word' id='word_1_321' title='bbox 1189 2115 1343 2184; x_wconf 81' lang='grc' dir='ltr'>καταδρομῆς</span> <span class='ocrx_word' id='word_1_322' title='bbox 1361 2119 1411 2165; x_wconf 76' lang='grc' dir='ltr'>τῶν</span> <span class='ocrx_word' id='word_1_323' title='bbox 1428 2116 1469 2165; x_wconf 91' lang='grc' dir='ltr'>νῦν</span> <span class='ocrx_word' id='word_1_324' title='bbox 1489 2113 1684 2186; x_wconf 82' lang='grc' dir='ltr'>πολιτευομίνων</span> <span class='ocrx_word' id='word_1_325' title='bbox 1698 2119 1739 2170; x_wconf 81' lang='grc' dir='ltr'>καί</span> 
     </span>
     <span class='ocr_line' id='line_1_23' title="bbox 187 2187 1737 2266; baseline 0.003 -22"><span class='ocrx_word' id='word_1_326' title='bbox 187 2191 270 2262; x_wconf 81' lang='grc' dir='ltr'>Ὗμεῖιν</span> <span class='ocrx_word' id='word_1_327' title='bbox 284 2190 559 2260; x_wconf 82' lang='grc' dir='ltr'>αῦτῦιν-γενομίνους]</span> <span class='ocrx_word' id='word_1_328' title='bbox 574 2187 616 2252; x_wconf 82' lang='grc' dir='ltr'>Ὦς</span> <span class='ocrx_word' id='word_1_329' title='bbox 629 2187 920 2244; x_wconf 80' lang='grc' dir='ltr'>ἐπδνυσοῦντωνείπετδ</span> <span class='ocrx_word' id='word_1_330' title='bbox 963 2197 1007 2259; x_wconf 78' lang='grc' dir='ltr'>τῆς</span> <span class='ocrx_word' id='word_1_331' title='bbox 1026 2194 1141 2266; x_wconf 83' lang='grc' dir='ltr'>είνφημίας</span> <span class='ocrx_word' id='word_1_332' title='bbox 1166 2199 1215 2247; x_wconf 80' lang='grc' dir='ltr'>τῶν</span> <span class='ocrx_word' id='word_1_333' title='bbox 1241 2192 1346 2246; x_wconf 75' lang='grc' dir='ltr'>ἐπὶτῶν</span> <span class='ocrx_word' id='word_1_334' title='bbox 1367 2193 1495 2262; x_wconf 84' lang='grc' dir='ltr'>προγόνων</span> <span class='ocrx_word' id='word_1_335' title='bbox 1515 2193 1737 2266; x_wconf 72' lang='grc' dir='ltr'>πολιτευσαμένων.</span> 
     </span>
     <span class='ocr_line' id='line_1_24' title="bbox 144 2267 1737 2346; baseline 0.003 -26"><span class='ocrx_word' id='word_1_336' title='bbox 144 2271 214 2340; x_wconf 78' lang='grc' dir='ltr'>ῦμῶν</span> <span class='ocrx_word' id='word_1_337' title='bbox 230 2269 308 2322; x_wconf 83' lang='grc' dir='ltr'>αῦτῶν</span> <span class='ocrx_word' id='word_1_338' title='bbox 324 2269 475 2340; x_wconf 72' lang='grc' dir='ltr'>γενομένους.</span> <span class='ocrx_word' id='word_1_339' title='bbox 492 2267 567 2320; x_wconf 85' lang='lat' dir='ltr'>BTC.</span> <span class='ocrx_word' id='word_1_340' title='bbox 966 2273 1037 2326; x_wconf 80' lang='grc' dir='ltr'>Πᾶσα</span> <span class='ocrx_word' id='word_1_341' title='bbox 1051 2275 1099 2346; x_wconf 77' lang='grc' dir='ltr'>γάρ</span> <span class='ocrx_word' id='word_1_342' title='bbox 1111 2271 1236 2346; x_wconf 81' lang='grc' dir='ltr'>συμῦουλῆ</span> <span class='ocrx_word' id='word_1_343' title='bbox 1251 2273 1305 2342; x_wconf 79' lang='grc' dir='ltr'>περὶ</span> <span class='ocrx_word' id='word_1_344' title='bbox 1319 2272 1448 2338; x_wconf 81' lang='grc' dir='ltr'>ποιότητος</span> <span class='ocrx_word' id='word_1_345' title='bbox 1456 2273 1591 2342; x_wconf 86' lang='grc' dir='ltr'>προσώπων</span> <span class='ocrx_word' id='word_1_346' title='bbox 1602 2274 1737 2343; x_wconf 87' lang='grc' dir='ltr'>γινομίνη,</span> 
     </span>
     <span class='ocr_line' id='line_1_25' title="bbox 183 2344 1739 2424; baseline 0.002 -25"><span class='ocrx_word' id='word_1_347' title='bbox 183 2353 227 2412; x_wconf 79' lang='grc' dir='ltr'>τῦ,</span> <span class='ocrx_word' id='word_1_348' title='bbox 240 2365 284 2416; x_wconf 76' lang='grc' dir='ltr'>αφ.</span> <span class='ocrx_word' id='word_1_349' title='bbox 296 2347 359 2400; x_wconf 82' lang='grc' dir='ltr'>Είδέ</span> <span class='ocrx_word' id='word_1_350' title='bbox 370 2349 422 2408; x_wconf 73' lang='grc' dir='ltr'>τοῖς</span> <span class='ocrx_word' id='word_1_351' title='bbox 433 2346 493 2416; x_wconf 90' lang='grc' dir='ltr'>μέν]</span> <span class='ocrx_word' id='word_1_352' title='bbox 506 2345 570 2416; x_wconf 84' lang='grc' dir='ltr'>Ιίρδς</span> <span class='ocrx_word' id='word_1_353' title='bbox 580 2345 623 2398; x_wconf 75' lang='grc' dir='ltr'>τὀν</span> <span class='ocrx_word' id='word_1_354' title='bbox 634 2344 758 2398; x_wconf 83' lang='grc' dir='ltr'>Εῦῦουλον</span> <span class='ocrx_word' id='word_1_355' title='bbox 770 2345 921 2400; x_wconf 84' lang='grc' dir='ltr'>ἀποτείνεται</span> <span class='ocrx_word' id='word_1_356' title='bbox 967 2349 1065 2406; x_wconf 77' lang='grc' dir='ltr'>ἔπαινον</span> <span class='ocrx_word' id='word_1_357' title='bbox 1077 2354 1093 2419; x_wconf 79' lang='grc' dir='ltr'><strong>ἢ</strong></span> <span class='ocrx_word' id='word_1_358' title='bbox 1107 2354 1183 2424; x_wconf 80' lang='grc' dir='ltr'>ψόγον</span> <span class='ocrx_word' id='word_1_359' title='bbox 1195 2353 1321 2420; x_wconf 82' lang='grc' dir='ltr'>δηλοῦσα,</span> <span class='ocrx_word' id='word_1_360' title='bbox 1332 2349 1364 2412; x_wconf 84' lang='grc' dir='ltr'>είς</span> <span class='ocrx_word' id='word_1_361' title='bbox 1375 2351 1403 2403; x_wconf 86' lang='grc' dir='ltr'>τδ</span> <span class='ocrx_word' id='word_1_362' title='bbox 1422 2351 1514 2402; x_wconf 86' lang='grc' dir='ltr'>δίκαιον</span> <span class='ocrx_word' id='word_1_363' title='bbox 1527 2350 1579 2420; x_wconf 82' lang='grc' dir='ltr'>ἔχει</span> <span class='ocrx_word' id='word_1_364' title='bbox 1590 2349 1635 2417; x_wconf 83' lang='grc' dir='ltr'>τὴν</span> <span class='ocrx_word' id='word_1_365' title='bbox 1650 2350 1739 2422; x_wconf 77' lang='grc' dir='ltr'>ἀναφο-</span> 
     </span>
     <span class='ocr_line' id='line_1_26' title="bbox 145 2423 1740 2504; baseline 0.001 -27"><span class='ocrx_word' id='word_1_366' title='bbox 145 2427 189 2478; x_wconf 76' lang='grc' dir='ltr'>τίεν</span> <span class='ocrx_word' id='word_1_367' title='bbox 199 2426 398 2496; x_wconf 87' lang='grc' dir='ltr'>πολιτευόμενον.</span> <span class='ocrx_word' id='word_1_368' title='bbox 411 2426 462 2477; x_wconf 87' lang='lat' dir='ltr'>BP.</span> <span class='ocrx_word' id='word_1_369' title='bbox 475 2423 523 2476; x_wconf 86' lang='grc' dir='ltr'>Τδν</span> <span class='ocrx_word' id='word_1_370' title='bbox 538 2423 660 2476; x_wconf 83' lang='grc' dir='ltr'>Εῦῦουλον</span> <span class='ocrx_word' id='word_1_371' title='bbox 670 2424 840 2494; x_wconf 81' lang='grc' dir='ltr'>λέγειώςπρδς</span> <span class='ocrx_word' id='word_1_372' title='bbox 848 2425 920 2494; x_wconf 80' lang='grc' dir='ltr'>χάριν</span> <span class='ocrx_word' id='word_1_373' title='bbox 967 2435 1019 2504; x_wconf 65' lang='grc' dir='ltr'>μάν,</span> <span class='ocrx_word' id='word_1_374' title='bbox 1059 2431 1105 2482; x_wconf 75' lang='grc' dir='ltr'>Καὶ</span> <span class='ocrx_word' id='word_1_375' title='bbox 1129 2431 1158 2484; x_wconf 62' lang='grc' dir='ltr'>νὴ</span> <span class='ocrx_word' id='word_1_376' title='bbox 1179 2429 1221 2501; x_wconf 75' lang='grc' dir='ltr'>μίν</span> <span class='ocrx_word' id='word_1_377' title='bbox 1244 2430 1362 2500; x_wconf 75' lang='grc' dir='ltr'>συμφέρον</span> <span class='ocrx_word' id='word_1_378' title='bbox 1379 2429 1438 2498; x_wconf 87' lang='grc' dir='ltr'>δίχα</span> <span class='ocrx_word' id='word_1_379' title='bbox 1457 2431 1589 2499; x_wconf 71' lang='grc' dir='ltr'>τέτμηται,</span> <span class='ocrx_word' id='word_1_380' title='bbox 1613 2425 1647 2492; x_wconf 83' lang='grc' dir='ltr'>τίς</span> <span class='ocrx_word' id='word_1_381' title='bbox 1664 2447 1690 2482; x_wconf 85' lang='grc' dir='ltr'>τε</span> <span class='ocrx_word' id='word_1_382' title='bbox 1712 2430 1740 2482; x_wconf 80' lang='grc' dir='ltr'>τί)</span> 
     </span>
     <span class='ocr_line' id='line_1_27' title="bbox 144 2503 1740 2580; baseline -0.006 -12"><span class='ocrx_word' id='word_1_383' title='bbox 144 2505 345 2572; x_wconf 63' lang='grc' dir='ltr'>ὃθίίθγυρνῦντα.</span> <span class='ocrx_word' id='word_1_384' title='bbox 355 2503 429 2556; x_wconf 77' lang='lat' dir='ltr'>B&#39;rc,</span> <span class='ocrx_word' id='word_1_385' title='bbox 966 2510 1102 2580; x_wconf 81' lang='grc' dir='ltr'>ἀναγκαίου</span> <span class='ocrx_word' id='word_1_386' title='bbox 1110 2509 1244 2574; x_wconf 81' lang='grc' dir='ltr'>(ἐλεύσεται</span> <span class='ocrx_word' id='word_1_387' title='bbox 1257 2508 1305 2578; x_wconf 81' lang='grc' dir='ltr'>γάρ</span> <span class='ocrx_word' id='word_1_388' title='bbox 1316 2507 1439 2567; x_wconf 79' lang='grc' dir='ltr'>Φίλιππος</span> <span class='ocrx_word' id='word_1_389' title='bbox 1452 2505 1485 2568; x_wconf 88' lang='grc' dir='ltr'>είς</span> <span class='ocrx_word' id='word_1_390' title='bbox 1495 2505 1540 2571; x_wconf 81' lang='grc' dir='ltr'>τὴν</span> <span class='ocrx_word' id='word_1_391' title='bbox 1554 2505 1661 2572; x_wconf 76' lang='grc' dir='ltr'>Ἀττικήν</span> <span class='ocrx_word' id='word_1_392' title='bbox 1670 2509 1740 2578; x_wconf 85' lang='grc' dir='ltr'>διαφ·</span> 
     </span>
     <span class='ocr_line' id='line_1_28' title="bbox 184 2577 1742 2658; baseline 0.004 -28"><span class='ocrx_word' id='word_1_393' title='bbox 184 2581 240 2641; x_wconf 82' lang='grc' dir='ltr'>Τυῦς</span> <span class='ocrx_word' id='word_1_394' title='bbox 251 2581 273 2632; x_wconf 92' lang='grc' dir='ltr'>δ’</span> <span class='ocrx_word' id='word_1_395' title='bbox 280 2579 477 2652; x_wconf 82' lang='grc' dir='ltr'>ἀναγκάζεσθαι]</span> <span class='ocrx_word' id='word_1_396' title='bbox 492 2577 590 2644; x_wconf 72' lang='grc' dir='ltr'>Ἐπειδὴ</span> <span class='ocrx_word' id='word_1_397' title='bbox 601 2577 668 2634; x_wconf 84' lang='grc' dir='ltr'>εἶπεν</span> <span class='ocrx_word' id='word_1_398' title='bbox 681 2579 804 2650; x_wconf 82' lang='grc' dir='ltr'>ἀνωτίρω,</span> <span class='ocrx_word' id='word_1_399' title='bbox 815 2580 879 2650; x_wconf 83' lang='grc' dir='ltr'>φημί</span> <span class='ocrx_word' id='word_1_400' title='bbox 891 2578 921 2645; x_wconf 84' lang='grc' dir='ltr'>δὴ</span> <span class='ocrx_word' id='word_1_401' title='bbox 967 2589 1087 2658; x_wconf 66' lang='grc' dir='ltr'>θαμένςων</span> <span class='ocrx_word' id='word_1_402' title='bbox 1097 2592 1145 2639; x_wconf 77' lang='grc' dir='ltr'>τῶν</span> <span class='ocrx_word' id='word_1_403' title='bbox 1159 2585 1325 2650; x_wconf 79' lang='grc' dir='ltr'>Ὀλυνθίων),</span> <span class='ocrx_word' id='word_1_404' title='bbox 1337 2585 1378 2642; x_wconf 80' lang='grc' dir='ltr'>καί</span> <span class='ocrx_word' id='word_1_405' title='bbox 1391 2583 1424 2645; x_wconf 85' lang='grc' dir='ltr'>είς</span> <span class='ocrx_word' id='word_1_406' title='bbox 1437 2585 1465 2637; x_wconf 87' lang='grc' dir='ltr'>εδ</span> <span class='ocrx_word' id='word_1_407' title='bbox 1476 2583 1562 2646; x_wconf 81' lang='grc' dir='ltr'>άδοξον</span> <span class='ocrx_word' id='word_1_408' title='bbox 1576 2586 1684 2651; x_wconf 85' lang='grc' dir='ltr'>(πάντες</span> <span class='ocrx_word' id='word_1_409' title='bbox 1694 2583 1742 2654; x_wconf 80' lang='grc' dir='ltr'>γάρ</span> 
     </span>
     <span class='ocr_line' id='line_1_29' title="bbox 146 2657 1741 2734; baseline 0.003 -24"><span class='ocrx_word' id='word_1_410' title='bbox 146 2661 191 2710; x_wconf 76' lang='grc' dir='ltr'>ἀεί</span> <span class='ocrx_word' id='word_1_411' title='bbox 199 2661 333 2730; x_wconf 88' lang='grc' dir='ltr'>χρημάτων</span> <span class='ocrx_word' id='word_1_412' title='bbox 342 2699 350 2724; x_wconf 98' lang='grc'>,</span> <span class='ocrx_word' id='word_1_413' title='bbox 360 2659 403 2710; x_wconf 83' lang='grc' dir='ltr'>ἵνα</span> <span class='ocrx_word' id='word_1_414' title='bbox 417 2657 450 2729; x_wconf 77' lang='grc' dir='ltr'>μὴ</span> <span class='ocrx_word' id='word_1_415' title='bbox 466 2659 565 2712; x_wconf 83' lang='grc' dir='ltr'>εἴπωσιν</span> <span class='ocrx_word' id='word_1_416' title='bbox 580 2658 605 2710; x_wconf 91' lang='grc' dir='ltr'>οί</span> <span class='ocrx_word' id='word_1_417' title='bbox 618 2661 731 2724; x_wconf 84' lang='grc' dir='ltr'>πάνητις,</span> <span class='ocrx_word' id='word_1_418' title='bbox 747 2659 833 2712; x_wconf 84' lang='grc' dir='ltr'>οῦκοῦν</span> <span class='ocrx_word' id='word_1_419' title='bbox 848 2659 922 2712; x_wconf 86' lang='grc' dir='ltr'>είσοί·</span> <span class='ocrx_word' id='word_1_420' title='bbox 969 2667 1050 2719; x_wconf 86' lang='grc' dir='ltr'>ίσασιν</span> <span class='ocrx_word' id='word_1_421' title='bbox 1063 2663 1186 2731; x_wconf 82' lang='grc' dir='ltr'>Ἕλληνες</span> <span class='ocrx_word' id='word_1_422' title='bbox 1197 2667 1236 2718; x_wconf 88' lang='grc' dir='ltr'>δτι</span> <span class='ocrx_word' id='word_1_423' title='bbox 1252 2667 1304 2727; x_wconf 76' lang='grc' dir='ltr'>τοῖς</span> <span class='ocrx_word' id='word_1_424' title='bbox 1318 2664 1453 2724; x_wconf 89' lang='grc' dir='ltr'>Ὀλυνθίοις</span> <span class='ocrx_word' id='word_1_425' title='bbox 1471 2663 1669 2734; x_wconf 71' lang='grc' dir='ltr'>ἐπηγγειλάμεθα</span> <span class='ocrx_word' id='word_1_426' title='bbox 1682 2665 1741 2732; x_wconf 87' lang='grc' dir='ltr'>βοη-</span> 
     </span>
     <span class='ocr_line' id='line_1_30' title="bbox 147 2736 1743 2814; baseline 0.002 -26"><span class='ocrx_word' id='word_1_427' title='bbox 147 2756 231 2788; x_wconf 90' lang='grc' dir='ltr'>σουσιν</span> <span class='ocrx_word' id='word_1_428' title='bbox 250 2737 273 2790; x_wconf 86' lang='grc' dir='ltr'>οί</span> <span class='ocrx_word' id='word_1_429' title='bbox 293 2737 421 2800; x_wconf 80' lang='grc' dir='ltr'>πλούσιοι,</span> <span class='ocrx_word' id='word_1_430' title='bbox 434 2737 564 2807; x_wconf 81' lang='grc' dir='ltr'>πρσλαῦίυν</span> <span class='ocrx_word' id='word_1_431' title='bbox 580 2737 638 2807; x_wconf 82' lang='grc' dir='ltr'>ῦπέρ</span> <span class='ocrx_word' id='word_1_432' title='bbox 660 2736 739 2790; x_wconf 64' lang='grc' dir='ltr'>αὐτῶν</span> <span class='ocrx_word' id='word_1_433' title='bbox 754 2740 859 2791; x_wconf 81' lang='grc' dir='ltr'>ποιεῖται</span> <span class='ocrx_word' id='word_1_434' title='bbox 879 2739 922 2792; x_wconf 82' lang='grc' dir='ltr'>τδν</span> <span class='ocrx_word' id='word_1_435' title='bbox 968 2746 1067 2811; x_wconf 73' lang='grc' dir='ltr'>θήσειν,</span> <span class='ocrx_word' id='word_1_436' title='bbox 1081 2743 1102 2796; x_wconf 84' lang='grc' dir='ltr'>εί</span> <span class='ocrx_word' id='word_1_437' title='bbox 1120 2743 1284 2814; x_wconf 71' lang='grc' dir='ltr'>πολεμήσαιεν</span> <span class='ocrx_word' id='word_1_438' title='bbox 1299 2743 1357 2813; x_wconf 78' lang='grc' dir='ltr'>ιιρδς</span> <span class='ocrx_word' id='word_1_439' title='bbox 1369 2741 1531 2810; x_wconf 85' lang='grc' dir='ltr'>Φίλιππον),</span> <span class='ocrx_word' id='word_1_440' title='bbox 1550 2741 1591 2793; x_wconf 82' lang='grc' dir='ltr'>καί</span> <span class='ocrx_word' id='word_1_441' title='bbox 1603 2743 1631 2794; x_wconf 89' lang='grc' dir='ltr'>τδ</span> <span class='ocrx_word' id='word_1_442' title='bbox 1650 2741 1743 2812; x_wconf 72' lang='grc' dir='ltr'>ψευδεῖς</span> 
     </span>
     <span class='ocr_line' id='line_1_31' title="bbox 148 2815 1743 2890; baseline 0.003 -24"><span class='ocrx_word' id='word_1_443' title='bbox 148 2817 227 2886; x_wconf 81' lang='grc' dir='ltr'>λόγον</span> <span class='ocrx_word' id='word_1_444' title='bbox 248 2817 302 2878; x_wconf 88' lang='grc' dir='ltr'>δτι,</span> <span class='ocrx_word' id='word_1_445' title='bbox 325 2816 396 2885; x_wconf 78' lang='grc' dir='ltr'>μέχρι</span> <span class='ocrx_word' id='word_1_446' title='bbox 415 2817 472 2868; x_wconf 86' lang='grc' dir='ltr'>πότε</span> <span class='ocrx_word' id='word_1_447' title='bbox 491 2815 515 2868; x_wconf 90' lang='grc' dir='ltr'>οί</span> <span class='ocrx_word' id='word_1_448' title='bbox 532 2815 644 2868; x_wconf 82' lang='grc' dir='ltr'>πλοίοισι</span> <span class='ocrx_word' id='word_1_449' title='bbox 664 2817 866 2886; x_wconf 81' lang='grc' dir='ltr'>τριηραρχήσαντι</span> <span class='ocrx_word' id='word_1_450' title='bbox 884 2818 925 2870; x_wconf 82' lang='grc' dir='ltr'>καὶ</span> <span class='ocrx_word' id='word_1_451' title='bbox 968 2825 1072 2890; x_wconf 84' lang='grc' dir='ltr'>φανῆναι</span> <span class='ocrx_word' id='word_1_452' title='bbox 1083 2827 1131 2874; x_wconf 81' lang='grc' dir='ltr'>τών</span> <span class='ocrx_word' id='word_1_453' title='bbox 1153 2820 1255 2882; x_wconf 79' lang='grc' dir='ltr'>ἀδόξων.</span> <span class='ocrx_word' id='word_1_454' title='bbox 1283 2821 1434 2876; x_wconf 74' lang='lat' dir='ltr'>Ann&#39;rcv.</span> <span class='ocrx_word' id='word_1_455' title='bbox 1454 2820 1569 2886; x_wconf 89' lang='grc' dir='ltr'>Ζητήσειε</span> <span class='ocrx_word' id='word_1_456' title='bbox 1584 2819 1606 2870; x_wconf 89' lang='grc' dir='ltr'>δ’</span> <span class='ocrx_word' id='word_1_457' title='bbox 1627 2820 1657 2871; x_wconf 81' lang='grc' dir='ltr'>όν</span> <span class='ocrx_word' id='word_1_458' title='bbox 1672 2837 1707 2880; x_wconf 92' lang='grc' dir='ltr'>τις</span> <span class='ocrx_word' id='word_1_459' title='bbox 1719 2819 1743 2870; x_wconf 88' lang='grc' dir='ltr'>τί</span> 
     </span>
     <span class='ocr_line' id='line_1_32' title="bbox 150 2892 1742 2969; baseline 0.003 -25"><span class='ocrx_word' id='word_1_460' title='bbox 150 2893 281 2946; x_wconf 89' lang='grc' dir='ltr'>είσοίσυυσι</span> <span class='ocrx_word' id='word_1_461' title='bbox 301 2893 343 2946; x_wconf 80' lang='grc' dir='ltr'>καί</span> <span class='ocrx_word' id='word_1_462' title='bbox 356 2893 435 2946; x_wconf 90' lang='grc' dir='ltr'>πάντα</span> <span class='ocrx_word' id='word_1_463' title='bbox 448 2894 642 2959; x_wconf 74' lang='grc' dir='ltr'>δαπανήσουσινς</span> <span class='ocrx_word' id='word_1_464' title='bbox 663 2892 704 2946; x_wconf 84' lang='grc' dir='ltr'>ἐάν</span> <span class='ocrx_word' id='word_1_465' title='bbox 717 2893 765 2964; x_wconf 83' lang='grc' dir='ltr'>γάρ</span> <span class='ocrx_word' id='word_1_466' title='bbox 778 2892 863 2954; x_wconf 73' lang='grc' dir='ltr'>αιίτοῖκ</span> <span class='ocrx_word' id='word_1_467' title='bbox 877 2913 923 2946; x_wconf 83' lang='grc' dir='ltr'>πα·</span> <span class='ocrx_word' id='word_1_468' title='bbox 968 2899 1058 2965; x_wconf 88' lang='grc' dir='ltr'>δήποτε</span> <span class='ocrx_word' id='word_1_469' title='bbox 1072 2899 1174 2951; x_wconf 82' lang='grc' dir='ltr'>κωλύων</span> <span class='ocrx_word' id='word_1_470' title='bbox 1188 2899 1328 2969; x_wconf 81' lang='grc' dir='ltr'>μεθιστάναι</span> <span class='ocrx_word' id='word_1_471' title='bbox 1343 2895 1388 2963; x_wconf 83' lang='grc' dir='ltr'>τὴν</span> <span class='ocrx_word' id='word_1_472' title='bbox 1401 2897 1502 2966; x_wconf 77' lang='grc' dir='ltr'>δύναμιν</span> <span class='ocrx_word' id='word_1_473' title='bbox 1512 2936 1519 2961; x_wconf 96' lang='grc'>,</span> <span class='ocrx_word' id='word_1_474' title='bbox 1531 2896 1644 2968; x_wconf 81' lang='grc' dir='ltr'>οῦδεμίαν</span> <span class='ocrx_word' id='word_1_475' title='bbox 1659 2897 1742 2950; x_wconf 86' lang='grc' dir='ltr'>πεποί-</span> 
     </span>
     <span class='ocr_line' id='line_1_33' title="bbox 148 2969 1744 3048; baseline 0.004 -25"><span class='ocrx_word' id='word_1_476' title='bbox 148 2971 242 3044; x_wconf 69' lang='grc' dir='ltr'>ρακόήη</span> <span class='ocrx_word' id='word_1_477' title='bbox 255 2971 303 3024; x_wconf 85' lang='grc' dir='ltr'>άπδ</span> <span class='ocrx_word' id='word_1_478' title='bbox 314 2977 362 3024; x_wconf 85' lang='grc' dir='ltr'>τῶν</span> <span class='ocrx_word' id='word_1_479' title='bbox 372 2971 508 3036; x_wconf 85' lang='grc' dir='ltr'>πλουσίων,</span> <span class='ocrx_word' id='word_1_480' title='bbox 525 2970 611 3026; x_wconf 87' lang='grc' dir='ltr'>ἐλπίδα</span> <span class='ocrx_word' id='word_1_481' title='bbox 623 2970 743 3041; x_wconf 87' lang='grc' dir='ltr'>μηδεμίαν</span> <span class='ocrx_word' id='word_1_482' title='bbox 756 2969 855 3039; x_wconf 70' lang='grc' dir='ltr'>ἔχοντες</span> <span class='ocrx_word' id='word_1_483' title='bbox 867 2971 924 3041; x_wconf 82' lang='grc' dir='ltr'>μηδ’</span> <span class='ocrx_word' id='word_1_484' title='bbox 969 2996 1025 3042; x_wconf 89' lang='grc' dir='ltr'>ηται</span> <span class='ocrx_word' id='word_1_485' title='bbox 1041 2977 1095 3046; x_wconf 86' lang='grc' dir='ltr'>περλ</span> <span class='ocrx_word' id='word_1_486' title='bbox 1111 2977 1184 3030; x_wconf 73' lang='grc' dir='ltr'>αὐτοῦ</span> <span class='ocrx_word' id='word_1_487' title='bbox 1206 2978 1321 3048; x_wconf 90' lang='grc' dir='ltr'>μνήμην,</span> <span class='ocrx_word' id='word_1_488' title='bbox 1336 2975 1391 3028; x_wconf 80' lang='grc' dir='ltr'>οῦδέ</span> <span class='ocrx_word' id='word_1_489' title='bbox 1408 2975 1501 3046; x_wconf 83' lang='grc' dir='ltr'>φαῦλον</span> <span class='ocrx_word' id='word_1_490' title='bbox 1515 2975 1616 3029; x_wconf 87' lang='grc' dir='ltr'>δεικνόει</span> <span class='ocrx_word' id='word_1_491' title='bbox 1628 2977 1656 3030; x_wconf 85' lang='grc' dir='ltr'>τδ</span> <span class='ocrx_word' id='word_1_492' title='bbox 1673 2977 1744 3048; x_wconf 89' lang='grc' dir='ltr'>μετά-</span> 
     </span>
     <span class='ocr_line' id='line_1_34' title="bbox 150 3047 1744 3127; baseline -0.003 -17"><span class='ocrx_word' id='word_1_493' title='bbox 150 3047 622 3120; x_wconf 60' lang='grc' dir='ltr'>ἆδλωεεῦπορίανιᾶπῡπνίῦῦντᾱῑῖῦί</span> <span class='ocrx_word' id='word_1_494' title='bbox 635 3050 765 3116; x_wconf 62' lang='grc' dir='ltr'>ίεωρῑθῶνι</span> <span class='ocrx_word' id='word_1_495' title='bbox 803 3049 849 3102; x_wconf 57' lang='lat' dir='ltr'>Mt</span> <span class='ocrx_word' id='word_1_496' title='bbox 862 3049 926 3110; x_wconf 72' lang='grc' dir='ltr'>ὅλως</span> <span class='ocrx_word' id='word_1_497' title='bbox 969 3075 1020 3127; x_wconf 92' lang='grc' dir='ltr'>γειν</span> <span class='ocrx_word' id='word_1_498' title='bbox 1039 3055 1071 3117; x_wconf 86' lang='grc' dir='ltr'>είς</span> <span class='ocrx_word' id='word_1_499' title='bbox 1087 3057 1239 3110; x_wconf 84' lang='grc' dir='ltr'>Μακεδονίαν</span> <span class='ocrx_word' id='word_1_500' title='bbox 1258 3057 1313 3117; x_wconf 78' lang='grc' dir='ltr'>τους</span> <span class='ocrx_word' id='word_1_501' title='bbox 1325 3058 1479 3126; x_wconf 82' lang='grc' dir='ltr'>στρατιώτας.</span> <span class='ocrx_word' id='word_1_502' title='bbox 1522 3053 1622 3122; x_wconf 79' lang='grc' dir='ltr'>Ψητέον</span> <span class='ocrx_word' id='word_1_503' title='bbox 1643 3050 1686 3107; x_wconf 81' lang='grc' dir='ltr'>οῦν</span> <span class='ocrx_word' id='word_1_504' title='bbox 1706 3055 1744 3106; x_wconf 81' lang='grc' dir='ltr'>ότι</span> 
     </span>
     <span class='ocr_line' id='line_1_35' title="bbox 149 3127 1745 3206; baseline -0.002 -17"><span class='ocrx_word' id='word_1_505' title='bbox 149 3128 457 3199; x_wconf 61' lang='grc' dir='ltr'>σῦίηθῑςῦῑνέυμῠῦθίνῑῑ</span> <span class='ocrx_word' id='word_1_506' title='bbox 467 3130 520 3188; x_wconf 78' lang='grc' dir='ltr'>τοῖς</span> <span class='ocrx_word' id='word_1_507' title='bbox 533 3128 657 3188; x_wconf 75' lang='grc' dir='ltr'>πλουσίοις</span> <span class='ocrx_word' id='word_1_508' title='bbox 668 3127 835 3180; x_wconf 61' lang='grc' dir='ltr'>συνίστασθαι·</span> <span class='ocrx_word' id='word_1_509' title='bbox 850 3131 925 3198; x_wconf 75' lang='grc' dir='ltr'>γῑνιίε·</span> <span class='ocrx_word' id='word_1_510' title='bbox 969 3135 1066 3196; x_wconf 89' lang='grc' dir='ltr'>πλείους</span> <span class='ocrx_word' id='word_1_511' title='bbox 1080 3135 1126 3187; x_wconf 82' lang='grc' dir='ltr'>είσί</span> <span class='ocrx_word' id='word_1_512' title='bbox 1137 3137 1221 3206; x_wconf 88' lang='grc' dir='ltr'>τρόποι</span> <span class='ocrx_word' id='word_1_513' title='bbox 1232 3136 1286 3188; x_wconf 83' lang='grc' dir='ltr'>καθ’</span> <span class='ocrx_word' id='word_1_514' title='bbox 1299 3135 1339 3196; x_wconf 82' lang='grc' dir='ltr'>οθς</span> <span class='ocrx_word' id='word_1_515' title='bbox 1351 3133 1487 3204; x_wconf 72' lang='grc' dir='ltr'>ἀντιλέγειν</span> <span class='ocrx_word' id='word_1_516' title='bbox 1501 3131 1601 3194; x_wconf 80' lang='grc' dir='ltr'>ίξεστιν.</span> <span class='ocrx_word' id='word_1_517' title='bbox 1641 3132 1678 3186; x_wconf 88' lang='grc' dir='ltr'><strong>Ἢ</strong></span> <span class='ocrx_word' id='word_1_518' title='bbox 1698 3133 1745 3204; x_wconf 76' lang='grc' dir='ltr'>γάρ</span> 
     </span>
     <span class='ocr_line' id='line_1_36' title="bbox 151 3202 1744 3286; baseline 0.006 -30"><span class='ocrx_word' id='word_1_519' title='bbox 151 3224 205 3256; x_wconf 87' lang='grc' dir='ltr'>σκει</span> <span class='ocrx_word' id='word_1_520' title='bbox 219 3205 266 3276; x_wconf 77' lang='grc' dir='ltr'>γάρ</span> <span class='ocrx_word' id='word_1_521' title='bbox 280 3207 318 3258; x_wconf 86' lang='grc' dir='ltr'>δτι</span> <span class='ocrx_word' id='word_1_522' title='bbox 330 3209 402 3274; x_wconf 85' lang='grc' dir='ltr'>νεῦρα</span> <span class='ocrx_word' id='word_1_523' title='bbox 416 3209 458 3270; x_wconf 83' lang='grc' dir='ltr'>τῆς</span> <span class='ocrx_word' id='word_1_524' title='bbox 469 3205 563 3266; x_wconf 76' lang='grc' dir='ltr'>πόλεώς</span> <span class='ocrx_word' id='word_1_525' title='bbox 579 3202 638 3257; x_wconf 84' lang='grc' dir='ltr'>εἰσιν</span> <span class='ocrx_word' id='word_1_526' title='bbox 652 3203 676 3255; x_wconf 89' lang='grc' dir='ltr'>οί</span> <span class='ocrx_word' id='word_1_527' title='bbox 688 3203 809 3259; x_wconf 83' lang='grc' dir='ltr'>πλοῦσιοι.</span> <span class='ocrx_word' id='word_1_528' title='bbox 823 3207 923 3259; x_wconf 77' lang='lat' dir='ltr'>Bch.</span> <span class='ocrx_word' id='word_1_529' title='bbox 969 3215 1028 3283; x_wconf 78' lang='grc' dir='ltr'>κρδς</span> <span class='ocrx_word' id='word_1_530' title='bbox 1036 3213 1121 3276; x_wconf 73' lang='grc' dir='ltr'>αῦεοῦς</span> <span class='ocrx_word' id='word_1_531' title='bbox 1135 3215 1189 3276; x_wconf 76' lang='grc' dir='ltr'>τοῦς</span> <span class='ocrx_word' id='word_1_532' title='bbox 1200 3214 1333 3286; x_wconf 85' lang='grc' dir='ltr'>λογιομοίνς</span> <span class='ocrx_word' id='word_1_533' title='bbox 1344 3213 1475 3284; x_wconf 76' lang='grc' dir='ltr'>μαχόμεθα</span> <span class='ocrx_word' id='word_1_534' title='bbox 1490 3218 1539 3266; x_wconf 80' lang='grc' dir='ltr'>τῶν</span> <span class='ocrx_word' id='word_1_535' title='bbox 1553 3211 1744 3284; x_wconf 84' lang='grc' dir='ltr'>ἀντιλεγόντων,</span> 
     </span>
     <span class='ocr_line' id='line_1_37' title="bbox 188 3281 1746 3364; baseline -0.004 -16"><span class='ocrx_word' id='word_1_536' title='bbox 188 3300 231 3352; x_wconf 81' lang='lat'>27,</span> <span class='ocrx_word' id='word_1_537' title='bbox 260 3285 285 3336; x_wconf 80' lang='lat'>3·</span> <span class='ocrx_word' id='word_1_538' title='bbox 307 3284 365 3344; x_wconf 69' lang='grc' dir='ltr'><strong>Τοῖς</strong></span> <span class='ocrx_word' id='word_1_539' title='bbox 394 3283 420 3336; x_wconf 65' lang='grc' dir='ltr'>δὲ</span> <span class='ocrx_word' id='word_1_540' title='bbox 445 3283 603 3353; x_wconf 65' lang='grc' dir='ltr'>ψῦφίίῑῦθῦῑί</span> <span class='ocrx_word' id='word_1_541' title='bbox 628 3284 680 3344; x_wconf 71' lang='grc' dir='ltr'>ἳθῗῦ</span> <span class='ocrx_word' id='word_1_542' title='bbox 707 3281 805 3352; x_wconf 64' lang='grc' dir='ltr'>ῥίῖθῦῦῑ</span> <span class='ocrx_word' id='word_1_543' title='bbox 832 3301 925 3354; x_wconf 59' lang='lat' dir='ltr'>“Wlffl-</span> <span class='ocrx_word' id='word_1_544' title='bbox 971 3293 1106 3355; x_wconf 71' lang='grc' dir='ltr'>δεικνύντες</span> <span class='ocrx_word' id='word_1_545' title='bbox 1125 3294 1210 3354; x_wconf 77' lang='grc' dir='ltr'>αῦτοδς</span> <span class='ocrx_word' id='word_1_546' title='bbox 1225 3293 1329 3364; x_wconf 83' lang='grc' dir='ltr'>σαθροίις</span> <span class='ocrx_word' id='word_1_547' title='bbox 1343 3291 1466 3358; x_wconf 77' lang='grc' dir='ltr'>δντας,ή</span> <span class='ocrx_word' id='word_1_548' title='bbox 1489 3289 1570 3362; x_wconf 79' lang='grc' dir='ltr'>ἐτίραν</span> <span class='ocrx_word' id='word_1_549' title='bbox 1585 3290 1746 3362; x_wconf 85' lang='grc' dir='ltr'>είσηγοῦμεθα</span> 
     </span>
     <span class='ocr_line' id='line_1_38' title="bbox 152 3364 1746 3442; baseline -0.002 -18"><span class='ocrx_word' id='word_1_550' title='bbox 152 3365 215 3415; x_wconf 56' lang='grc' dir='ltr'>*ῑῖῑ</span> <span class='ocrx_word' id='word_1_551' title='bbox 229 3364 260 3414; x_wconf 82' lang='grc' dir='ltr'>Β·</span> <span class='ocrx_word' id='word_1_552' title='bbox 972 3373 1091 3442; x_wconf 85' lang='grc' dir='ltr'>γνώμην,</span> <span class='ocrx_word' id='word_1_553' title='bbox 1105 3371 1146 3423; x_wconf 78' lang='grc' dir='ltr'>διὰ</span> <span class='ocrx_word' id='word_1_554' title='bbox 1159 3376 1202 3438; x_wconf 75' lang='grc' dir='ltr'>τῆς</span> <span class='ocrx_word' id='word_1_555' title='bbox 1218 3371 1334 3441; x_wconf 83' lang='grc' dir='ltr'>ήμεείρας</span> <span class='ocrx_word' id='word_1_556' title='bbox 1350 3368 1396 3435; x_wconf 78' lang='grc' dir='ltr'>τὴν</span> <span class='ocrx_word' id='word_1_557' title='bbox 1415 3369 1513 3423; x_wconf 84' lang='grc' dir='ltr'>ἐκείνων</span> <span class='ocrx_word' id='word_1_558' title='bbox 1531 3369 1746 3438; x_wconf 70' lang='grc' dir='ltr'>ἀνατρέποντεςέ,</span> 
     </span>
     <span class='ocr_line' id='line_1_39' title="bbox 190 3437 1746 3518; baseline -0.002 -27"><span class='ocrx_word' id='word_1_559' title='bbox 190 3455 234 3509; x_wconf 80' lang='lat'>27,</span> <span class='ocrx_word' id='word_1_560' title='bbox 243 3459 268 3509; x_wconf 87' lang='lat'>7.</span> <span class='ocrx_word' id='word_1_561' title='bbox 283 3441 352 3510; x_wconf 76' lang='grc' dir='ltr'>λέγω</span> <span class='ocrx_word' id='word_1_562' title='bbox 361 3437 391 3504; x_wconf 79' lang='grc' dir='ltr'>δή</span> <span class='ocrx_word' id='word_1_563' title='bbox 403 3439 552 3509; x_wconf 88' lang='grc' dir='ltr'>κεφάλαιον]</span> <span class='ocrx_word' id='word_1_564' title='bbox 568 3437 709 3508; x_wconf 85' lang='grc' dir='ltr'>Ἐπίλογος.</span> <span class='ocrx_word' id='word_1_565' title='bbox 720 3441 772 3494; x_wconf 86' lang='lat' dir='ltr'>BP.</span> <span class='ocrx_word' id='word_1_566' title='bbox 783 3439 828 3492; x_wconf 79' lang='grc' dir='ltr'>Διά</span> <span class='ocrx_word' id='word_1_567' title='bbox 842 3440 928 3493; x_wconf 84' lang='grc' dir='ltr'>τοῦτου</span> <span class='ocrx_word' id='word_1_568' title='bbox 971 3449 1000 3500; x_wconf 64' lang='grc' dir='ltr'>τί)</span> <span class='ocrx_word' id='word_1_569' title='bbox 1013 3450 1133 3518; x_wconf 82' lang='grc' dir='ltr'>συμρίρον</span> <span class='ocrx_word' id='word_1_570' title='bbox 1144 3449 1173 3500; x_wconf 87' lang='grc' dir='ltr'>τδ</span> <span class='ocrx_word' id='word_1_571' title='bbox 1192 3448 1235 3518; x_wconf 77' lang='grc' dir='ltr'>μὲν</span> <span class='ocrx_word' id='word_1_572' title='bbox 1246 3445 1344 3499; x_wconf 79' lang='grc' dir='ltr'>ἐκείνων</span> <span class='ocrx_word' id='word_1_573' title='bbox 1358 3446 1494 3516; x_wconf 73' lang='grc' dir='ltr'>ἐλέγχομεν</span> <span class='ocrx_word' id='word_1_574' title='bbox 1501 3486 1509 3510; x_wconf 89' lang='grc'>,</span> <span class='ocrx_word' id='word_1_575' title='bbox 1524 3445 1594 3498; x_wconf 68' lang='grc' dir='ltr'>αῦτη]</span> <span class='ocrx_word' id='word_1_576' title='bbox 1604 3446 1630 3498; x_wconf 69' lang='grc' dir='ltr'>δὲ</span> <span class='ocrx_word' id='word_1_577' title='bbox 1642 3445 1746 3518; x_wconf 67' lang='grc' dir='ltr'>συμεω.</span> 
     </span>
     <span class='ocr_line' id='line_1_40' title="bbox 150 3517 1749 3596; baseline -0.001 -16"><span class='ocrx_word' id='word_1_578' title='bbox 150 3519 264 3588; x_wconf 64' lang='lat' dir='ltr'>‹321›aein</span> <span class='ocrx_word' id='word_1_579' title='bbox 278 3518 364 3586; x_wconf 52' lang='lat' dir='ltr'>{sefion</span> <span class='ocrx_word' id='word_1_580' title='bbox 379 3517 625 3588; x_wconf 61' lang='grc' dir='ltr'>ἇίαδῑφαλᾱῑώῦῑωίι</span> <span class='ocrx_word' id='word_1_581' title='bbox 641 3517 715 3572; x_wconf 49' lang='lat' dir='ltr'>affl*</span> <span class='ocrx_word' id='word_1_582' title='bbox 729 3521 767 3572; x_wconf 68' lang='grc' dir='ltr'>ίῐῑ</span> <span class='ocrx_word' id='word_1_583' title='bbox 777 3518 825 3589; x_wconf 75' lang='grc' dir='ltr'>Ἁρθ</span> <span class='ocrx_word' id='word_1_584' title='bbox 840 3521 930 3581; x_wconf 55' lang='grc' dir='ltr'>πάντας</span> <span class='ocrx_word' id='word_1_585' title='bbox 972 3524 1018 3590; x_wconf 84' lang='grc' dir='ltr'>λὴν</span> <span class='ocrx_word' id='word_1_586' title='bbox 1031 3525 1112 3595; x_wconf 77' lang='grc' dir='ltr'>ἐτίραν</span> <span class='ocrx_word' id='word_1_587' title='bbox 1131 3525 1305 3596; x_wconf 85' lang='grc' dir='ltr'>είσηγοόμεθα.</span> <span class='ocrx_word' id='word_1_588' title='bbox 1346 3524 1467 3578; x_wconf 82' lang='grc' dir='ltr'>Ἐνταῦθα</span> <span class='ocrx_word' id='word_1_589' title='bbox 1478 3525 1583 3594; x_wconf 79' lang='grc' dir='ltr'>τοίνυνδ</span> <span class='ocrx_word' id='word_1_590' title='bbox 1600 3525 1681 3596; x_wconf 78' lang='grc' dir='ltr'>ῥήτωρ</span> <span class='ocrx_word' id='word_1_591' title='bbox 1693 3545 1749 3596; x_wconf 85' lang='grc' dir='ltr'>ρρο·</span> 
     </span>
     <span class='ocr_line' id='line_1_41' title="bbox 153 3596 1747 3674; baseline 0.001 -24"><span class='ocrx_word' id='word_1_592' title='bbox 153 3597 338 3666; x_wconf 84' lang='grc' dir='ltr'>είοφέρειν,ίνα</span> <span class='ocrx_word' id='word_1_593' title='bbox 350 3601 392 3664; x_wconf 80' lang='grc' dir='ltr'>τῆς</span> <span class='ocrx_word' id='word_1_594' title='bbox 401 3596 508 3667; x_wconf 83' lang='grc' dir='ltr'>ἀνάγκης</span> <span class='ocrx_word' id='word_1_595' title='bbox 517 3597 601 3658; x_wconf 75' lang='grc' dir='ltr'>αὐτοῦς</span> <span class='ocrx_word' id='word_1_596' title='bbox 611 3599 754 3668; x_wconf 88' lang='grc' dir='ltr'>περιστάσης</span> <span class='ocrx_word' id='word_1_597' title='bbox 766 3599 929 3665; x_wconf 86' lang='grc' dir='ltr'>ἐκστήσωνται</span> <span class='ocrx_word' id='word_1_598' title='bbox 973 3605 1064 3674; x_wconf 86' lang='grc' dir='ltr'>νήματι</span> <span class='ocrx_word' id='word_1_599' title='bbox 1084 3607 1212 3674; x_wconf 86' lang='grc' dir='ltr'>χρώμενος</span> <span class='ocrx_word' id='word_1_600' title='bbox 1243 3605 1284 3667; x_wconf 83' lang='grc' dir='ltr'>τῆς</span> <span class='ocrx_word' id='word_1_601' title='bbox 1312 3603 1355 3673; x_wconf 90' lang='grc' dir='ltr'>μέν</span> <span class='ocrx_word' id='word_1_602' title='bbox 1379 3602 1477 3655; x_wconf 85' lang='grc' dir='ltr'>ἐκείνων</span> <span class='ocrx_word' id='word_1_603' title='bbox 1508 3603 1608 3671; x_wconf 89' lang='grc' dir='ltr'>γνώμης</span> <span class='ocrx_word' id='word_1_604' title='bbox 1633 3602 1747 3673; x_wconf 81' lang='grc' dir='ltr'>οδδεμίαν</span> 
     </span>
     <span class='ocr_line' id='line_1_42' title="bbox 154 3675 1748 3752; baseline 0.004 -28"><span class='ocrx_word' id='word_1_605' title='bbox 154 3679 204 3725; x_wconf 83' lang='grc' dir='ltr'>τῶν</span> <span class='ocrx_word' id='word_1_606' title='bbox 217 3675 349 3743; x_wconf 84' lang='grc' dir='ltr'>θεωρικῶν.</span> <span class='ocrx_word' id='word_1_607' title='bbox 364 3675 465 3727; x_wconf 69' lang='lat' dir='ltr'>Bw.</span> <span class='ocrx_word' id='word_1_608' title='bbox 972 3685 1100 3749; x_wconf 85' lang='grc' dir='ltr'>πεποίηται</span> <span class='ocrx_word' id='word_1_609' title='bbox 1113 3684 1227 3752; x_wconf 88' lang='grc' dir='ltr'>μνήμην,</span> <span class='ocrx_word' id='word_1_610' title='bbox 1238 3679 1282 3745; x_wconf 79' lang='grc' dir='ltr'>τήν</span> <span class='ocrx_word' id='word_1_611' title='bbox 1300 3680 1325 3732; x_wconf 83' lang='grc' dir='ltr'>δέ</span> <span class='ocrx_word' id='word_1_612' title='bbox 1340 3679 1405 3751; x_wconf 83' lang='grc' dir='ltr'>αίιτῷ</span> <span class='ocrx_word' id='word_1_613' title='bbox 1416 3681 1536 3732; x_wconf 84' lang='grc' dir='ltr'>δοκοῦσαν</span> <span class='ocrx_word' id='word_1_614' title='bbox 1554 3678 1688 3750; x_wconf 72' lang='grc' dir='ltr'>εἰσηγεῖται</span> <span class='ocrx_word' id='word_1_615' title='bbox 1707 3681 1748 3732; x_wconf 78' lang='grc' dir='ltr'>καί</span> 
     </span>
     <span class='ocr_line' id='line_1_43' title="bbox 191 3751 1746 3829; baseline 0.003 -23"><span class='ocrx_word' id='word_1_616' title='bbox 191 3769 235 3822; x_wconf 76' lang='grc' dir='ltr'>α7,</span> <span class='ocrx_word' id='word_1_617' title='bbox 247 3755 273 3807; x_wconf 88' lang='grc'>8.</span> <span class='ocrx_word' id='word_1_618' title='bbox 289 3753 323 3805; x_wconf 74' lang='lat' dir='ltr'>Tb</span> <span class='ocrx_word' id='word_1_619' title='bbox 341 3752 413 3824; x_wconf 91' lang='grc' dir='ltr'>ίοον]</span> <span class='ocrx_word' id='word_1_620' title='bbox 427 3753 489 3806; x_wconf 80' lang='grc' dir='ltr'>κατά</span> <span class='ocrx_word' id='word_1_621' title='bbox 503 3751 547 3818; x_wconf 79' lang='grc' dir='ltr'>τήν</span> <span class='ocrx_word' id='word_1_622' title='bbox 558 3752 659 3807; x_wconf 74' lang='grc' dir='ltr'>ἑκάστου</span> <span class='ocrx_word' id='word_1_623' title='bbox 668 3753 762 3810; x_wconf 74' lang='grc' dir='ltr'>υλσίαν.</span> <span class='ocrx_word' id='word_1_624' title='bbox 774 3757 805 3810; x_wconf 86' lang='grc' dir='ltr'>Β.</span> <span class='ocrx_word' id='word_1_625' title='bbox 975 3762 1064 3826; x_wconf 75' lang='grc' dir='ltr'>ταύτην</span> <span class='ocrx_word' id='word_1_626' title='bbox 1083 3759 1219 3829; x_wconf 83' lang='grc' dir='ltr'>ἐργάζεται.</span> <span class='ocrx_word' id='word_1_627' title='bbox 1241 3757 1344 3820; x_wconf 75' lang='grc' dir='ltr'>Ἄλλως.</span> <span class='ocrx_word' id='word_1_628' title='bbox 1363 3758 1496 3828; x_wconf 87' lang='grc' dir='ltr'>Προοίμιον</span> <span class='ocrx_word' id='word_1_629' title='bbox 1511 3755 1539 3809; x_wconf 84' lang='grc' dir='ltr'>ἐκ</span> <span class='ocrx_word' id='word_1_630' title='bbox 1550 3760 1594 3808; x_wconf 88' lang='grc' dir='ltr'>τοῦ</span> <span class='ocrx_word' id='word_1_631' title='bbox 1606 3755 1746 3826; x_wconf 89' lang='grc' dir='ltr'>ἀναγκαίου.</span> 
     </span>
     <span class='ocr_line' id='line_1_44' title="bbox 193 3833 1749 3907; baseline 0.001 -23"><span class='ocrx_word' id='word_1_632' title='bbox 193 3833 259 3885; x_wconf 83' lang='grc' dir='ltr'>ίίατίι</span> <span class='ocrx_word' id='word_1_633' title='bbox 271 3836 356 3904; x_wconf 81' lang='grc' dir='ltr'>μίροςί</span> <span class='ocrx_word' id='word_1_634' title='bbox 371 3833 432 3886; x_wconf 77' lang='grc' dir='ltr'>κατά</span> <span class='ocrx_word' id='word_1_635' title='bbox 442 3835 571 3904; x_wconf 90' lang='grc' dir='ltr'>διαδοχήν.</span> <span class='ocrx_word' id='word_1_636' title='bbox 582 3836 613 3888; x_wconf 89' lang='grc' dir='ltr'>Β.</span> <span class='ocrx_word' id='word_1_637' title='bbox 975 3838 1128 3907; x_wconf 84' lang='grc' dir='ltr'>Λαμῦάνεται</span> <span class='ocrx_word' id='word_1_638' title='bbox 1140 3837 1166 3888; x_wconf 84' lang='grc' dir='ltr'>δέ</span> <span class='ocrx_word' id='word_1_639' title='bbox 1178 3835 1201 3897; x_wconf 82' lang='grc' dir='ltr'>ἐξ</span> <span class='ocrx_word' id='word_1_640' title='bbox 1216 3835 1358 3904; x_wconf 73' lang='grc' dir='ltr'>ῦπολήψεως</span> <span class='ocrx_word' id='word_1_641' title='bbox 1368 3841 1417 3888; x_wconf 78' lang='grc' dir='ltr'>τῶν</span> <span class='ocrx_word' id='word_1_642' title='bbox 1431 3835 1581 3904; x_wconf 81' lang='grc' dir='ltr'>πραγμάτων</span> <span class='ocrx_word' id='word_1_643' title='bbox 1590 3835 1689 3904; x_wconf 79' lang='grc' dir='ltr'>φαύλων</span> <span class='ocrx_word' id='word_1_644' title='bbox 1707 3836 1749 3887; x_wconf 86' lang='grc' dir='ltr'>όν-</span> 
     </span>
     <span class='ocr_line' id='line_1_45' title="bbox 192 3909 1134 3982; baseline 0.006 -20"><span class='ocrx_word' id='word_1_645' title='bbox 192 3927 237 3978; x_wconf 79' lang='lat'>²7·</span> <span class='ocrx_word' id='word_1_646' title='bbox 257 3927 297 3966; x_wconf 77' lang='grc' dir='ltr'>ιε.</span> <span class='ocrx_word' id='word_1_647' title='bbox 315 3909 389 3962; x_wconf 83' lang='grc' dir='ltr'>Ἆλλίι</span> <span class='ocrx_word' id='word_1_648' title='bbox 403 3911 444 3963; x_wconf 82' lang='grc' dir='ltr'>καὶ</span> <span class='ocrx_word' id='word_1_649' title='bbox 455 3911 517 3980; x_wconf 81' lang='grc' dir='ltr'>ῦμᾱς</span> <span class='ocrx_word' id='word_1_650' title='bbox 530 3910 634 3982; x_wconf 82' lang='grc' dir='ltr'>ιώτοῦς]</span> <span class='ocrx_word' id='word_1_651' title='bbox 647 3911 688 3964; x_wconf 81' lang='grc' dir='ltr'>διά</span> <span class='ocrx_word' id='word_1_652' title='bbox 699 3911 727 3964; x_wconf 84' lang='grc' dir='ltr'>τδ</span> <span class='ocrx_word' id='word_1_653' title='bbox 738 3913 865 3978; x_wconf 80' lang='grc' dir='ltr'>πεισθῆναι</span> <span class='ocrx_word' id='word_1_654' title='bbox 881 3915 932 3974; x_wconf 86' lang='grc' dir='ltr'>τοίς</span> <span class='ocrx_word' id='word_1_655' title='bbox 975 3935 1039 3970; x_wconf 89' lang='grc' dir='ltr'>των.</span> <span class='ocrx_word' id='word_1_656' title='bbox 1053 3915 1134 3968; x_wconf 82' lang='lat' dir='ltr'><strong>TCV.</strong></span> 
     </span>
     <span class='ocr_line' id='line_1_46' title="bbox 155 3987 1750 4064; baseline 0.001 -24"><span class='ocrx_word' id='word_1_657' title='bbox 155 3989 236 4049; x_wconf 77' lang='grc' dir='ltr'>καλῶς</span> <span class='ocrx_word' id='word_1_658' title='bbox 245 3988 546 4058; x_wconf 74' lang='grc' dir='ltr'>συμῦουλεῦσασιν.ΒΤί].</span> <span class='ocrx_word' id='word_1_659' title='bbox 1011 3994 1174 4057; x_wconf 62' lang='grc' dir='ltr'>18,ή.Το“υς</span> <span class='ocrx_word' id='word_1_660' title='bbox 1191 3994 1233 4064; x_wconf 86' lang='grc' dir='ltr'>μέν</span> <span class='ocrx_word' id='word_1_661' title='bbox 1256 3991 1303 4062; x_wconf 74' lang='grc' dir='ltr'>γάρ</span> <span class='ocrx_word' id='word_1_662' title='bbox 1326 3991 1433 4060; x_wconf 84' lang='grc' dir='ltr'>λόγους]</span> <span class='ocrx_word' id='word_1_663' title='bbox 1449 3987 1589 4054; x_wconf 82' lang='grc' dir='ltr'>Ιίατασκευὴ</span> <span class='ocrx_word' id='word_1_664' title='bbox 1604 3993 1648 4042; x_wconf 85' lang='grc' dir='ltr'>τοῦ</span> <span class='ocrx_word' id='word_1_665' title='bbox 1671 4011 1750 4062; x_wconf 85' lang='grc' dir='ltr'>προοι-</span> 
     </span>
     <span class='ocr_line' id='line_1_47' title="bbox 999 4073 1082 4126; baseline 0.003 -1"><span class='ocrx_word' id='word_1_666' title='bbox 999 4073 1082 4126; x_wconf 84' lang='grc' dir='ltr'>ίου.Β.</span> 
     </span>
     <span class='ocr_line' id='line_1_48' title="bbox 509 4095 1752 4221; baseline -0.006 -16"><span class='ocrx_word' id='word_1_667' title='bbox 509 4175 580 4186; x_wconf 89' lang='lat'>·--</span> <span class='ocrx_word' id='word_1_668' title='bbox 978 4095 996 4144; x_wconf 61' lang='grc' dir='ltr'><strong>μ</strong></span> <span class='ocrx_word' id='word_1_669' title='bbox 1012 4149 1200 4221; x_wconf 87' lang='grc' dir='ltr'>Τιμωρήσασθαι</span> <span class='ocrx_word' id='word_1_670' title='bbox 1213 4147 1338 4201; x_wconf 82' lang='grc' dir='ltr'>Φίλιππον</span> <span class='ocrx_word' id='word_1_671' title='bbox 1348 4147 1358 4218; x_wconf 95' lang='grc'>]</span> <span class='ocrx_word' id='word_1_672' title='bbox 1370 4148 1492 4199; x_wconf 77' lang='grc' dir='ltr'>τουτέστιν</span> <span class='ocrx_word' id='word_1_673' title='bbox 1502 4144 1535 4207; x_wconf 88' lang='grc' dir='ltr'>τίς</span> <span class='ocrx_word' id='word_1_674' title='bbox 1547 4145 1700 4198; x_wconf 81' lang='grc' dir='ltr'>Μακεδονίαν</span> <span class='ocrx_word' id='word_1_675' title='bbox 1712 4133 1752 4217; x_wconf 81' lang='grc' dir='ltr'>με·</span> 
     </span>
     <span class='ocr_line' id='line_1_49' title="bbox 978 4223 1338 4295; baseline -0.014 -12"><span class='ocrx_word' id='word_1_676' title='bbox 978 4229 1115 4288; x_wconf 82' lang='grc' dir='ltr'>ταῦιῦάζειν</span> <span class='ocrx_word' id='word_1_677' title='bbox 1125 4223 1169 4290; x_wconf 80' lang='grc' dir='ltr'>τὴν</span> <span class='ocrx_word' id='word_1_678' title='bbox 1181 4226 1292 4295; x_wconf 83' lang='grc' dir='ltr'>δῦναμιν.</span> <span class='ocrx_word' id='word_1_679' title='bbox 1306 4229 1338 4278; x_wconf 80' lang='grc' dir='ltr'>Α.</span> 
     </span>
     <span class='ocr_line' id='line_1_50' title="bbox 395 4299 1749 4372; baseline -0.001 -18"><span class='ocrx_word' id='word_1_680' title='bbox 395 4303 437 4355; x_wconf 92' lang='grc' dir='ltr'>ΙΙΙ.</span> <span class='ocrx_word' id='word_1_681' title='bbox 457 4302 659 4356; x_wconf 54' lang='lat' dir='ltr'>omem&amp;</span> <span class='ocrx_word' id='word_1_682' title='bbox 677 4304 703 4356; x_wconf 75' lang='grc' dir='ltr'>Γ.</span> <span class='ocrx_word' id='word_1_683' title='bbox 1014 4310 1059 4369; x_wconf 73' lang='grc' dir='ltr'>κδ,</span> <span class='ocrx_word' id='word_1_684' title='bbox 1075 4305 1100 4356; x_wconf 82' lang='grc'>5.</span> <span class='ocrx_word' id='word_1_685' title='bbox 1114 4301 1155 4365; x_wconf 60' lang='lat' dir='ltr'>Ek</span> <span class='ocrx_word' id='word_1_686' title='bbox 1168 4307 1240 4358; x_wconf 86' lang='grc' dir='ltr'>τοῦτο</span> <span class='ocrx_word' id='word_1_687' title='bbox 1249 4301 1401 4372; x_wconf 82' lang='grc' dir='ltr'>προήκοντα]</span> <span class='ocrx_word' id='word_1_688' title='bbox 1417 4299 1467 4353; x_wconf 86' lang='grc' dir='ltr'>Οίιιι</span> <span class='ocrx_word' id='word_1_689' title='bbox 1481 4301 1549 4354; x_wconf 87' lang='grc' dir='ltr'>ιίτιεν</span> <span class='ocrx_word' id='word_1_690' title='bbox 1559 4301 1634 4362; x_wconf 84' lang='grc' dir='ltr'>οῦτως</span> <span class='ocrx_word' id='word_1_691' title='bbox 1647 4299 1749 4370; x_wconf 71' lang='grc' dir='ltr'>ἔχοντα,</span> 
     </span>
     <span class='ocr_line' id='line_1_51' title="bbox 979 4379 1755 4451; baseline -0.006 -16"><span class='ocrx_word' id='word_1_692' title='bbox 979 4383 1036 4435; x_wconf 85' lang='grc' dir='ltr'>ἀλλ’</span> <span class='ocrx_word' id='word_1_693' title='bbox 1051 4382 1084 4444; x_wconf 90' lang='grc' dir='ltr'>είς</span> <span class='ocrx_word' id='word_1_694' title='bbox 1097 4386 1169 4436; x_wconf 90' lang='grc' dir='ltr'>τοῦτο</span> <span class='ocrx_word' id='word_1_695' title='bbox 1179 4381 1316 4451; x_wconf 84' lang='grc' dir='ltr'>προήκοντα</span> <span class='ocrx_word' id='word_1_696' title='bbox 1326 4419 1334 4444; x_wconf 98' lang='grc'>,</span> <span class='ocrx_word' id='word_1_697' title='bbox 1346 4379 1385 4432; x_wconf 80' lang='grc' dir='ltr'>διδ</span> <span class='ocrx_word' id='word_1_698' title='bbox 1394 4383 1436 4446; x_wconf 80' lang='grc' dir='ltr'>τῆς</span> <span class='ocrx_word' id='word_1_699' title='bbox 1446 4379 1471 4432; x_wconf 88' lang='grc' dir='ltr'>ἐν</span> <span class='ocrx_word' id='word_1_700' title='bbox 1483 4383 1514 4451; x_wconf 76' lang='grc' dir='ltr'>τῇ</span> <span class='ocrx_word' id='word_1_701' title='bbox 1525 4379 1586 4442; x_wconf 77' lang='grc' dir='ltr'>λίξιι</span> <span class='ocrx_word' id='word_1_702' title='bbox 1599 4381 1755 4448; x_wconf 86' lang='grc' dir='ltr'>παρατάσεως</span> 
     </span>
     <span class='ocr_line' id='line_1_52' title="bbox 198 4457 1666 4532; baseline 0.001 -23"><span class='ocrx_word' id='word_1_703' title='bbox 198 4459 243 4522; x_wconf 82' lang='lat'>28,</span> <span class='ocrx_word' id='word_1_704' title='bbox 273 4475 295 4510; x_wconf 89' lang='grc' dir='ltr'>ν.</span> <span class='ocrx_word' id='word_1_705' title='bbox 316 4457 381 4530; x_wconf 79' lang='grc' dir='ltr'>θὐχί</span> <span class='ocrx_word' id='word_1_706' title='bbox 394 4458 469 4512; x_wconf 80' lang='grc' dir='ltr'>ταῦτά</span> <span class='ocrx_word' id='word_1_707' title='bbox 485 4459 629 4530; x_wconf 86' lang='grc' dir='ltr'>παρίσταταί</span> <span class='ocrx_word' id='word_1_708' title='bbox 642 4462 699 4530; x_wconf 88' lang='grc' dir='ltr'>μοι]</span> <span class='ocrx_word' id='word_1_709' title='bbox 713 4460 748 4513; x_wconf 64' lang='lat' dir='ltr'>Tb</span> <span class='ocrx_word' id='word_1_710' title='bbox 770 4463 937 4532; x_wconf 76' lang='grc' dir='ltr'>προοίμιονέξ</span> <span class='ocrx_word' id='word_1_711' title='bbox 980 4463 1022 4515; x_wconf 83' lang='grc' dir='ltr'>τδν</span> <span class='ocrx_word' id='word_1_712' title='bbox 1032 4463 1123 4532; x_wconf 87' lang='grc' dir='ltr'>χρόνον</span> <span class='ocrx_word' id='word_1_713' title='bbox 1137 4459 1229 4520; x_wconf 79' lang='grc' dir='ltr'>δεικνδς</span> <span class='ocrx_word' id='word_1_714' title='bbox 1239 4461 1299 4512; x_wconf 78' lang='grc' dir='ltr'>ὄντα</span> <span class='ocrx_word' id='word_1_715' title='bbox 1309 4457 1388 4512; x_wconf 88' lang='grc' dir='ltr'>αίτιον</span> <span class='ocrx_word' id='word_1_716' title='bbox 1398 4463 1447 4511; x_wconf 80' lang='grc' dir='ltr'>τῶν</span> <span class='ocrx_word' id='word_1_717' title='bbox 1461 4465 1553 4511; x_wconf 75' lang='grc' dir='ltr'>κακῶν.</span> <span class='ocrx_word' id='word_1_718' title='bbox 1567 4457 1666 4510; x_wconf 60' lang='grc' dir='ltr'>ΒΤΩῪ.</span> 
     </span>
     <span class='ocr_line' id='line_1_53' title="bbox 161 4532 1756 4610; baseline -0.001 -23"><span class='ocrx_word' id='word_1_719' title='bbox 161 4532 403 4604; x_wconf 72' lang='grc' dir='ltr'>ἐπιτιμήσεως-Τό</span> <span class='ocrx_word' id='word_1_720' title='bbox 413 4537 541 4606; x_wconf 87' lang='grc' dir='ltr'>προοίμιον</span> <span class='ocrx_word' id='word_1_721' title='bbox 551 4535 676 4608; x_wconf 79' lang='grc' dir='ltr'>προσοχὴν</span> <span class='ocrx_word' id='word_1_722' title='bbox 686 4537 727 4590; x_wconf 84' lang='grc' dir='ltr'>διά</span> <span class='ocrx_word' id='word_1_723' title='bbox 732 4543 776 4590; x_wconf 92' lang='grc' dir='ltr'>τοῦ</span> <span class='ocrx_word' id='word_1_724' title='bbox 785 4540 937 4610; x_wconf 74' lang='grc' dir='ltr'>παροξυσμοῦ</span> <span class='ocrx_word' id='word_1_725' title='bbox 1016 4539 1058 4601; x_wconf 77' lang='grc' dir='ltr'>Εἰς</span> <span class='ocrx_word' id='word_1_726' title='bbox 1069 4544 1140 4592; x_wconf 90' lang='grc' dir='ltr'>τοῦτο</span> <span class='ocrx_word' id='word_1_727' title='bbox 1151 4539 1235 4600; x_wconf 82' lang='grc' dir='ltr'>κακίας</span> <span class='ocrx_word' id='word_1_728' title='bbox 1245 4537 1356 4593; x_wconf 86' lang='grc' dir='ltr'>ἐλθόντα.</span> <span class='ocrx_word' id='word_1_729' title='bbox 1370 4541 1403 4591; x_wconf 85' lang='grc' dir='ltr'>Α.</span> <span class='ocrx_word' id='word_1_730' title='bbox 1417 4535 1459 4598; x_wconf 86' lang='grc' dir='ltr'>Είς</span> <span class='ocrx_word' id='word_1_731' title='bbox 1471 4541 1544 4590; x_wconf 89' lang='grc' dir='ltr'>τοῦτο</span> <span class='ocrx_word' id='word_1_732' title='bbox 1557 4537 1673 4603; x_wconf 88' lang='grc' dir='ltr'>δηλονότι</span> <span class='ocrx_word' id='word_1_733' title='bbox 1689 4533 1756 4591; x_wconf 84' lang='grc' dir='ltr'>ἀναι-</span> 
     </span>
     <span class='ocr_line' id='line_1_54' title="bbox 163 4611 1288 4687; baseline 0.004 -24"><span class='ocrx_word' id='word_1_734' title='bbox 163 4611 335 4683; x_wconf 73' lang='grc' dir='ltr'>ἀπεργάζεται.</span> <span class='ocrx_word' id='word_1_735' title='bbox 348 4617 400 4668; x_wconf 85' lang='grc' dir='ltr'>ΑΒ.</span> <span class='ocrx_word' id='word_1_736' title='bbox 419 4613 461 4676; x_wconf 81' lang='grc' dir='ltr'>Ὧς</span> <span class='ocrx_word' id='word_1_737' title='bbox 472 4621 520 4668; x_wconf 78' lang='grc' dir='ltr'>τῶν</span> <span class='ocrx_word' id='word_1_738' title='bbox 534 4617 682 4686; x_wconf 85' lang='grc' dir='ltr'>πραγμάτων</span> <span class='ocrx_word' id='word_1_739' title='bbox 696 4616 812 4686; x_wconf 78' lang='grc' dir='ltr'>χαλεπῶν</span> <span class='ocrx_word' id='word_1_740' title='bbox 824 4619 902 4670; x_wconf 78' lang='grc' dir='ltr'>ὄντων</span> <span class='ocrx_word' id='word_1_741' title='bbox 915 4619 939 4680; x_wconf 81' lang='grc' dir='ltr'>ἐξ</span> <span class='ocrx_word' id='word_1_742' title='bbox 981 4619 1046 4678; x_wconf 84' lang='grc' dir='ltr'>δείας</span> <span class='ocrx_word' id='word_1_743' title='bbox 1053 4618 1220 4687; x_wconf 86' lang='grc' dir='ltr'>προελθόντες.</span> <span class='ocrx_word' id='word_1_744' title='bbox 1232 4617 1288 4668; x_wconf 81' lang='lat' dir='ltr'>Te.</span> 
     </span>
     <span class='ocr_line' id='line_1_55' title="bbox 164 4689 1755 4766; baseline -0.001 -23"><span class='ocrx_word' id='word_1_745' title='bbox 164 4689 327 4760; x_wconf 79' lang='grc' dir='ltr'>ἐπιτιμήσεως</span> <span class='ocrx_word' id='word_1_746' title='bbox 338 4689 452 4760; x_wconf 77' lang='grc' dir='ltr'>εἴληπται</span> <span class='ocrx_word' id='word_1_747' title='bbox 463 4693 491 4746; x_wconf 86' lang='grc' dir='ltr'>τδ</span> <span class='ocrx_word' id='word_1_748' title='bbox 508 4694 648 4764; x_wconf 89' lang='grc' dir='ltr'>προοίμιον,</span> <span class='ocrx_word' id='word_1_749' title='bbox 664 4694 680 4760; x_wconf 78' lang='grc' dir='ltr'>ἢ</span> <span class='ocrx_word' id='word_1_750' title='bbox 695 4693 722 4747; x_wconf 86' lang='grc' dir='ltr'>ἐκ</span> <span class='ocrx_word' id='word_1_751' title='bbox 733 4698 776 4746; x_wconf 89' lang='grc' dir='ltr'>τοῦ</span> <span class='ocrx_word' id='word_1_752' title='bbox 786 4696 935 4766; x_wconf 71' lang='grc' dir='ltr'>παραδόξου·</span> <span class='ocrx_word' id='word_1_753' title='bbox 1017 4694 1093 4747; x_wconf 74' lang='grc' dir='ltr'>Ὥστε</span> <span class='ocrx_word' id='word_1_754' title='bbox 1105 4696 1170 4756; x_wconf 76' lang='grc' dir='ltr'>ὅπως</span> <span class='ocrx_word' id='word_1_755' title='bbox 1180 4691 1212 4764; x_wconf 83' lang='grc' dir='ltr'>μὴ</span> <span class='ocrx_word' id='word_1_756' title='bbox 1222 4693 1370 4762; x_wconf 85' lang='grc' dir='ltr'>πεισόμεθα]</span> <span class='ocrx_word' id='word_1_757' title='bbox 1382 4691 1492 4763; x_wconf 75' lang='grc' dir='ltr'>Μεγάλῳ</span> <span class='ocrx_word' id='word_1_758' title='bbox 1504 4693 1585 4762; x_wconf 86' lang='grc' dir='ltr'>θάρσει</span> <span class='ocrx_word' id='word_1_759' title='bbox 1593 4693 1668 4762; x_wconf 83' lang='grc' dir='ltr'>μίγαν</span> <span class='ocrx_word' id='word_1_760' title='bbox 1680 4689 1755 4760; x_wconf 81' lang='grc' dir='ltr'>φόόον</span> 
     </span>
     <span class='ocr_line' id='line_1_56' title="bbox 165 4765 1755 4844; baseline 0.001 -24"><span class='ocrx_word' id='word_1_761' title='bbox 165 4765 300 4838; x_wconf 82' lang='grc' dir='ltr'>παράδοξον</span> <span class='ocrx_word' id='word_1_762' title='bbox 318 4769 366 4838; x_wconf 79' lang='grc' dir='ltr'>γὰρ</span> <span class='ocrx_word' id='word_1_763' title='bbox 387 4771 545 4834; x_wconf 86' lang='grc' dir='ltr'>γίνεται,δτε</span> <span class='ocrx_word' id='word_1_764' title='bbox 559 4773 610 4832; x_wconf 84' lang='grc' dir='ltr'>τοίς</span> <span class='ocrx_word' id='word_1_765' title='bbox 622 4770 708 4841; x_wconf 90' lang='grc' dir='ltr'>λόγοις</span> <span class='ocrx_word' id='word_1_766' title='bbox 724 4770 752 4824; x_wconf 84' lang='grc' dir='ltr'>οίι</span> <span class='ocrx_word' id='word_1_767' title='bbox 766 4775 889 4844; x_wconf 82' lang='grc' dir='ltr'>ουντράχει</span> <span class='ocrx_word' id='word_1_768' title='bbox 909 4775 940 4827; x_wconf 77' lang='grc' dir='ltr'>τὰ</span> <span class='ocrx_word' id='word_1_769' title='bbox 983 4772 1215 4843; x_wconf 83' lang='grc' dir='ltr'>ἀντέθηκε,σφόδρα</span> <span class='ocrx_word' id='word_1_770' title='bbox 1227 4776 1343 4841; x_wconf 76' lang='grc' dir='ltr'>τεχνικῶς</span> <span class='ocrx_word' id='word_1_771' title='bbox 1352 4777 1438 4824; x_wconf 81' lang='grc' dir='ltr'>ποιῶν.</span> <span class='ocrx_word' id='word_1_772' title='bbox 1474 4769 1568 4841; x_wconf 81' lang='grc' dir='ltr'>Τδγίερ</span> <span class='ocrx_word' id='word_1_773' title='bbox 1581 4769 1678 4840; x_wconf 86' lang='grc' dir='ltr'>μεγάλα</span> <span class='ocrx_word' id='word_1_774' title='bbox 1692 4771 1755 4836; x_wconf 83' lang='grc' dir='ltr'>πάθη</span> 
     </span>
     <span class='ocr_line' id='line_1_57' title="bbox 166 4845 1497 4922; baseline 0.005 -27"><span class='ocrx_word' id='word_1_775' title='bbox 166 4845 315 4917; x_wconf 84' lang='grc' dir='ltr'>πράγματα,</span> <span class='ocrx_word' id='word_1_776' title='bbox 334 4845 350 4912; x_wconf 80' lang='grc' dir='ltr'>ή</span> <span class='ocrx_word' id='word_1_777' title='bbox 368 4845 416 4899; x_wconf 86' lang='grc' dir='ltr'>ἀπδ</span> <span class='ocrx_word' id='word_1_778' title='bbox 433 4847 596 4916; x_wconf 87' lang='grc' dir='ltr'>συγκρίσεως·</span> <span class='ocrx_word' id='word_1_779' title='bbox 613 4849 747 4918; x_wconf 90' lang='grc' dir='ltr'>συγκρίνων</span> <span class='ocrx_word' id='word_1_780' title='bbox 771 4849 819 4919; x_wconf 83' lang='grc' dir='ltr'>γάρ</span> <span class='ocrx_word' id='word_1_781' title='bbox 835 4852 939 4904; x_wconf 85' lang='grc' dir='ltr'>δείκνυσι</span> <span class='ocrx_word' id='word_1_782' title='bbox 985 4853 1077 4922; x_wconf 79' lang='grc' dir='ltr'>μείζοσι</span> <span class='ocrx_word' id='word_1_783' title='bbox 1086 4853 1172 4906; x_wconf 76' lang='grc' dir='ltr'>πάθεσι</span> <span class='ocrx_word' id='word_1_784' title='bbox 1180 4851 1246 4904; x_wconf 87' lang='grc' dir='ltr'>λῦειν</span> <span class='ocrx_word' id='word_1_785' title='bbox 1260 4851 1384 4920; x_wconf 88' lang='grc' dir='ltr'>προσήκει.</span> <span class='ocrx_word' id='word_1_786' title='bbox 1396 4851 1497 4902; x_wconf 66' lang='lat' dir='ltr'>mcv,</span> 
     </span>
     <span class='ocr_line' id='line_1_58' title="bbox 166 4921 1758 5000; baseline 0.004 -26"><span class='ocrx_word' id='word_1_787' title='bbox 166 4921 223 4982; x_wconf 78' lang='grc' dir='ltr'>τῦυς</span> <span class='ocrx_word' id='word_1_788' title='bbox 242 4921 332 4992; x_wconf 85' lang='grc' dir='ltr'>λόγους</span> <span class='ocrx_word' id='word_1_789' title='bbox 345 4922 458 4986; x_wconf 80' lang='grc' dir='ltr'>ἐναντίως</span> <span class='ocrx_word' id='word_1_790' title='bbox 472 4924 574 4998; x_wconf 77' lang='grc' dir='ltr'>ἔχοντας</span> <span class='ocrx_word' id='word_1_791' title='bbox 588 4929 639 4988; x_wconf 78' lang='grc' dir='ltr'>τοῖς</span> <span class='ocrx_word' id='word_1_792' title='bbox 659 4929 807 4998; x_wconf 86' lang='grc' dir='ltr'>πράγμασιν.</span> <span class='ocrx_word' id='word_1_793' title='bbox 829 4931 941 4984; x_wconf 77' lang='lat' dir='ltr'>BnnsT</span> <span class='ocrx_word' id='word_1_794' title='bbox 1020 4933 1065 4996; x_wconf 77' lang='grc' dir='ltr'>αδ,</span> <span class='ocrx_word' id='word_1_795' title='bbox 1087 4949 1113 5000; x_wconf 93' lang='lat'>7.</span> <span class='ocrx_word' id='word_1_796' title='bbox 1134 4928 1209 4983; x_wconf 80' lang='grc' dir='ltr'>Οδδέν</span> <span class='ocrx_word' id='word_1_797' title='bbox 1223 4925 1266 4982; x_wconf 84' lang='grc' dir='ltr'>οῦν</span> <span class='ocrx_word' id='word_1_798' title='bbox 1283 4928 1348 4980; x_wconf 83' lang='grc' dir='ltr'>ἀλλο</span> <span class='ocrx_word' id='word_1_799' title='bbox 1363 4947 1404 4998; x_wconf 92' lang='grc' dir='ltr'>μοι</span> <span class='ocrx_word' id='word_1_800' title='bbox 1417 4929 1548 4998; x_wconf 90' lang='grc' dir='ltr'>δοκοῦσιν]</span> <span class='ocrx_word' id='word_1_801' title='bbox 1561 4929 1642 4997; x_wconf 78' lang='grc' dir='ltr'>ὥσπερ</span> <span class='ocrx_word' id='word_1_802' title='bbox 1656 4925 1758 4980; x_wconf 86' lang='grc' dir='ltr'>αένιττό-</span> 
     </span>
     <span class='ocr_line' id='line_1_59' title="bbox 166 5001 1758 5080; baseline 0.003 -27"><span class='ocrx_word' id='word_1_803' title='bbox 166 5002 226 5055; x_wconf 88' lang='lat' dir='ltr'>CV.</span> <span class='ocrx_word' id='word_1_804' title='bbox 263 5001 443 5070; x_wconf 84' lang='grc' dir='ltr'>Παθητικδντδ</span> <span class='ocrx_word' id='word_1_805' title='bbox 458 5005 585 5075; x_wconf 88' lang='grc' dir='ltr'>προοίμιον</span> <span class='ocrx_word' id='word_1_806' title='bbox 599 5005 639 5060; x_wconf 82' lang='grc' dir='ltr'>καί</span> <span class='ocrx_word' id='word_1_807' title='bbox 653 5005 740 5076; x_wconf 89' lang='grc' dir='ltr'>μεστδν</span> <span class='ocrx_word' id='word_1_808' title='bbox 755 5004 901 5077; x_wconf 74' lang='grc' dir='ltr'>ἀξιώματος·</span> <span class='ocrx_word' id='word_1_809' title='bbox 916 5007 941 5062; x_wconf 92' lang='grc' dir='ltr'>ἐν</span> <span class='ocrx_word' id='word_1_810' title='bbox 986 5029 1073 5080; x_wconf 89' lang='grc' dir='ltr'>μενος·</span> <span class='ocrx_word' id='word_1_811' title='bbox 1095 5009 1160 5064; x_wconf 79' lang='grc' dir='ltr'>ἀλλά</span> <span class='ocrx_word' id='word_1_812' title='bbox 1175 5013 1217 5062; x_wconf 92' lang='grc' dir='ltr'>νῦν</span> <span class='ocrx_word' id='word_1_813' title='bbox 1230 5008 1328 5078; x_wconf 79' lang='grc' dir='ltr'>μένοῦκ</span> <span class='ocrx_word' id='word_1_814' title='bbox 1341 5008 1394 5079; x_wconf 81' lang='grc' dir='ltr'>ἔχω</span> <span class='ocrx_word' id='word_1_815' title='bbox 1410 5007 1578 5079; x_wconf 77' lang='grc' dir='ltr'>Φιλιππισμδν</span> <span class='ocrx_word' id='word_1_816' title='bbox 1599 5007 1680 5069; x_wconf 82' lang='grc' dir='ltr'>αῦτοῖς</span> <span class='ocrx_word' id='word_1_817' title='bbox 1698 5007 1758 5061; x_wconf 85' lang='grc' dir='ltr'>δνει-</span> 
     </span>
     <span class='ocr_line' id='line_1_60' title="bbox 167 5075 1759 5159; baseline 0.004 -29"><span class='ocrx_word' id='word_1_818' title='bbox 167 5075 190 5148; x_wconf 80' lang='grc' dir='ltr'>ᾧ</span> <span class='ocrx_word' id='word_1_819' title='bbox 204 5077 253 5150; x_wconf 89' lang='grc' dir='ltr'>γάρ</span> <span class='ocrx_word' id='word_1_820' title='bbox 273 5079 407 5150; x_wconf 67' lang='grc' dir='ltr'>ἐπηρμένον</span> <span class='ocrx_word' id='word_1_821' title='bbox 422 5082 464 5136; x_wconf 87' lang='grc' dir='ltr'>τδν</span> <span class='ocrx_word' id='word_1_822' title='bbox 478 5084 557 5154; x_wconf 83' lang='grc' dir='ltr'>δῆμον</span> <span class='ocrx_word' id='word_1_823' title='bbox 573 5085 614 5138; x_wconf 81' lang='grc' dir='ltr'>καὶ</span> <span class='ocrx_word' id='word_1_824' title='bbox 632 5090 766 5154; x_wconf 74' lang='grc' dir='ltr'>φρονοῦντα</span> <span class='ocrx_word' id='word_1_825' title='bbox 784 5089 816 5158; x_wconf 82' lang='grc' dir='ltr'>τῇ</span> <span class='ocrx_word' id='word_1_826' title='bbox 835 5089 889 5159; x_wconf 83' lang='grc' dir='ltr'>νίκη</span> <span class='ocrx_word' id='word_1_827' title='bbox 903 5107 942 5139; x_wconf 85' lang='grc' dir='ltr'>συ-</span> <span class='ocrx_word' id='word_1_828' title='bbox 985 5091 1069 5150; x_wconf 74' lang='grc' dir='ltr'>δίζειν.</span> <span class='ocrx_word' id='word_1_829' title='bbox 1080 5090 1179 5142; x_wconf 73' lang='lat' dir='ltr'>mv.</span> <span class='ocrx_word' id='word_1_830' title='bbox 1192 5087 1341 5158; x_wconf 73' lang='grc' dir='ltr'>’Υπερῦατδν</span> <span class='ocrx_word' id='word_1_831' title='bbox 1351 5087 1405 5140; x_wconf 82' lang='grc' dir='ltr'>καθ’</span> <span class='ocrx_word' id='word_1_832' title='bbox 1412 5087 1545 5158; x_wconf 81' lang='grc' dir='ltr'>ῦπίρθισιν.</span> <span class='ocrx_word' id='word_1_833' title='bbox 1558 5087 1612 5140; x_wconf 82' lang='grc' dir='ltr'>ΤΡ.</span> <span class='ocrx_word' id='word_1_834' title='bbox 1622 5087 1659 5140; x_wconf 83' lang='grc' dir='ltr'>Τό</span> <span class='ocrx_word' id='word_1_835' title='bbox 1671 5087 1697 5138; x_wconf 81' lang='grc' dir='ltr'>δέ</span> <span class='ocrx_word' id='word_1_836' title='bbox 1707 5086 1759 5152; x_wconf 79' lang='grc' dir='ltr'>ἑξῆς</span> 
     </span>
     <span class='ocr_line' id='line_1_61' title="bbox 170 5155 1759 5236; baseline 0.004 -27"><span class='ocrx_word' id='word_1_837' title='bbox 170 5155 266 5209; x_wconf 81' lang='grc' dir='ltr'>στελλει</span> <span class='ocrx_word' id='word_1_838' title='bbox 282 5159 322 5210; x_wconf 82' lang='grc' dir='ltr'>καί</span> <span class='ocrx_word' id='word_1_839' title='bbox 333 5159 391 5228; x_wconf 76' lang='grc' dir='ltr'>πρὸς</span> <span class='ocrx_word' id='word_1_840' title='bbox 405 5161 480 5230; x_wconf 85' lang='grc' dir='ltr'>φόόον</span> <span class='ocrx_word' id='word_1_841' title='bbox 493 5163 650 5229; x_wconf 84' lang='grc' dir='ltr'>καθίστησιν,</span> <span class='ocrx_word' id='word_1_842' title='bbox 666 5161 706 5234; x_wconf 88' lang='grc' dir='ltr'>ἀρ’</span> <span class='ocrx_word' id='word_1_843' title='bbox 719 5163 899 5234; x_wconf 77' lang='grc' dir='ltr'>ἓτέρουπάθους</span> <span class='ocrx_word' id='word_1_844' title='bbox 910 5165 943 5228; x_wconf 87' lang='grc' dir='ltr'>είς</span> <span class='ocrx_word' id='word_1_845' title='bbox 986 5167 1062 5220; x_wconf 86' lang='grc' dir='ltr'>οῦτω·</span> <span class='ocrx_word' id='word_1_846' title='bbox 1077 5166 1145 5220; x_wconf 78' lang='grc' dir='ltr'>οῦδὲν</span> <span class='ocrx_word' id='word_1_847' title='bbox 1157 5162 1200 5220; x_wconf 83' lang='grc' dir='ltr'>οῦν</span> <span class='ocrx_word' id='word_1_848' title='bbox 1214 5167 1278 5218; x_wconf 90' lang='grc' dir='ltr'>άλλο</span> <span class='ocrx_word' id='word_1_849' title='bbox 1290 5185 1332 5236; x_wconf 88' lang='grc' dir='ltr'>μοι</span> <span class='ocrx_word' id='word_1_850' title='bbox 1343 5168 1455 5219; x_wconf 87' lang='grc' dir='ltr'>δοκοῦσιν</span> <span class='ocrx_word' id='word_1_851' title='bbox 1465 5166 1488 5218; x_wconf 88' lang='grc' dir='ltr'>οί</span> <span class='ocrx_word' id='word_1_852' title='bbox 1498 5165 1526 5218; x_wconf 85' lang='grc' dir='ltr'>τίι</span> <span class='ocrx_word' id='word_1_853' title='bbox 1536 5169 1635 5218; x_wconf 89' lang='grc' dir='ltr'>τοιαῦτα</span> <span class='ocrx_word' id='word_1_854' title='bbox 1647 5163 1759 5233; x_wconf 73' lang='grc' dir='ltr'>λέγοντες</span> 
     </span>
     <span class='ocr_line' id='line_1_62' title="bbox 1644 5259 1679 5300; baseline 0 0"><span class='ocrx_word' id='word_1_855' title='bbox 1644 5259 1679 5300; x_wconf 72' lang='lat'>³³.</span> 
     </span>
    </p>
   </div>
   <div class='ocr_carea' id='block_1_3' title="bbox 0 0 2050 6084">
    <p class='ocr_par' dir='ltr' id='par_1_3' title="bbox 0 0 2050 6084">
     <span class='ocr_line' id='line_1_63' title="bbox 0 0 2050 6084; baseline 0 0"><span class='ocrx_word' id='word_1_856' title='bbox 0 0 2050 6084; x_wconf 95' lang='lat' dir='ltr'> </span> 
     </span>
    </p>
   </div>
  </div>
 </body>
</html>
