4154 6064
824 356 1007 418 stzxitiot'
1028 358 1053 415 0
1074 357 1174 414 ΚΑΤΑ
1200 359 1484 423 ΚΤίἰΣίΦΩΝΤΟΣ.

684 559 725 618 itt

504 729 608 787 ΚΑΤΑ
630 726 922 786 ΚΤΗΣΙΦΩΝΤΟΣ.

633 911 796 958 ΥΠΟΘΕΣΙΣ.

1763 367 1931 442 (ee-ant

1512 564 1561 618 nr.

1299 736 1451 797 CONTRA
1474 737 1777 799 ctesiphonten.

1428 930 1656 974 anobstsnutiu.

327 1053 450 1111 Κτησιφῶν
464 1051 550 1112 5iiiiie
568 1050 677 1112 ψήφισμα
694 1053 843 1110 στεφανῶσαι
860 1051 1010 1109 Δημοσθένην
1026 1055 1104 1113 hepo·
1151 1066 1299 1112 Scitumieeit
1313 1069 1440 1126 ctesiphon,
1455 1075 1480 1116 nt
1495 1073 1653 1118 Demosthenes
1670 1077 1825 1122 Demosthenis
1841 1077 1856 1122 i.
1872 1083 1934 1124 l‘aea·

357 1123 449 1176 σθένους
461 1122 573 1169 ΙΙαιανιέα
582 1125 663 1183 χρυσῷ
669 1119 775 1182 στεφάνῳ
786 1121 826 1167 καὶ
837 1119 990 1182 ἀναγορεῦσαι
1003 1123 1042 1170 τόν
1052 1126 1105 1170 στέ-

356 1207 426 1254 φανον
437 1193 460 1238 έν
472 1195 505 1252 τῷ
517 1190 604 1253 θεάτρῳ
619 1190 748 1244 Διονυσίοις
766 1191 900 1252 τραγῳδῶν,
914 1191 948 1238 ότι
963 1193 1062 1242 διατελεῖ
1076 1195 1104 1242 τά

358 1262 444 1324 ἀριστα
459 1263 498 1308 καί
517 1261 642 1320 λέγωνκαὶ
656 1259 763 1322 πράττων
779 1265 813 1320 τῷ
827 1261 894 1322 δήμῳ
911 1266 957 1308 τῶν
972 1262 1104 1318 Ἀθηναίων.

356 1335 432 1380 Τοῦτο
441 1332 467 1380 τὸ
476 1331 585 1392 ψήφισμα
594 1329 710 1392 ἐγράψατο
723 1329 832 1390 Αἰσχίνης
839 1330 989 1392 παρανόμων,
1002 1334 1041 1379 καί
1056 1335 1104 1380 εἰσ-

356 1401 407 1462 άγει
437 1402 552 1463 κεφάλαια
561 1401 642 1460 γενικόι
652 1400 717 1462 τρία,
730 1401 754 1446 ἓν
764 1402 805 1461 μὲν
816 1401 851 1447 ότι
861 1401 988 1448 ὑπεύθυνον
1000 1401 1056 1450 όντα
1065 1405 1104 1451 τόν

357 1472 507 1532 Δημοσθένην
520 1469 666 1531 ἐστεφάνωσε
684 1474 725 1516 τοῦ
741 1469 814 1530 νόριον
829 1469 960 1526 κελεύοντος
976 1472 1007 1534 μή
1024 1473 1105 1527 ἐξεῖναι

357 1543 483 1590 ὑπεύθυνον
493 1541 595 1604 ἄρχοντα
607 1545 743 1599 στεφανοῦν,
753 1542 804 1601 περί
813 1541 907 1596 οὐσίας·
918 1542 1022 1602 δεύτερον
1035 1545 1057 1591 δὲ
1071 1545 1105 1592 ότι

358 1612 380 1660 ἐν
398 1617 432 1673 τῷ
447 1611 534 1672 θεάτρῳ
547 1610 669 1672 ἀνεκήρυξε
682 1613 721 1659 τόν
736 1612 847 1671 στέφανον
859 1612 1044 1673 ἀπαγορεύοντος
1060 1620 1102 1662 τοῦ

357 1683 430 1743 νόμον
448 1683 534 1744 μηδένα
549 1686 675 1740 στεφανοῦν
687 1681 710 1729 ἐν
727 1685 760 1742 τῷ
780 1681 884 1743 θεάτρῳ,
900 1684 951 1742 περὶ
966 1684 1103 1741 ποιότητος·

357 1753 433 1814 τρίτον
445 1752 484 1799 καί
494 1751 634 1810 τελευταῖον,
649 1751 685 1798 ότι
697 1751 736 1797 καί
744 1752 773 1797 τά
783 1751 855 1810 ψευδῆ
866 1753 965 1814 ἔγραψεν
979 1753 1002 1800 έν
1016 1759 1051 1815 τῷ
1063 1757 1106 1816 ψη-

357 1823 468 1884 φίσματι·
484 1821 526 1870 οὐκ
536 1821 593 1868 εἶναι
603 1821 647 1883 γάρ
659 1821 729 1868 καλόν
744 1821 784 1868 καὶ
797 1821 883 1880 ἀγαθόν
896 1823 935 1870 τόν
946 1826 1104 1884 Δημοσθένην,

358 1893 411 1941 οὐδὲ
425 1893 487 1948 ἀξιον
499 1897 540 1940 τοῦ
551 1891 673 1952 στεφάνου.
688 1891 733 1938 Καὶ
747 1895 816 1938 τοῦτο
828 1893 860 1946 εἰς
869 1891 895 1940 τό
908 1893 1041 1955 παράνομον
1052 1895 1105 1942 ἀνα·

360 1965 436 2024 κτέον,
447 1964 526 2020 ἐπειδή
534 1963 572 2009 καί
582 1963 652 2024 νόμος
662 1961 723 2010 ἐστίν
734 1962 747 2008 ό
759 1961 856 2008 κωλύων
863 1962 892 2010 τά
902 1963 974 2024 ψευδῆ
982 1964 1073 2026 γράφειν
1083 1965 1106 2012 έν

358 2039 405 2089 ταῖς
422 2032 581 2094 ψηφίσμασιν·
598 2031 646 2079 ἐστι
666 2031 691 2078 δὲ
707 2031 759 2092 περὶ
771 2030 902 2087 ποιότητος.
937 2030 1066 2094 Ὑποροράς
1082 2035 1106 2082 δὲ

359 2101 471 2165 λαμόάνει
483 2107 553 2163 τρεῖς·
564 2101 622 2164 πρὸς
630 2101 671 2162 μέν
679 2101 705 2148 εδ
715 2103 807 2160 πρῶτον
817 2103 904 2156 δισσῶς
914 2103 1017 2164 ἐροῦντος
1027 2107 1106 2165 Δημο-

358 2174 466 2232 σθένους,
481 2171 517 2220 ότι
526 2170 568 2218 ούκ
585 2185 614 2229 ην
626 2170 704 2232 ἄρχων
719 2169 771 2218 οὐδὲ
790 2169 852 2218 ἔστιν
864 2171 949 2233 ἀρχήή
964 2176 1009 2219 τῶν
1023 2179 1106 2234 τειχῶν

358 2244 471 2304 οἰκοδομή
481 2242 539 2289 ἀλλὰ
549 2241 656 2290 διακονία
669 2257 703 2296 τις
713 2242 752 2288 καὶ
765 2241 897 2302 ἐπιμέλεια,
910 2244 929 2290 εἰ
942 2243 966 2290 δέ
978 2245 1017 2290 καί
1030 2243 1106 2306 ἀρχή,

358 2319 393 2376 τῷ
401 2330 428 2374 γε
436 2312 601 2361 ἐπιδεδωκέναι
613 2311 640 2358 ἐκ
648 2315 695 2358 τῶν
703 2310 768 2358 ἰδίων
781 2313 820 2358 καί
832 2311 901 2372 μηδὲν
910 2313 1023 2372 εἰληφέναι
1034 2313 1060 2360 ἐκ
1067 2320 1106 2372 τῆς

359 2385 448 2438 πόλεως
458 2383 501 2430 οὐκ
513 2381 541 2440 ἠν
556 2381 692 2439 ὑπεύθυνος,
714 2382 765 2444 πιρί
776 2381 899 2438 ποιότητος
911 2381 1040 2444 ἀμφότερα·
1051 2385 1107 2446 πρός

359 2455 384 2502 δέ
401 2459 470 2502 τοῦτο
485 2454 498 2500 ό
514 2451 625 2512 Αἰσχίνης
646 2449 735 2508 εἰσάγει
756 2452 911 2512 στοχαστικδν
928 2451 1061 2513 κεφάλαιον,
1080 2455 1107 2503 ού

360 2527 437 2586 μέντοι
450 2520 618 2576 κατασκευάζει
630 2535 635 2545 ·
648 2521 701 2568 εἰδὲ
712 2521 743 2581 μή
754 2521 808 2583 παρ’
820 2523 903 2568 ἑαυτοῦ
920 2521 1043 2578 ἐπέδωκεν,
1054 2524 1107 2572 ἀλλ’

360 2595 409 2656 εἶχε
421 2594 483 2654 παρὰ
492 2597 532 2649 τῆς
543 2592 625 2653 βουλῆς
633 2592 739 2644 εἰςτοῦτο
756 2590 933 2645 δέκατάλαντας
951 2593 1001 2653 περί
1016 2593 1106 2650 ούσίας.

362 2667 422 2725 Ιίρός
436 2664 461 2711 δὲ
473 2665 500 2711 τό
519 2662 624 2723 δεύτερον
635 2659 759 2715 κεφάλαιον
772 2661 933 2722 παρεχομένου
948 2663 1108 2722 Δημοσθένους

361 2733 432 2794 νόμον
454 2733 539 2792 ἕτερον,
555 2730 680 2778 κελεύοντα
699 2727 865 2791 ἀνακηρύττειν
885 2730 908 2778 ἐν
925 2735 959 2790 τῷ
975 2731 1063 2794 θεάτρῳ
1079 2735 1108 2782 ἀν

360 2803 490 2865 ψηφίσηται
503 2803 516 2848 ό
529 2803 600 2862 δῆμος
608 2834 615 2859 ,
624 2798 733 2860 Αἰσχίνης
743 2799 770 2846 αθ
781 2801 833 2862 περί
846 2805 891 2848 τῶν
903 2801 1029 2850 πολιτικῶν
1039 2805 1108 2854 αὐτόν

361 2873 419 2922 εἶναι
432 2887 501 2932 φησιν
513 2871 571 2918 ἀλλὰ
585 2870 636 2932 περὶ
646 2874 693 2916 τῶν
706 2869 800 2922 ξενικῶν
815 2869 941 2928 στεφάνων,
955 2873 1006 2934 περι
1018 2873 1107 2930 ούσίας.

361 2945 424 3005 Πρός
435 2943 460 2991 δέ
471 2943 499 2990 τό
508 2941 584 3004 τρίτον
595 2939 669 2987 πολλά
681 2939 741 2986 κατὰ
754 2941 830 3002 μέρος.
848 2940 929 2988 Οίεται
939 2941 963 2988 δὲ
974 2943 1014 2990 τόν
1028 2947 1108 3006 Δημο-

359 3015 442 3070 σθένην
453 3014 485 3068 εἰς
493 3012 608 3074 τέσσαρας
617 3009 710 3072 καιρούς
723 3009 857 3071 διῃρηκέναι
869 3011 911 3066 τήν
925 3010 1063 3072 ἀπολογίαν,
1079 3016 1109 3064 τὰ

360 3081 488 3146 πράγματα
496 3082 548 3128 καθ’
561 3082 650 3128 ἕκαστα
660 3080 693 3134 εἰς
704 3077 799 3133 τούτους
812 3077 945 3141 μερίσαντα.
959 3082 1055 3142 Πρῶτον
1068 3085 1108 3145 μέν

362 3153 403 3202 σύν
415 3169 484 3215 φησιν
498 3151 557 3199 εἶναι
576 3151 656 3211 καιρόν
670 3153 712 3196 τοῦ
724 3149 828 3210 πολέμου
839 3153 880 3196 τοῦ
895 3149 988 3211 πρώτου
998 3155 1039 3198 τοῦ
1053 3155 1109 3215 πρὸς

361 3223 482 3273 Φίλιππον
491 3223 543 3283 περί
552 3219 708 3282 Ἀμφιπόλεως
718 3220 858 3281 γενομένου,
869 3219 973 3283 δεύτερον
985 3221 1010 3270 δέ
1021 3223 1060 3271 τόν
1070 3229 1109 3282 τῆς

361 3295 451 3357 εἰρήνης
458 3329 464 3353 ,
472 3292 622 3356 τρίτονδέτόν
629 3295 670 3338 τοῦ
678 3291 782 3349 πολέμου
793 3295 834 3338 τοῦ
846 3291 953 3352 δευτέρου
964 3295 1004 3340 καὶ
1013 3299 1053 3350 τῆς
1061 3297 1109 3356 περί

361 3365 506 3426 Χαιρώνειαν
513 3362 597 3420 ήττης,
609 3361 715 3421 τέταρτον
726 3360 750 3407 δέ
757 3359 796 3407 τόν
805 3360 908 3422 παρόντα
916 3362 997 3422 καιρόν
1008 3363 1047 3412 τὸν
1059 3366 1124 3426 περὶ,

361 3441 408 3484 τῶν
415 3432 617 3494 πρόςἎλεξανδρον
623 3429 846 3490 πολιτευμάτων.Ἐν
852 3431 892 3492 μέν
898 3429 976 3494 σύντῷ
983 3433 1068 3496 πρώτῳ
1074 3435 1110 3482 αἰ·

360 3521 410 3554 τιον
419 3503 489 3552 αὐτόν
501 3519 556 3564 φησι
569 3501 685 3563 γεγονέναι
698 3505 737 3558 τῆς
751 3499 857 3562 εἰρήνης,
867 3501 965 3562 αἰσχράς
984 3503 1056 3559 ούσης
1068 3505 1108 3552 καὶ

362 3575 459 3635 ἀδόξου,
471 3574 511 3622 καί
520 3577 561 3620 τοι
568 3574 600 3633 μή
612 3573 672 3633 μετὰ
679 3573 759 3618 κοινοῦ
764 3575 809 3617 τῶν
818 3569 934 3628 Ἑλλήνων
940 3571 1059 3634 συνεδρίου
1068 3575 1110 3630 τήν

361 3647 428 3694 πόλιν
437 3645 509 3701 αύτήν
518 3643 671 3700 πεποιῆσθαι·
683 3642 706 3690 ἐν
718 3641 742 3688 δέ
749 3645 783 3702 τῷ
790 3639 888 3702 δευτέρῳ
897 3675 904 3698 ,
917 3641 952 3688 ότι
961 3643 1001 3689 τὸν
1010 3642 1111 3704 πόλεμον

361 3717 402 3764 τόν
416 3717 472 3778 πρός
485 3715 603 3764 Φίλιππον
619 3713 687 3768 αύτός
699 3711 888 3774 παρεσκεύασεν·
907 3711 931 3758 έν
942 3711 967 3760 δὲ
978 3717 1012 3774 τῷ
1026 3715 1110 3776 τρίτῳ,

362 3786 398 3834 ότι
412 3791 454 3834 τοῦ
470 3787 532 3847 ἰεροῡ
548 3784 652 3844 πολέμου
671 3783 710 3830 καί
726 3786 774 3829 τῶν
790 3781 841 3843 περὶ
857 3782 956 3837 Φωκέας
972 3783 1111 3844 συμόάντων

362 3857 435 3911 αἰτιος
451 3857 556 3916 ἐγένετο,
573 3853 669 3910 καὶτῆς
685 3853 755 3908 ήττης
771 3856 811 3907 τῆς
825 3852 849 3898 ἐν
867 3851 1012 3914 Χαιρωνείᾳ,
1029 3853 1111 3910 πείσας

363 3927 421 3989 μετὰ
431 3925 542 3983 Θηθαίων
553 3923 679 3986 ἀραμένους
687 3923 727 3970 τόν
736 3920 836 3982 πόλεμον
847 3921 904 3984 πρὸς
913 3920 1030 3970 Φίλιππον
1039 3941 1111 3986 παρα-

361 3997 486 4053 τάξασθαι·
497 3997 521 4044 ἐν
535 3996 559 4044 δέ
570 3999 605 4055 τῷ
617 3992 755 4052 τελευταίῳ,
773 3991 807 4039 ότι
819 3993 880 4039 κατὰ
892 3992 931 4040 τόν
947 3993 1002 4054 πρός
1012 3994 1111 4050 Ἀλέξαν-

363 4070 415 4131 δρον
430 4067 474 4115 ούκ
485 4065 659 4115 ἐπολιτεύσατο.
676 4063 742 4111 Μετὰ
754 4066 829 4110 ταῦτα
844 4063 884 4110 καί
898 4067 940 4110 τού
958 4063 1010 4125 βίον
1028 4067 1111 4120 παντός

363 4143 405 4187 τοῦ
422 4137 583 4199 Δημοσθένους
599 4133 788 4195 κατηγορεῖ,καί
805 4133 833 4190 δή
849 4134 890 4180 καί
909 4135 1072 4196 Κτησιφῶντος
1088 4135 1112 4183 έν

363 4209 463 4270 ὀλίγοις,
477 4207 501 4256 ἐν
520 4207 555 4261 οἰς
569 4206 630 4261 ἀξιοῖ
645 4205 715 4253 αὐτόν
730 4203 789 4264 ἰαιίρ
802 4203 885 4252 terrm
901 4204 941 4252 τόν
957 4205 1112 4265 Κτησιφῶντα

363 4279 538 4340 ἀπολογεῖσθαι.
553 4278 589 4326 Τά
600 4277 642 4337 μέν
651 4275 691 4324 ούν
703 4274 818 4337 ιιιφύλαια
828 4274 893 4322 ταῦτ’
905 4273 978 4322 ἐστίν.
990 4275 1071 4324 ’Erine
1087 4277 1112 4325 δέ

362 4351 402 4398 τόν
414 4350 495 4410 ἀγῶνα
507 4348 663 4407 Δημοσθένης.

1179 1141 1260 1185 niensis
1276 1153 1360 1187 corona
1368 1156 1435 1189 aurea
1443 1147 1578 1198 donaretur,¹
1585 1159 1654 1203 eaque
1663 1148 1755 1194 donatio
1766 1151 1790 1194 in
1798 1152 1888 1197 theatro
1896 1167 1934 1209 pa·

1179 1216 1221 1260 tans
1234 1215 1297 1262 lieret
1305 1217 1384 1264 diebus
1393 1220 1562 1264 Bacchanalium
1578 1223 1695 1278 tragmdis,
1705 1229 1823 1280 propterea
1833 1227 1895 1280 quod
1910 1240 1934 1272 ea

1178 1303 1228 1346 quae
1239 1305 1251 1336 e
1261 1304 1285 1336 re
1295 1297 1366 1338 essem
1376 1295 1452 1350 populi
1466 1295 1608 1339 Atheniensis
1616 1299 1639 1342 et
1648 1297 1722 1342 dicere
1731 1303 1753 1342 et
1766 1297 1841 1344 iacere
1847 1311 1935 1358 semper

1179 1367 1308 1421 perstiterit.
1336 1368 1420 1412 scitum
1432 1369 1487 1412 iliud
1501 1371 1618 1414 'AEsehines
1625 1377 1651 1416 ut
1660 1375 1740 1416 eontra
1750 1373 1809 1428 leges
1817 1373 1901 1420 laetum
1911 1379 1934 1422 in

1177 1434 1287 1486 iudicium
1298 1437 1392 1492 vocarit,
1405 1440 1428 1481 et
1438 1438 1478 1481 tria
1492 1440 1639 1484 accusationis
1653 1441 1724 1495 ceptis
1736 1453 1823 1486 suruma
1838 1443 1933 1500 proteri,

1179 1517 1258 1560 unum,
1275 1509 1334 1563 ηιιοιί
1350 1511 1522 1555 Demosthenem
1540 1513 1663 1557 rationibus
1681 1514 1783 1558 nondum
1803 1517 1877 1561 relatis
1895 1530 1934 1562 eo·

1180 1585 1234 1618 rnna
1245 1575 1376 1620 donandum
1387 1577 1527 1633 decreuerit,
1546 1591 1616 1635 ηιιιιιιτ
1632 1581 1680 1634 iege
1690 1588 1781 1626 cautnm
1795 1585 1823 1628 sit
1841 1597 1871 1629 ne
1885 1589 1935 1640 ouis

1180 1643 1320 1696 magistratus
1334 1655 1418 1690 cororin
1434 1646 1558 1691 donaretur
1571 1650 1699 1704 priusquam
1709 1651 1806 1694 rationes
1816 1654 1936 1708 retulisset,

1178 1715 1202 1754 et
1211 1710 1254 1754 hee
1263 1715 1330 1767 eaput
1341 1712 1369 1755 nd
1378 1715 1495 1757 essentiam
1508 1726 1579 1758 σαντα
1593 1717 1704 1771 pertinet:
1714 1718 1818 1771 aiterum,
1826 1722 1886 1775 quod
1897 1733 1935 1766 eo·

1179 1792 1241 1824 route
1255 1783 1391 1836 preconium
1406 1784 1429 1826 in
1442 1784 1529 1827 theatro
1545 1782 1593 1829 heri
1613 1787 1799 1843 jusserihouum
1823 1791 1856 1834 lex
1875 1796 1936 1836 retet

1178 1861 1311 1906 quemquam
1326 1850 1349 1893 in
1360 1851 1447 1895 theatro
1457 1853 1567 1906 coronari,
1577 1858 1599 1897 et
1610 1855 1654 1898 troc
1665 1855 1693 1898 ed
1705 1857 1832 1912 ιμιαοιιοιιισ
1841 1861 1934 1914 qualita-

1179 1924 1225 1965 tern
1243 1925 1328 1976 spectat
1338 1936 1344 1962 ι
1355 1921 1445 1966 tertium
1464 1925 1486 1967 et
1506 1927 1651 1976 postremum,
1661 1927 1720 1981 quod
1740 1925 1792 1971 laisa
1807 1929 1831 1972 in
1842 1931 1936 1974 decreto

1178 1990 1303 2044 seripserlt;
1314 1991 1432 2056 nonenim
1442 2003 1488 2035 esse
1496 1992 1582 2036 honuni
1591 1994 1663 2038 sirum
1674 1997 1852 2048 Demosthenem,
1862 2010 1936 2055 neqrse

1179 2067 1264 2102 corona
1273 2057 1375 2112 dignum.
1404 2061 1452 2104 ltoc
1461 2071 1550 2116 queque
1559 2061 1629 2106 estad
1643 2064 1728 2108 crimen
1736 2065 1764 2108 de
1772 2065 1870 2110 deeretis
1879 2079 1935 2112 eou-

1179 2131 1215 2171 tru
1225 2128 1283 2182 leges
1291 2127 1353 2171 luetis
1362 2125 1517 2178 reiciendum,
1527 2143 1596 2186 quum
1609 2135 1679 2176 exstet
1696 2133 1729 2176 lei
1744 2145 1793 2189 orsae
1812 2133 1866 2179 laisa
1882 2139 1935 2182 scri-

1179 2195 1233 2240 bere
1247 2196 1365 2251 prohibeat
1380 2197 1403 2238 in
1419 2195 1515 2240 decretis
1530 2211 1536 2238 ι
1554 2201 1652 2254 pertinet
1665 2205 1738 2244 sutem
1752 2201 1780 2246 ad
1796 2204 1934 2258 qualitatem.

1180 2265 1306 2309 herennii
1322 2275 1375 2308 tero
1389 2268 1434 2308 tres
1447 2266 1586 2318 objectiones
1596 2269 1715 2324 anticipat;
1727 2281 1779 2313 narn
1795 2273 1823 2314 ad
1835 2275 1935 2328 primurn

1179 2337 1246 2388 ceput
1255 2333 1357 2377 bilarinnr
1367 2333 1510 2389 respondebit
1520 2337 1687 2390 timosthenes,
1695 2349 1719 2382 se
1728 2349 1775 2382 uon
1783 2337 1850 2384 luisse
1858 2343 1883 2386 in
1891 2355 1937 2387 nta-

1180 2405 1284 2458 gislrntu,
1299 2415 1342 2448 nec
1360 2415 1478 2447 murorum
1488 2404 1634 2450 reiectionem
1650 2417 1697 2450 esse
1711 2409 1878 2464 mgistratum,
1896 2415 1935 2458 sed

1181 2473 1330 2518 ministerium
1343 2473 1456 2529 quoddam
1470 2480 1492 2520 et
1508 2477 1662 2526 curationem:
1673 2483 1697 2522 ct
1712 2483 1738 2522 ιιι
1746 2480 1888 2534 magistratus
1899 2487 1936 2536 sit,

1181 2544 1255 2584 tamen
1273 2552 1342 2595 epium
1353 2541 1380 2584 de
1389 2553 1429 2584 suo
1440 2542 1468 2584 sit
1480 2541 1572 2596 largitus
1581 2546 1604 2586 et
1619 2553 1632 2586 e
1644 2544 1734 2598 publico
1745 2545 1799 2589 nillil
1815 2551 1936 2604 εωσρετιι,

1180 2620 1226 2652 nnn
1246 2609 1288 2651 sibl
1312 2607 1440 2652 reiciendas
1453 2619 1501 2652 esse
1517 2611 1614 2654 rationes
1628 2625 1635 2653 s
1649 2614 1768 2668 utrumqne
1785 2615 1884 2668 pertinet
1907 2619 1936 2662 ad

1180 2679 1317 2734 qualitatem.
1344 2681 1428 2722 tbntra
1437 2677 1482 2723 hoe
1498 2684 1573 2724 autem
1583 2681 1695 2726 eschines
1704 2685 1856 2737 coniecturale
1869 2693 1938 2744 eaput

1180 2747 1283 2802 opponit,
1301 2747 1401 2801 quamvis
1412 2746 1434 2790 id
1451 2759 1495 2792 non
1510 2747 1629 2793 confirmet
1642 2751 1677 2793 ssi
1692 2751 1775 2796 nonde
1789 2764 1830 2798 suo
1844 2754 1937 2810 largitus

1181 2821 1222 2870 est,
1232 2817 1270 2860 sed
1285 2815 1363 2860 decem
1374 2818 1455 2861 talenta
1465 2818 1493 2861 ad
1504 2819 1578 2874 operis
1591 2823 1705 2874 sumptum
1722 2827 1823 2869 asenatu
1832 2827 1919 2882 aceepit
1930 2844 1936 2868 τ

1181 2893 1270 2948 respicit
1280 2893 1323 2936 hoo
1335 2893 1450 2936 essentiam
1466 2894 1600 2949 questionis.
1630 2893 1740 2939 Aduersus
1753 2895 1849 2939 nltenrm
1870 2903 1938 2954 οεριιι

1181 2975 1251 3018 quirin
1267 2963 1424 3007 Demosthenes
1440 2963 1503 3006 aliam
1522 2962 1623 3018 proterat
1639 2965 1710 3019 legem
1726 2975 1776 3019 que
1788 2976 1899 3011 eoronam
1913 2969 1938 3010 in

1183 3033 1271 3078 theatro
1283 3031 1424 3088 promulgare
1433 3033 1518 3085 jubeat,
1528 3033 1546 3075 si
1554 3033 1645 3085 jusserit
1658 3034 1759 3089 populus,
1765 3045 1814 3078 mm
1824 3035 1939 3080 &chine-s

1181 3115 1229 3148 non
1238 3101 1266 3146 ad
1279 3103 1366 3155 civicas,
1378 3101 1415 3145 sed
1425 3102 1452 3145 ad
1462 3101 1579 3158 hospitales
1588 3113 1683 3146 coronas
1690 3107 1791 3158 spectare
1800 3105 1936 3148 oontendits

1182 3169 1281 3215 retertur
1290 3170 1317 3214 ad
1327 3171 1451 3214 essentiam.
1480 3169 1513 3214 Ad
1523 3171 1615 3214 tertium
1630 3171 1700 3214 multa
1708 3172 1835 3226 singulatim
1846 3175 1939 3227 regerit.

1183 3240 1297 3284 Existimat
1306 3242 1381 3283 eutem
1389 3238 1560 3284 Demosthenem
1567 3239 1591 3281 in
1601 3241 1708 3294 quattuor
1717 3243 1819 3295 tempora
1825 3239 1934 3286 defensio

1182 3320 1235 3353 nem
1244 3319 1307 3352 suam
1317 3308 1424 3363 partitum
1431 3319 1486 3360 esse,
1493 3307 1634 3362 singulasque
1641 3309 1794 3352 acdonessues
1800 3309 1823 3352 in
1831 3310 1937 3355 eadistri·

1182 3376 1262 3422 buisse.
1291 3377 1393 3420 Primum
1408 3386 1478 3432 porro
1492 3379 1580 3430 tempus
1594 3375 1617 3419 id
1630 3377 1662 3420 ail
1675 3387 1722 3420 esse
1736 3389 1781 3432 quo
1794 3377 1878 3422 bellum
1892 3379 1936 3435 pri·

1183 3455 1245 3488 rtrum
1260 3455 1312 3488 cum
1331 3444 1434 3500 Phiiippo
1452 3443 1481 3488 de
1499 3443 1627 3499 Amphipoli
1645 3444 1939 3500 guentoniensem

1184 3513 1320 3569 tsetnpscis.
1331 3513 1421 3556 tertium
1430 3511 1521 3556 secundi
1532 3512 1583 3556 beili
1590 3515 1613 3556 ei
1624 3511 1692 3556 cladis
1701 3513 1862 3566 iliraeroueusis,
1872 3525 1938 3570 quer·-

1183 3585 1230 3627 tnm
1238 3581 1334 3636 deniqne
1343 3585 1430 3636 tempus
1438 3591 1543 3636 presens,
1553 3591 1630 3624 earum
1639 3579 1723 3624 scilieet
1734 3592 1811 3625 rerum
1825 3583 1939 3638 quaeipsis

1183 3663 1235 3696 curn
1252 3651 1378 3694 Alexandro
1397 3649 1546 3695 intercedant.
1576 3651 1654 3694 Primo
1670 3651 1739 3705 igitur
1753 3655 1856 3708 ternpore
1879 3655 1941 3708 paeis

1184 3733 1236 3766 eum
1246 3721 1312 3766 tuisse
1321 3725 1437 3765 erectorem
1445 3721 1513 3774 dicit,
1525 3721 1596 3777 turpis
1605 3725 1628 3765 et
1638 3719 1739 3774 infamis,
1749 3726 1816 3776 atrius
1823 3722 1938 3768 υιιειιιιεαι

1183 3792 1302 3846 quominus
1311 3802 1359 3835 eam
1370 3802 1415 3835 una
1425 3803 1477 3835 curn
1487 3791 1601 3834 communi
1612 3793 1742 3835 Greeonrm
1752 3802 1856 3836 consessu
1867 3795 1939 3836 sauri

1183 3865 1217 3904 ret
1227 3860 1321 3904 ciritass
1336 3857 1448 3910 secundo,
1463 3859 1547 3903 bellum
1567 3859 1716 3915 Philippieum
1726 3859 1754 3903 ab
1767 3871 1795 3904 ee
1805 3871 1852 3904 eme
1861 3863 1940 3906 conci·

1183 3935 1268 3979 ιιιιιιαις
1280 3929 1358 3982 ιειιισ,
1368 3929 1423 3972 τοττι
1435 3929 1486 3972 belli
1496 3933 1520 3974 et
1529 3939 1591 3973 casus
1600 3929 1748 3973 Phocensium
1758 3941 1847 3974 causam
1858 3927 1940 3983 luisse,

1183 3999 1237 4054 quin
1251 4002 1274 4044 el
1291 3997 1359 4043 eladis
1369 3997 1537 4050 elloronensis,
1552 4009 1622 4052 quum
1637 3997 1778 4052 persuasisset
1792 3998 1894 4052 civibus,
1914 4005 1941 4044 ut

1183 4071 1285 4123 suseepto
1300 4069 1380 4111 eontra
1394 4066 1520 4121 Philippum
1536 4065 1606 4118 bello,
1616 4077 1669 4110 eum
1682 4065 1791 4110 'thebanis
1806 4067 1867 4112 socia
1876 4079 1941 4112 anus

1181 4136 1639 4194 iungerentspostrerno,rpuodhiexandri
1648 4141 1748 4192 tempore
1755 4137 1940 4192 rempdesernit.

1184 4213 1223 4255 ilis
1234 4209 1339 4252 absolutis
1350 4209 1420 4250 totam
1431 4207 1585 4251 Demosthenis
1599 4207 1667 4250 sitam
1676 4207 1814 4259 criminatur,
1825 4206 1848 4250 in
1862 4209 1942 4263 paucis

1191 4281 1258 4326 etism
1271 4277 1428 4333 Ctesiphontis,
1438 4277 1476 4321 ubi
1490 4276 1586 4331 postulat
1595 4280 1621 4320 nt
1630 4288 1672 4332 pro
1681 4287 1704 4320 se
1713 4276 1759 4332 ipsc
1768 4287 1858 4320 canum
1869 4277 1938 4321 dieat·

1183 4353 1210 4394 tit
1220 4348 1292 4404 eapite
1303 4345 1393 4402 qrridem
1404 4345 1451 4389 lieno
1460 4349 1513 4390 σιιιιι
1520 4362 1526 4388 z
1531 4344 1617 4399 indicio
1625 4349 1700 4389 brnen
1709 4345 1763 4388 νισιι
1771 4345 1940 4390 Demosthenes.

335 4417 468 4481 Μέμφονται
488 4417 565 4479 μέντοι
578 4417 636 4472 τινές
651 4415 691 4464 τὸν
710 4414 822 4476 Αἰσχίνην
841 4415 876 4461 ότι
890 4413 933 4461 οὐκ
945 4415 1079 4478 ἐνδιέτριψεν
1089 4417 1112 4465 έν
1157 4419 1283 4462 AEscbinern
1292 4415 1381 4471 nitidem
1395 4413 1489 4470 culpant
1504 4413 1617 4464 nonnulli,
1634 4413 1694 4467 ηιισι
1713 4412 1803 4456 eritnini
1816 4413 1845 4457 de
1862 4411 1942 4458 decre·

368 4493 398 4552 ιῷ
407 4486 550 4550 παρανόμῳ,
561 4486 619 4534 ἀλλὰ
627 4487 667 4534 καί
676 4491 716 4544 τῆς
725 4483 842 4540 πολιτείας
853 4489 978 4546 κατηγορεῖ
985 4489 1026 4533 τοῦ
1035 4489 1113 4548 Δημο·

365 4560 458 4614 σθένους
466 4593 472 4618 ,
480 4559 557 4612 καλῶς
568 4555 763 4618 πεπολιτευμένου
774 4559 815 4603 τοῦ
826 4553 913 4614 ἀνδρός.
932 4554 1005 4610 hired<
1015 4555 1038 4603 δὲ
1046 4557 1112 4604 τούν-

364 4629 441 4678 αντίον
454 4627 530 4689 τούτῳ
547 4626 648 4689 μάλιστα
662 4625 817 4688 ἰσχυρίζεται,
832 4624 906 4683 λέγων
920 4624 1008 4684 οὕτως,
1028 4642 1040 4666 s
1062 4625 1111 4674 ἐστι

363 4699 514 4749 δ’ύπόλοιπον
524 4699 590 4762 μέρος
595 4703 635 4756 τῆς
643 4695 782 4760 κατηγορίας
792 4695 825 4755 ἐφ’
836 4693 856 4756 ᾧ
865 4695 967 4756 μάλιστα
974 4695 1111 4752 σπουδάζω·

364 4773 433 4817 τοῦτο
444 4768 464 4816 δ’
473 4769 535 4816 ἐστὶν
545 4769 560 4824 ἡ
570 4765 682 4829 πρόφασις
690 4765 719 4813 δι’
730 4765 758 4822 ἣν
765 4763 835 4813 αύτδν
844 4763 1087 4824 άξιοῖστεφανοῦσθαι.
1100 4783 1111 4808 s

366 4839 463 4894 Μήποτε
479 4839 505 4887 δέ
516 4837 600 4900 desere
614 4841 686 4884 τοῦτο
702 4835 809 4897 ἔπραξεν·
829 4834 908 4892 ἐπειδή
921 4833 965 4896 γάρ
980 4833 1029 4896 εἶχε
1045 4833 1112 4890 δόξαν

365 4907 465 4968 μεγάλην
478 4908 542 4969 παρὰ
557 4911 616 4955 πᾶσι
630 4907 670 4954 καί
688 4905 830 4968 θπόληψινό
847 4904 996 4966 Δημοσθένης
1008 4906 1039 4958 ὡς
1055 4903 1112 4965 λαμ-

365 4977 470 5038 πρότατα
486 4977 692 5036 πεπολιτευμένος,
702 4973 797 5028 εἰκότως
807 4974 871 5035 ᾠήθη
880 4973 982 5036 ψυχροὺς
992 4973 1031 5021 καὶ
1046 4973 1112 5021 obde·

365 5047 404 5100 νὸς
414 5043 490 5100 ἀξίους
507 5045 649 5106 φανήσεσθαι
664 5043 718 5099 τοίς
732 5045 783 5106 περὶ
799 5047 845 5091 τῶν
858 5043 999 5104 παρανόμων
1015 5041 1111 5103 λόγους,

366 5115 386 5162 εἰ
392 5116 424 5176 μή
432 5114 508 5174 δόξαν,
521 5115 599 5170 αὐτοῖς
608 5115 735 5176 ἰμτιοιήσει
745 5115 786 5171 τήν
799 5113 912 5173 ἐναντίαν,
920 5115 951 5167 ῶς
961 5111 1005 5174 ἄρα
1016 5113 1028 5159 δ
1038 5115 1114 5173 Δημο·

1184 4487 1212 4531 ιιι
1221 4485 1305 4540 iegibus
1314 4483 1411 4526 adversis
1425 4493 1470 4525 non
1490 4480 1559 4525 luerit
1575 4481 1714 4534 immoratus,
1722 4480 1760 4524 sed
1770 4485 1793 4524 et
1802 4484 1852 4524 acta
1860 4470 1942 4525 Demo·

1183 4555 1266 4601 sthenis
1284 4554 1481 4608 exagitarit,nurun
1490 4549 1882 4607 isrempprieciareadrnintstrasset.
1897 4553 1942 4598 iiie

1184 4629 1262 4670 contra
1272 4625 1314 4668 hac
1327 4623 1350 4666 in
1365 4633 1469 4677 requam
1485 4621 1581 4665 maxime
1601 4621 1687 4665 nititur.
1703 4621 1810 4674 Srtpeeesi
1825 4619 1891 4673 mili,
1904 4622 1942 4666 in-

1183 4695 1245 4752 quit,
1260 4707 1314 4750 pnrs
1322 4693 1486 4745 aestuationis,
1501 4692 1588 4748 inquo
1601 4691 1733 4746 plurimum
1748 4689 1823 4734 studii
1834 4691 1942 4734 οοιιοσσ.Ι

1183 4779 1211 4810 eo
1225 4778 1278 4808 vero
1291 4769 1324 4808 est
1340 4775 1425 4816 causa,
1438 4774 1481 4806 eur
1496 4761 1566 4805 iilum
1585 4759 1691 4818 Ctesipho
1704 4771 1788 4803 σοτοιια
1802 4759 1943 4804 domitum

1183 4835 1305 4878 eensrrrrit.
1333 4833 1430 4878 Videant
1441 4837 1516 4878 autem
1530 4832 1565 4876 isti
1575 4843 1603 4875 on
1617 4842 1663 4875 non
1674 4829 1794 4875 messene
1804 4831 1833 4874 sit
1847 4827 1941 4874 iaetmu.

1184 4907 1257 4956 Quum
1267 4903 1327 4946 enirn
1337 4912 1415 4955 magns
1423 4901 1481 4955 apud
1491 4911 1569 4944 omnes
1578 4902 1636 4944 esset
1651 4897 1806 4943 Demosthenis
1818 4898 1945 4942 ενσιοιιιαι

1183 4976 1250 5028 atque
1263 4971 1407 5022 existimatio,
1423 4973 1448 5015 ut
1463 4969 1501 5026 qul
1516 4969 1693 5027 splendidissime
1707 4979 1777 5024 remp.
1787 4967 1945 5012 administras

1184 5046 1225 5094 set,
1236 5053 1282 5086 non
1293 5041 1375 5094 injirrie
1385 5041 1471 5096 ραισνιι
1479 5039 1653 5096 disputationem
1664 5038 1692 5083 de
1703 5037 1801 5083 decretis
1810 5036 1893 5082 illicitis
1904 5035 1946 5082 iri·

1185 5109 1258 5166 sideru
1266 5107 1314 5154 lore
1326 5111 1349 5154 et
1358 5108 1456 5158 inanem,
1469 5107 1510 5151 nisi
1523 5108 1659 5153 eontrarium
1665 5107 1796 5162 opinionem
1802 5105 1948 5151 auditoribus
