4114 6088
791 381 1087 442 ΠΡΟΛΕΓΟΜΕΝΑ.
1681 388 1735 440 521

136 513 257 584 σσμῦήναι
271 511 313 566 τὀν
327 510 450 582 πόλεμον,
462 512 500 563 δτι
512 529 537 564 τε
551 509 640 572 οἰκεῖος
650 509 733 570 αύτοῖς
741 509 805 574 ἐστίν
821 509 913 580 δμολο·
960 514 1008 561 τῶν
1024 508 1123 561 ἐννοῶν
1144 507 1325 577 διαδεχομένων
1348 505 1474 572 ἀλλήλας,
1490 497 1671 578 προοιμιάζεται
1688 507 1740 560 λοι-

135 597 246 662 γοῦντες.
282 591 386 643 Βεῦαιοῖ
394 589 420 642 δὲ
431 589 472 642 καί
482 589 523 642 διίι
536 593 578 655 τῆς
588 590 697 658 δευτέρας
711 587 803 650 ἐννοίας
814 587 857 654 τήν
871 587 913 639 αύ-
959 587 1069 658 πδνπερί
1082 591 1125 640 τοῦ
1139 589 1241 639 δυνατοῦ
1259 586 1333 638 πάλιν
1347 589 1389 652 τῆς
1410 585 1520 650 πόλεως,
1537 608 1547 635 ιι
1566 587 1595 638 τδ
1609 585 1651 655 μέν
1666 584 1740 638 ἐπιτι·

135 669 180 735 τὴν
196 669 275 720 λύσιν.
315 668 361 720 1έαί
384 667 432 739 γάρ
451 667 580 722 Εύύοεῦσιν
599 667 642 719 ούκ
656 666 753 728 οἰκείοις
770 661 838 718 ούσιν
859 664 914 717 ούδέ
962 669 1039 736 ιμᾷν
1059 663 1116 726 ῖσως
1135 667 1209 736 φήσαι
1223 684 1259 726 τις
1276 666 1305 716 ἀν
1320 665 1402 734 ῥᾴδιον
1418 685 1428 714 ιι
1451 663 1531 734 ἀρχήν
1554 667 1597 716 τοῦ
1610 665 1738 733 προοιμίου

134 748 274 818 συμμάχοις
290 745 476 815 βεδοηθήκασιν.
495 769 506 794 ι
528 745 557 798 Εἰ
575 745 622 817 γὰρ
637 745 673 797 θθ’
687 745 778 815 ἥκομεν
797 745 914 797 Εύῦοεῦσι
959 747 1131 815 ποιησάμενος.
1170 745 1205 796 To
1219 743 1245 797 δέ
1261 744 1362 795 δυνατδν
1383 745 1487 815 τέτμηκε
1501 744 1577 813 δίχα,
1594 740 1628 802 εἰς
1646 760 1671 793 τε
1681 741 1737 793 ’τδν

138 849 149 874 ι
166 825 341 894 βεύοηθηκότες
357 829 399 896 (μ.
419 841 461 888 ιι,
481 829 536 890 ιο).
553 846 563 872 ν
578 823 628 875 Κάν
643 823 736 884 τούτοις
752 821 780 874 τύ
796 823 838 892 μὲν
852 840 913 892 συμ-
959 825 1049 893 τρόπον
1061 826 1104 888 τῆς
1112 825 1263 892 παρασκευῆς
1274 821 1315 874 καί
1327 820 1359 882 εἰς
1372 821 1415 874 τόν
1429 827 1478 874 τῶν
1490 821 1632 891 ,χρημάτων
1651 821 1735 888 πόρον.

134 905 206 972 φέρον
222 903 522 972 προηγεῖται-μέμφεται
540 901 587 972 γάρ
603 900 684 962 αύτοῖς
698 900 849 971 ῥᾳθυμήσασι
872 901 912 953 καί
959 897 1035 962 Οῦτος
1047 901 1073 953 δέ
1085 896 1115 966 ήν
1130 899 1195 970 αὐτῷ
1206 899 1314 968 χαλεπός
1326 899 1418 968 λόγος,
1430 899 1471 951 καί
1480 899 1520 950 διὰ
1531 903 1604 952 τοῦτο
1616 901 1738 971 προοιμίῳ

134 980 281 1032 καθάπτεται
301 976 581 1048 ήμεληκότων--έπεται
601 978 626 1031 δέ
644 979 675 1029 δι’
693 978 806 1040 ύπονοίας
823 979 864 1030 καί
882 979 911 1031 τδ
959 981 1092 1050 κέχρηται,
1109 977 1236 1046 ἐπειδήπερ
1256 976 1300 1029 ούκ
1318 971 1348 1042 ήν
1368 975 1471 1043 ἀνέδην,
1491 976 1547 1030 ούδέ
1564 976 1625 1047 μετέι
1644 995 1737 1046 παρρη-

133 1059 246 1111 δυνατόν.
286 1055 364 1110 Ὅταν
384 1058 432 1128 γάρ
450 1057 512 1129 λέγη
533 1057 706 1128 βεδοηθηκέναι
723 1059 775 1119 τοῖς
797 1056 913 1109 Εύῦοεῦσι
957 1060 1023 1123 σίας,
1038 1058 1089 1110 οὐδ’
1104 1056 1207 1126 εύχερῶς
1225 1055 1261 1109 ἐπ’
1278 1053 1337 1108 αθτδ
1357 1055 1437 1108 ἐλθεῖν
1457 1055 1490 1126 μὴ
1511 1055 1737 1126 προθεραπεύσαντα

134 1136 176 1188 καί
189 1137 335 1200 σεσωκέναι,
352 1135 426 1202 δῆλός
444 1135 494 1188 ἐστι
508 1136 550 1188 καί
566 1135 595 1187 τό
605 1135 707 1187 δυνατδν
719 1136 747 1188 τ“ο
761 1140 804 1201 τῆς
818 1135 912 1196 πόλεως
958 1139 1000 1190 καί
1015 1137 1262 1206 προδιοικησάμενον.
1308 1133 1404 1188 Σκοπὸν
1422 1134 1449 1187 δέ
1468 1134 1534 1204 ἔχων
1555 1133 1612 1202 μίαν
1634 1134 1736 1204 δύναμιν

133 1213 253 1274 συνιστάς.
293 1211 369 1274 Ἄξιον
380 1212 406 1266 δέ
415 1212 455 1265 καί
466 1213 495 1265 τδ
505 1213 658 1284 παράδειγμα
668 1215 797 1284 θαυμάσαι.
812 1211 911 1278 Ἐπειδὴ
932 1249 937 1282 ,
958 1215 1074 1286 ἐκπέμψαι
1088 1213 1126 1267 ἐπί
1135 1211 1178 1278 τήν
1192 1212 1315 1265 Ὄλυνθον
1329 1213 1372 1264 δύο
1385 1214 1497 1284 δυνάμεις
1509 1212 1575 1274 ἀξιοῖ
1583 1213 1735 1282 ψηφίζεσθαι,

136 1289 185 1360 γὰρ
196 1292 295 1342 δοκοῦσι
308 1291 349 1342 καλ
364 1290 465 1352 Εύδοεῖς
479 1290 625 1353 ἀποστάντες
642 1295 685 1358 τῆς
696 1293 835 1362 συμμαχίας
846 1311 913 1346 τετυ·
959 1293 1065 1363 μάλιστα
1080 1291 1123 1362 μέν
1143 1292 1186 1344 ἵνα
1199 1289 1244 1356 τήν
1268 1291 1350 1361 ἑτέραν
1364 1289 1442 1343 αύτῶν
1461 1292 1554 1361 δυνηθῇ
1573 1291 1734 1359 κατορθῶσαι·

133 1369 237 1438 χηκέναι
261 1369 386 1438 βοηθείας,
401 1369 483 1440 οἰκείῳ
501 1369 542 1422 καί
559 1371 639 1441 τούτῳ
652 1372 767 1441 κέχρηται
782 1376 818 1442 τῷ
836 1390 913 1441 παρα·
957 1369 1028 1424 εἴωθε
1043 1370 1091 1440 γὰρ
1113 1371 1213 1440 μείζονα
1227 1369 1269 1422 καί
1289 1369 1391 1422 πλείονα
1408 1365 1445 1422 ὧν
1465 1367 1578 1438 βούλεται
1600 1369 1734 1437 κατορθοῦν

132 1447 255 1517 δείγματι.
295 1447 341 1500 Καί
357 1445 405 1518 μήν
420 1447 521 1500 κάκεῖνα
540 1449 570 1500 ἄν
584 1446 622 1514 εἰη
639 1452 682 1500 τοῦ
697 1449 857 1520 συμφέροντος
871 1447 912 1500 καί
957 1447 995 1502 ἀεὶ
1003 1449 1153 1519 προτείνειν,
1167 1448 1211 1499 ἵνα
1221 1451 1264 1513 τῆς
1275 1445 1382 1517 ἀνάγκης
1393 1445 1466 1512 αθτής
1477 1444 1648 1515 ἰπαρτηθείσης
1658 1445 1735 1496 έλων-

132 1529 177 1576 τοῦ
190 1525 284 1576 δικαίου
298 1526 349 1596 ἅμα
362 1525 403 1578 καί
418 1530 460 1578 τοῦ
473 1527 592 1591 δυνατοῦ,
606 1524 631 1578 ἐν
650 1523 686 1586 οἷς
700 1525 807 1578 αἰτιᾶται
826 1524 912 1586 αύτούς
956 1545 996 1579 ται
1007 1525 1037 1578 τά
1053 1524 1156 1579 ἐλάττω·
1173 1524 1219 1578 εἷθ’
1231 1526 1274 1577 θνα
1292 1525 1333 1578 καί
1348 1524 1457 1594 φούήσας
1471 1529 1508 1594 τῷ
1524 1524 1619 1593 μεγέθει
1633 1526 1675 1588 τῆς
1688 1542 1734 1576 πα-

133 1600 168 1672 μή
183 1603 350 1672 βοηθήσαντας
360 1607 411 1666 τοῖς
429 1603 564 1672 ἀδικηθεῖσι
581 1606 714 1676 πρότερον,
732 1605 773 1657 καί
786 1605 824 1657 ότι
837 1624 911 1674 μετα·
957 1609 1073 1676 ρασκευῆς
1086 1604 1183 1676 φσῦήση
1196 1603 1238 1656 καί
1254 1609 1292 1673 τῷ
1309 1607 1352 1669 τῆς
1366 1601 1476 1672 εἰσφοράς
1491 1602 1588 1672 μεγέθει
1605 1600 1734 1673 καὶταύτῃ

131 1685 259 1734 ποιοῦνται
272 1685 315 1747 τῆς
325 1680 456 1752 ἡγεμονίας
468 1681 545 1736 αύτῶν
560 1683 584 1735 οἱ
596 1682 730 1750 Ἕλληνες,
748 1684 806 1735 ὅταν
819 1682 912 1736 καλῶσι
957 1688 1130 1758 καταναγκάση
1143 1692 1191 1739 τῶν
1206 1687 1327 1756 θεωρικῶν
1347 1683 1493 1750 ἀποστῆναι.
1540 1683 1598 1736 Ὅτι
1610 1684 1632 1734 δ’
1644 1679 1687 1735 σύν
1706 1683 1735 1735 ού

131 1762 191 1832 πρὸς
213 1761 310 1824 ἐαυτοὶις
331 1763 464 1828 Πυδναῖοι,
491 1765 549 1816 ὅταν
574 1765 732 1818 Ποτιδαιᾶται
748 1765 910 1834 παραδιδῶσιν
956 1767 1080 1836 πρόκειται
1100 1763 1165 1836 αύτῷ
1187 1763 1230 1826 τὰς
1248 1764 1291 1816 δύο
1312 1764 1437 1834 δυνάμεις,
1459 1761 1514 1815 οδδέ
1532 1761 1575 1823 τέις
1598 1762 1641 1813 δύο
1661 1781 1736 1832 παρα-

131 1838 230 1901 ἐαυτοὶις
243 1841 285 1892 καί
297 1839 340 1905 τὴν
350 1841 431 1896 πόλιν·
445 1841 470 1896 ἐν
481 1837 517 1904 οἰς
528 1844 554 1896 δέ
567 1861 639 1914 φησιν
652 1842 737 1904 αύτούς
748 1841 911 1914 ηύξηκέναιτῄΙ
957 1843 1041 1904 σκευὰς
1052 1842 1211 1908 ἀποστεῖλαι,
1222 1842 1326 1913 ρανερδν
1342 1841 1368 1895 ἐκ
1379 1845 1422 1894 τοῦ
1437 1840 1499 1911 μήτε
1510 1839 1586 1894 πολύν
1603 1857 1657 1891 τινα
1669 1843 1736 1905 κινῆ-

130 1916 236 1988 βᾳθυμίᾳ
249 1917 291 1971 τόν
305 1919 443 1981 Φίλιππον,
457 1921 520 1992 όμοῦ
535 1921 578 1992 μέν
594 1921 677 1991 φοδεῖ,
693 1919 754 1990 δμοῦ
766 1918 792 1970 δέ
806 1919 847 1972 καί
866 1939 911 1973 πα-
956 1940 996 1973 σαι
1007 1921 1099 1992 λόγον,
1115 1921 1229 1972 σύστασιν
1243 1921 1387 1990 περιέχοντα
1396 1922 1440 1971 τοῦ
1449 1919 1501 1970 δεῖν
1514 1916 1643 1987 ἐκπέμπειν
1655 1915 1735 1970 ἐκατέ-

131 1997 286 2065 ραμυθεῖτσι.
324 1995 406 2058 λύξων
427 1997 469 2067 μέν
494 1997 542 2069 γὰρ
561 1997 738 2064 καταπλήττει,
759 1999 858 2068 φάσκων
884 1996 911 2050 δέ
956 2017 1014 2068 ραν,
1037 2001 1079 2052 καὶ
1099 1999 1125 2053 ἐκ
1144 2003 1188 2052 τοῦ
1206 2000 1300 2068 ταχέως
1314 1997 1353 2051 ἐπί
1373 1998 1416 2051 τόν
1436 1996 1514 2067 λόγον
1532 2001 1581 2048 τῶν
1599 1997 1734 2066 χρημάτων

131 2071 174 2123 διὰ
198 2071 241 2139 τήν
261 2073 339 2127 αύτῶν
360 2075 477 2146 ῥαθυμίαν
502 2079 649 2146 γεγενῆσθαι
671 2077 747 2147 μέγαν
770 2075 845 2129 πάλιν
865 2079 910 2129 τοῦ
955 2079 1070 2149 δραμεῖν.
1108 2078 1183 2140 Ἄξιον
1196 2078 1223 2132 δέ
1240 2077 1434 2148 ἐπισημήνασθαι
1455 2077 1493 2128 δτι
1508 2073 1563 2128 ούδέ
1583 2073 1735 2144 ἐγχρονίζειν

130 2151 198 2211 δέους
216 2150 306 2219 ύφιέναι
317 2155 500 2222 παρασκευάζει·
517 2153 553 2208 ἐπ’
573 2153 655 2216 αύτούς
673 2153 720 2224 γάρ
734 2155 776 2206 καί
787 2153 817 2207 τό
835 2173 909 2208 κατα·
957 2157 1070 2225 βούλεται
1084 2163 1120 2228 τῷ
1130 2155 1201 2228 λόγῳ
1216 2163 1252 2229 τῷ
1264 2157 1318 2228 περί
1331 2161 1379 2209 τῶν
1394 2157 1547 2226 χρημάτων,
1560 2152 1600 2204 διά
1610 2153 1735 2224 τὀδυσχε-

132 2227 205 2280 λῦσαι
221 2228 297 2282 ἔσται.
336 2229 414 2302 Ὅπερ
430 2231 471 2284 καί
484 2232 498 2285 δ
513 2232 661 2299 Θουκυδίδης
674 2233 784 2303 φαίνεται
797 2239 872 2286 ποιῶν
885 2232 909 2286 ἐν
955 2234 1007 2303 ρές,
1023 2234 1081 2286 ἀλλ’
1100 2235 1166 2296 εύθύς
1183 2235 1321 2305 μεταθοίνει
1339 2233 1413 2288 πάλιν
1429 2231 1468 2286 ἐπί
1487 2231 1530 2284 τδν
1543 2235 1592 2283 τῶν
1606 2229 1733 2300 εἰσφορῶν,

129 2307 164 2374 τῇ
177 2306 356 2378 δημηγορίᾳτῇ
368 2301 510 2378 Κορινθίων.
552 2309 595 2362 Ἐν
604 2311 631 2364 δέ
644 2307 738 2371 τούτοις
751 2309 780 2362 τό
790 2312 910 2380 συμφέρον
953 2313 996 2365 ἵνα
1012 2311 1045 2383 μή
1059 2313 1173 2382 φαίνηται
1193 2311 1339 2378 ἐπιτηδεύων
1355 2308 1400 2375 τήν
1419 2307 1613 2380 πρδςΕύύουλον
1632 2308 1733 2376 μάχην,

129 2385 290 2454 προηγεῖται,
304 2381 434 2436 timp
449 2386 542 2443 ἕπεται.
579 2387 741 2458 Μεμνημένος
752 2385 778 2438 δέ
792 2389 835 2451 τῆς
845 2383 910 2454 παρὰ
955 2393 1021 2447 ἀλλὰ
1036 2399 1067 2467 τῇ
1085 2393 1156 2464 χρεία
1175 2397 1224 2445 τῶν
1239 2392 1390 2463 πραγμάτων
1406 2389 1539 2460 ἐπόμνυς,
1557 2393 1590 2454 πῆ
1607 2387 1649 2458 μέ*
1662 2386 1734 2448 ἀξιῶν

129 2467 181 2514 τῶν
198 2461 259 2514 θεῶν
273 2459 365 2523 εἰθθέέί
381 2463 523 2530 σθίέθέθσῑθ
537 2463 612 2530 έιθῐίίν
630 2464 654 2526 ἔξ
665 2461 700 2517 ὧν
721 2464 764 2517 ῦῦῑ
776 2463 805 2515 έν
818 2461 909 2528 τῑςῦί·
955 2479 1004 2525 τῶν
1022 2475 1143 2544 θεωρικῶν
1163 2471 1315 2537 ἐξίστασθαι,
1335 2472 1368 2536 πῆ
1385 2469 1411 2522 δέ
1423 2468 1470 2523 άπδ
1482 2475 1530 2521 τῶν
1545 2467 1640 2520 οἰκείων
1657 2465 1734 2538 εἰσφέ-

128 2558 194 2592 πῑῠῑ-
231 2538 280 2600 'stc
294 2539 402 2609 Υὰρτῶθ
415 2541 512 2612 ow&
523 2541 751 2613 συμφῡρθςκαίῖῶί
765 2539 909 2611 ἔῦέθίέῑθς
955 2551 1073 2620 ρειν,καλ
1090 2550 1118 2602 οῦ
1132 2551 1188 2612 τούς
1199 2549 1328 2609 πλουσίους
1342 2549 1434 2618 μόνον,
1454 2544 1520 2598 ἀλλά
1538 2545 1579 2597 καί
1597 2544 1653 2604 τούς
1672 2543 1733 2597 ἀπό-

132 2617 395 2684 Ἓλθθίέδωθπόθῑωθ
416 2624 459 2686 τῆς
475 2620 539 2690 παρὰ
555 2626 604 2673 τῶν
620 2621 680 2673 θῑῶθ
696 2619 909 2691 Εὖθῡίαεέφῡρμη·
955 2648 1018 2698 ρους.
1056 2628 1167 2682 Ποιεῖδέ
1183 2632 1256 2681 τοῦτο
1277 2626 1417 2692 ἐξεπίτηδες.
1456 2623 1507 2676 ίλύκ
1528 2623 1666 2693 ἐγχρονίζει
1690 2621 1734 2692 μέν

128 2699 203 2762 θῆναι
215 2697 294 2768 λέγων
307 2697 336 2750 τύ
350 2698 452 2752 δυνατδν
465 2699 494 2752 τδ
511 2702 554 2766 τῆς
572 2699 666 2760 πόλεως
678 2698 719 2750 διὰ
736 2699 829 2752 τούτων
848 2700 911 2751 συνί·
954 2706 1002 2778 γὰρ
1013 2712 1049 2778 τῷ
1061 2705 1116 2775 περὶ
1131 2711 1179 2758 τῶν
1197 2706 1317 2774 θεωρικῶν
1336 2705 1421 2774 λόγῳ,
1435 2703 1475 2754 διὰ
1494 2703 1523 2755 τὸ
1542 2701 1620 2753 ἀνιᾶν·
1637 2700 1666 2752 ού
1685 2699 1733 2770 μήν

128 2774 338 2846 mmmmm
348 2775 425 2829 καὶτὸ
435 2776 639 2846 σνμφέρννκαὶτδ
649 2775 751 2828 δυνατδν
765 2775 907 2845 πεπλέχθαι.
954 2783 1009 2838 οῦδὲ
1028 2785 1170 2854 ἀφίσταται,
1185 2784 1226 2835 διὰ
1243 2784 1272 2836 τό
1288 2781 1321 2854 μὴ
1342 2783 1483 2852 ἀλλαχόθεν
1498 2780 1563 2834 εἶναι
1583 2780 1733 2849 πορευτὸν

130 2853 209 2922 'AM‘
232 2853 275 2924 μὲν
295 2853 382 2906 τούτου
404 2855 511 2925 προῆλθε
533 2856 718 2916 Μϊᾱσκῑυάύωθ
739 2855 786 2918 ὣς,
809 2853 861 2916 &av
879 2860 910 2926 τῇ
954 2863 980 2917 δέ
991 2864 1046 2933 περὶ
1060 2867 1103 2930 τῆς
1115 2862 1225 2933 εἰσφοράς
1243 2865 1349 2916 ποιεῖται
1368 2862 1461 2931 λόγον,
1482 2859 1526 2912 ούιι
1547 2860 1623 2919 ὄντως
1645 2861 1733 2911 τοῦτον

127 2931 203 2985 πόλει
217 2929 262 2996 τήν
280 2929 414 3002 ήγεμονέαν
431 2931 578 2998 ἀναλαδεῖν,
596 2933 744 3006 ἐρραθύμησε
757 2934 799 2988 καί
812 2935 850 2986 δτι
866 2939 908 2986 νῦν
955 2941 1020 3012 ἔχων
1036 2941 1078 2993 τὸν
1098 2940 1204 3005 σκοπόν,
1219 2939 1262 2991 ἵνα
1282 2939 1468 3008 εἰσενέγκωσιν,
1484 2936 1541 2988 ἀλλ’
1565 2937 1608 3010 ἵνα
1631 2935 1671 2987 διίι
1691 2939 1734 3002 τῆς

131 3014 201 3080 TW·
215 3010 284 3064 εἶναί
292 3009 325 3082 μή
334 3013 420 3078 πάλαι,
431 3012 610 3080 ἀνακτήσασθαι
617 3013 692 3080 αύτήν
702 3016 749 3068 δεῖ.
765 3010 849 3075 Ἐξῶν
858 3033 910 3066 συν-
954 3021 1064 3092 εἰσφορᾶς
1077 3021 1250 3092 καταναγκάσῃ
1266 3024 1315 3071 τῶν
1326 3019 1446 3088 θεωρικῶν
1459 3016 1583 3082 ἐκστῆναι.
1602 3037 1612 3065 ι
1630 3017 1733 3085 Λέγουσι

130 3089 212 3156 ἰπησι
230 3090 271 3144 καί
284 3092 313 3144 τό
327 3093 418 3146 οἰκεῖον
437 3093 502 3146 εἰναι
517 3093 560 3147 τόν
574 3095 701 3166 πόλεμον,
717 3093 784 3165 εἰπερ
804 3094 860 3165 ύπέρ
879 3095 909 3160 ή-
957 3120 968 3147 ι
984 3099 1010 3150 δὲ
1024 3097 1065 3150 καὶ
1078 3097 1168 3157 ἀλλους
1180 3095 1247 3157 τινάς
1263 3095 1337 3147 ἀλλον
1351 3097 1456 3165 πόρους,
1476 3090 1512 3145 ὧν
1526 3092 1610 3145 ἕλεσθε
1625 3094 1669 3162 (p.
1690 3093 1731 3156 15,

125 3171 256 3239 γεμονίας.
303 3169 340 3223 Τὰ
351 3170 377 3224 δέ
389 3171 497 3226 ἐντεῦθεν
511 3173 540 3226 τδ
559 3173 694 3244 ἀναγκαῖον
718 3173 787 3243 ἰχει,
805 3173 846 3225 καί
864 3171 907 3238 τήν
955 3180 1000 3246 7),
1017 3202 1028 3223 ν
1047 3177 1118 3228 Ἐστι
1133 3175 1175 3246 μέν
1193 3173 1361 3244 ἀνθυποφορὰ,
1375 3171 1423 3244 χρὴ
1440 3173 1466 3225 δέ
1484 3172 1607 3242 ἀναφέρειν
1621 3168 1733 3240 τήνπρο-

127 3246 245 3313 εἶσὸυλὴν
264 3247 363 3319 εἰληρεν
376 3249 424 3304 άπδ
439 3257 483 3305 τού
500 3275 511 3300 ι
524 3251 553 3304 Εἰ
563 3252 589 3305 δέ
601 3249 807 3323 προησόμεθα,ὧ
827 3253 910 3322 ἄνδρες
954 3253 1102 3320 κατασκευὴν
1114 3255 1147 3316 ὡς
1163 3253 1232 3306 λύσιν
1249 3253 1288 3308 ἐπὶ
1301 3251 1346 3318 τήν
1359 3251 1455 3304 έννοιαν
1470 3255 1513 3303 τοῦ
1532 3249 1678 3320 προοιμίου,
1690 3249 1733 3300 ἵνα

130 3349 141 3374 “
168 3322 905 3400 ’Affilvflffflsffl³0⁶³0⁰510b5320915⁷=003(9·12220)··
954 3333 980 3387 ἐκ
994 3336 1139 3405 συγκρίσεως
1149 3332 1436 3404 συμφοριύτεροςθπόρος
1444 3332 1566 3401 φαίνηται.
1604 3328 1733 3381 Διάτοῦτο

127 3404 216 3456 Φοῦεῖ
226 3405 273 3475 γάρ
287 3401 328 3458 ιιαὶ
337 3407 455 3460 δείκνυσιν
468 3406 512 3460 ούκ
527 3406 559 3468 τίς
576 3407 670 3478 μακρὰν
683 3408 737 3476 περί
753 3413 800 3459 τῶν
812 3405 907 3460 οἰκείων
954 3413 1002 3484 γὰρ
1020 3413 1072 3466 κατ’
1097 3411 1174 3482 ἀρχάς
1193 3410 1280 3476 ἠξίωσε
1305 3411 1396 3481 μηδένα
1419 3408 1559 3474 κωλυθῆναι
1581 3407 1732 3477 βουλόμενον

126 3482 344 3548 κινδυνεύσοντας,
359 3485 400 3538 καὶ
415 3486 453 3538 δτι
468 3485 518 3556 ύδῷ
529 3487 636 3556 πρόεισιν
649 3487 663 3538 ό
677 3486 812 3551 Φθίιππος,
828 3488 909 3558 ῶσπερ
954 3491 1050 3563 λέγειν,
1064 3489 1131 3556 ἵναή
1144 3489 1268 3560 εἰσήγησις
1286 3488 1386 3552 αύτοῦή
1398 3487 1512 3558 περὶτῶν
1527 3487 1662 3556 χρημάτων
1678 3484 1732 3554 βέλ-

126 3559 172 3612 καί
181 3560 327 3629 θθυῑθδέῦης
336 3563 465 3630 ’mlum
481 3563 505 3616 ἓν
515 3567 547 3635 ‘ff
558 3566 698 3635 δθμθίθθέί
706 3570 754 3617 τῶν
765 3563 906 3634 Kopwotmv·
954 3587 1005 3622 τιον
1016 3567 1108 3638 ἔχουσα
1115 3569 1238 3638 φαίνηται.
1275 3567 1371 3619 Τέθεικε
1380 3565 1406 3618 δέ
1417 3565 1458 3617 καί
1467 3565 1491 3617 ἐν
1499 3569 1536 3633 τῷ
1544 3565 1619 3634 τρίτῳ
1628 3563 1732 3617 πλείονα

129 3639 253 3710 καλέομεν
268 3643 310 3712 οἵᾳ
325 3641 375 3713 όδῷ
391 3647 513 3713 χωροῦσιν
527 3643 551 3695 οἱ
566 3642 693 3711 Ἀθηναῖοι
705 3642 745 3697 ἐπὶ
757 3643 813 3704 τούς
824 3643 906 3705 πέλας,
954 3653 996 3712 τῆς
1009 3646 1034 3699 ἐν
1050 3647 1128 3716 τούτῳ
1137 3651 1172 3716 τῷ
1184 3645 1255 3716 λόγῳ
1264 3645 1343 3697 λύσιν.
1362 3665 1373 3694 ιι
1387 3642 1464 3704 Ἄξιον
1477 3642 1503 3694 δέ
1513 3641 1678 3710 ἐνθυμηθῆναι
1691 3640 1733 3692 καί

127 3722 202 3773 Ούτω
214 3722 255 3774 καί
268 3721 403 3787 Φίλιππος,
416 3723 445 3774 τό
458 3728 554 3792 πρῶτον
570 3722 717 3794 ’λμφίπολιν
736 3723 830 3786 λαδὼν,
849 3721 909 3791 μετὰ
957 3745 968 3772 ι
984 3723 1130 3794 λογίσασθαι
1141 3723 1171 3776 τὰ
1182 3725 1314 3793 πράγματα
1323 3725 1368 3792 (p.
1385 3721 1427 3785 15,
1440 3727 1456 3773 θ’
1467 3719 1487 3792 ).
1507 3740 1517 3768 ν
1533 3717 1660 3771 Ἐντεῦθεν
1675 3717 1734 3786 xp&

129 3803 207 3852 ταῦτα
218 3799 313 3850 Πύδναν
323 3797 364 3850 καί
373 3798 470 3870 θρᾴκην
480 3800 522 3852 καί
530 3800 644 3866 Παίονας,
660 3799 699 3853 ἐπί
710 3799 765 3860 τούς
774 3798 910 3866 Ἀθηναίους
954 3803 983 3855 τδ
1003 3803 1105 3854 δυνατδν
1129 3805 1172 3854 τοῦ
1187 3800 1311 3854 Φιλίππου
1330 3801 1437 3852 ἵσταται.
1484 3797 1625 3867 Προτέθεικε
1642 3795 1669 3848 δέ
1688 3793 1732 3859 τὴν

126 3875 191 3940 ἥξει·
215 3877 263 3946 ούχ
275 3876 374 3949 ῶςπρβς
384 3875 505 3931 ἀντίθεσιν
523 3878 675 3944 ἀπαντήσας,
686 3879 757 3940 ῶςάν
770 3876 863 3946 οἰηθείη
874 3897 909 3941 τις
954 3881 1023 3933 λύσιν
1038 3884 1081 3946 τῆς
1093 3879 1248 3944 ἀντιθέσεως,
1263 3880 1292 3945 ἣν
1303 3878 1471 3949 ἐπεσημήνατο
1485 3875 1552 3938 εύθύς
1564 3873 1691 3944 προελθὼν
1704 3873 1728 3935 ἐξ

129 3955 288 4023 ὑποκρούων,
307 3955 348 4007 καλ
357 3955 381 4006 τί
394 3955 423 4006 δν
436 3954 508 4027 ἡμεῖς
518 3957 666 4026 βλαδείημεν
682 3954 817 4008 Ὀλυνθίων
832 3956 910 4008 έαλω·
955 3959 1105 4030 ἀναιρέσεως.
1144 3957 1272 4029 θαυμάσαι
1285 3957 1310 4011 δέ
1324 3955 1389 4020 ἀξιον
1403 3957 1445 4008 καί
1459 3955 1547 4020 ταύτης
1558 3952 1602 4019 τήν
1618 3953 1732 4023 μεταχεί-

128 4036 227 4098 κύτων;
242 4033 300 4085 ἀλλ’
314 4033 338 4094 ἐξ
346 4033 423 4103 ἀρχῆς
432 4033 609 4106 ἐνστησάμενος
617 4035 708 4087 οἰκεῖον
718 4035 857 4097 καταδεῖξαι
867 4037 909 4088 τόν
956 4057 1027 4109 ρισιν.
1073 4036 1108 4089 Ού
1126 4037 1174 4106 γὰρ
1194 4035 1277 4101 εἶπεν,
1301 4035 1366 4106 [ού]
1386 4035 1486 4106 φοδερδς
1513 4033 1648 4098 Φίλιππος,
1675 4031 1732 4084 ἀλλ’

130 4113 243 4182 πόλεμον
255 4111 401 4182 ἑκατέρωθεν
419 4113 477 4166 αύτδ
493 4114 683 4178 κατεσκεύασεν,
694 4111 742 4167 ἀπό
755 4132 781 4166 τε
796 4117 839 4180 τῆς
851 4113 909 4184 ήγε-
956 4115 1040 4180 εἶπεν,
1057 4114 1133 4185 [οῦκ]
1150 4113 1318 4184 εύπρεπῶςκαί
1330 4114 1410 4176 καλῶς
1419 4113 1471 4184 ἔχει
1482 4112 1512 4165 τὰ
1522 4111 1647 4164 Φιλίππου
1658 4111 1733 4181 πράγ-

132 4192 235 4262 μονίας,
248 4183 277 4255 ής
287 4193 470 4260 μεταποιεῖσθαι
486 4193 602 4262 προσήκει
611 4196 642 4263 τῇ
653 4192 739 4256 πόλει,
752 4192 794 4244 καί
811 4191 858 4246 ἀπό
867 4197 910 4246 τοῦ
957 4213 1030 4265 ματα.
1069 4193 1116 4245 Ἢν
1129 4193 1200 4248 ἔλυσε
1213 4193 1421 4263 κατακερματίσας
1433 4189 1476 4256 τήν
1492 4191 1617 4244 Φιλίππου
1630 4190 1732 4259 δύναμιν

131 4271 176 4323 τὸν
192 4270 301 4340 πόλεμον
316 4269 360 4324 ούκ
371 4271 404 4332 εἰς
418 4271 512 4342 μακρὰν
526 4271 590 4337 ήξιιν
606 4269 638 4332 εἰς
653 4270 697 4336 τὴν
715 4269 830 4336 Ἀττικήν,
844 4270 909 4343 εἰμὴ
956 4272 988 4336 εἰς
997 4275 1108 4342 τέσσαρα·
1126 4271 1158 4333 εἰς
1169 4272 1211 4324 τόν
1224 4271 1326 4342 καιρόν,
1342 4271 1374 4323 δι’
1387 4273 1415 4322 δν
1433 4271 1583 4341 ταράττεται·
1601 4268 1634 4330 εἰς
1645 4269 1733 4320 θεττα·

132 4347 282 4418 βοηθήσαιεν
300 4352 352 4411 τοῖς
371 4349 407 4403 ἐτι
426 4349 578 4420 λειπομένοις
591 4356 639 4403 τῶν
661 4349 790 4416 Ἑλλήνων
811 4349 850 4404 ἐπί
868 4355 910 4416 τῆς
956 4353 1030 4416 λοδς,
1045 4352 1101 4412 τούς
1118 4349 1205 4402 ἐαυτοῦ
1223 4352 1382 4422 ωιμμάχους,
1399 4349 1563 4409 ἀποστατικῶς
1573 4347 1683 4418 ἔχοντας·
1701 4345 1733 4407 εἰς

130 4427 238 4500 θρήιιης.
285 4428 320 4482 Ού
340 4427 370 4494 δὴ
391 4429 432 4482 καί
446 4427 490 4494 τήν
512 4430 625 4482 σύστασιν
645 4431 806 4500 ποιησόμενος
826 4430 911 4500 [καθ’]
956 4431 1058 4501 ἀπορίαν
1079 4429 1269 4502 χρημάτων,δι“
1284 4430 1313 4495 ἣν
1328 4429 1375 4498 οδχ
1394 4427 1441 4489 ἕξει
1454 4427 1541 4489 ξένους·
1557 4425 1589 4487 εἰς
1602 4423 1731 4490 τούςύπη-

131 4509 250 4564 ύπόνοιαν
270 4509 398 4578 παρίστησι
415 4507 446 4560 τὰ
465 4507 639 4578 συμδησόμενα
657 4512 689 4580 τῇ
705 4509 776 4563 πόλει
794 4507 874 4570 δεινίι,
891 4509 912 4562 εἰ
957 4509 1026 4570 κόους
1045 4507 1178 4578 Ἰλλυριούς
1199 4507 1241 4560 καί
1254 4507 1374 4571 Παίονας,
1393 4505 1567 4575 ἐπιθυμοῦντας
1587 4503 1729 4572 ἐλευθερίας·

132 4591 232 4660 γένοιτο
245 4587 352 4658 πόλεμος
365 4587 423 4658 πρδς
434 4589 465 4658 τῇ
474 4588 560 4658 χώρα,
575 4587 604 4639 ού
616 4587 697 4659 λέγων
711 4588 753 4659 μέν
770 4589 823 4642 κατ’
835 4587 910 4654 εἰδος,
956 4589 1038 4656 ῶσπερ
1055 4586 1096 4639 καί
1114 4585 1278 4656 διαιρούμενοι
1296 4586 1338 4638 τόν
1352 4585 1429 4653 λόγον
1447 4583 1561 4654 εἴπομεν,
1575 4580 1619 4647 τήν
1637 4580 1732 4632 ἐντελε-

132 4665 188 4718 ούδ’
200 4663 314 4726 ἐπεξιὼν,
328 4666 382 4725 ταῖς
394 4663 420 4716 δέ
432 4663 554 4726 ύπονοὶαις
567 4667 683 4736 μειζόνως
697 4667 789 4736 φοδῶν.
801 4667 876 4728 Τέλος
886 4667 912 4720 δέ
957 4667 1042 4736 στέραν
1057 4664 1170 4735 ἐργασίαν
1188 4667 1232 4716 τοῦ
1250 4663 1382 4733 κεφαλαίου
1404 4663 1462 4732 πρός
1474 4661 1611 4730 ὁλόκληρον
1629 4657 1733 4729 φυλάξας

133 4743 224 4804 ἐπιθείς
232 4743 312 4814 τούτῳ
322 4747 358 4814 τῷ
368 4739 434 4814 μέρει
445 4747 489 4795 τοῦ
502 4742 594 4814 λόγου,
608 4741 633 4796 ἐν
645 4740 667 4816 ᾧ
678 4744 707 4796 τδ
721 4745 838 4814 συμφέρον
850 4744 912 4814 δμοῦ
956 4745 1080 4799 ύπόθεσιν.
1097 4767 1107 4794 ι
1128 4745 1215 4812 Διόπερ
1227 4743 1345 4803 πολλάκις
1358 4744 1430 4795 δοκεῖ
1446 4742 1475 4794 τό
1489 4739 1591 4810 φυλάξαι
1607 4737 1638 4790 τά
1652 4735 1732 4807 ἀγαθά

134 4821 584 4893 καλτδδυνατδνπέπλεκται,π·”ήμέν
600 4827 772 4894 προτεροῦντος
784 4827 827 4876 τοῦ
840 4825 912 4877 δυνα-
961 4827 1032 4878 ιτσῦ
1063 4823 1197 4888 κτήσασθαι
1220 4821 1393 4891 χαλεπώτερον
1421 4817 1485 4873 εἶναι
1513 4821 1555 4890 (ρ.
1587 4821 1628 4881 16,
1658 4819 1730 4885 ολ»

134 4901 198 4962 τοῦ,
217 4896 334 4968 έπομένου
354 4899 380 4952 δὲ
397 4903 442 4951 τοῦ
453 4901 628 4970 συμφέροντος,
652 4903 685 4966 πῆ
704 4901 730 4954 δέ
746 4901 858 4963 ἐναντίως
871 4907 914 4968 τῆς
957 4902 1036 4955 Τοῦτο
1051 4899 1091 4955 ἐπί
1107 4906 1156 4953 τῶν
1170 4899 1281 4965 ἀνοήτων
1297 4898 1339 4951 καί
1355 4899 1410 4969 παρ’
1432 4897 1499 4959 ἀξίαν
1511 4895 1676 4965 εὐτυχούντων
1695 4892 1731 4946 εἶ-

134 4976 230 5031 τούτων
245 4977 332 5038 τάξεως
350 4976 467 5047 ἐχούσης,
489 4978 530 5030 καί
549 4979 732 5048 προηγουμένου
753 4979 825 5032 πάλιν
840 4979 913 5032 αύτοῦ
958 5000 1013 5035 πεν.
1050 4977 1127 5032 ’Ὥστε
1139 4977 1163 5031 εἰ
1172 4997 1207 5040 τις
1217 4978 1283 5048 αύτῷ
1296 4977 1435 5047 συγκρούειν
1445 4975 1521 5028 ἐθέλει
1532 4973 1590 5044 πρὸς
1601 4972 1630 5025 τό
1639 4971 1733 5042 εἰρημέ-

135 5055 183 5106 τοῦ
194 5055 370 5123 σθμφέρῡθτῠς,
389 5055 568 5124 ὃευτερεύοντος
583 5054 609 5107 δέ
623 5058 666 5106 τοῦ
677 5055 794 5119 δυνατοῦ,
814 5055 854 5108 καί
870 5060 913 5108 τοῦ
959 5077 1016 5122 νον,
1029 5056 1072 5110 ούκ
1083 5057 1135 5128 ἔχει
1150 5057 1216 5112 τοῦτ’
1227 5056 1334 5126 εύλόγως
1347 5057 1441 5122 ποιεῖν,
1459 5053 1500 5105 διίι
1510 5053 1538 5106 τδ
1551 5051 1658 5123 εἰρῆσθαι
1672 5048 1733 5102 κατέι

136 5134 217 5203 λόγου
231 5133 319 5194 παντδς
332 5133 518 5206 πεποικιλμένον
531 5134 657 5206 συμύουλῇ
672 5134 712 5186 καί
728 5139 862 5206 προτροπῇ,
877 5135 914 5188 ἀεί
960 5137 1039 5207 μέρος.
1081 5133 1123 5187 Ἐν
1133 5134 1179 5204 [δέ]
1201 5139 1237 5204 τῷ
1257 5135 1359 5205 δευτέρῳ
1377 5133 1569 5203 καθολικώτερον
1587 5128 1680 5200 είρηται
1694 5127 1734 5180 καὶ
