4114 6088
722 409 746 468 l.
772 408 870 468 ΚΑΤΑ
894 407 1100 468 ΤΙΜἈΡΧΟΥ.
1194 415 1200 422 “
1648 421 1706 474 495

110 543 239 616 τρυόναςὴ
252 543 355 614 όρτυγας
369 540 499 612 μάχεσθαι.
537 538 583 590 ἐίαλ
601 537 643 590 τδν
656 535 887 608 θπερπηδῶντααῦ·
933 537 1041 608 Χάρητος
1056 538 1143 609 μισθοῦ
1158 538 1237 609 λόγων
1252 537 1339 601 καλῶς
1352 539 1499 611 παρανόμων
1514 537 1609 612 γραφήν
1623 561 1709 612 πεφευ-

109 631 161 676 τῶν
177 623 207 676 τά
221 621 405 692 περιφράγματα
423 617 511 688 ἐλεγον
527 615 654 682 ἡττᾶσθαι,
674 617 756 684 FMQ.
775 615 852 677 ’ίδίως
864 615 891 669 δέ
931 614 982 686 γόος
999 613 1088 674 καλῶς
1099 613 1267 684 στρατηγήσας
1282 613 1307 668 ίν
1326 615 1379 687 Ιίίιμ
1398 616 1440 669 καί
1453 615 1493 668 διὰ
1510 617 1709 688 φιλοχρηματίαν

110 701 182 756 εἶπεν
194 701 301 754 κυόεῖον·
324 697 353 750 οδ
369 697 418 768 γάρ
429 695 505 757 οότως
520 694 638 760 ίειάλουν,
653 693 719 746 ἀλλά
739 697 887 766 σκιραφείον·
932 691 1015 747 πολλὰ
1034 691 1098 745 κακά
1116 691 1280 764 ἐργασάμενος
1297 694 1353 756 τοδς
1368 693 1536 761 ἐνοικοῦντας,
1558 696 1594 767 ἐφ’
1608 693 1631 768 ᾧ
1646 717 1708 768 γρα·

107 779 191 832 -Ἡ
203 778 277 846 τηλία
285 775 350 830 ίστίν
361 775 397 846 ίφ’
411 768 440 840 ής
453 773 485 828 τά
500 771 591 844 ἀλενρα
603 772 739 843 ἐκάθαιρον.
763 771 890 844 Ἐχρῶντο
932 773 983 843 ρελς
1000 771 1047 825 θπδ
1066 769 1207 842 Ὑπερείδου
1226 773 1269 840 (ἰιι
1289 789 1330 826 οε.
1345 789 1395 845 pro
1413 773 1532 844 Ειικεο.)
1559 777 1709 847 παρανόμων

108 859 133 910 δ’
145 857 205 929 αίτῇ
216 853 438 916 οίπυόεθονττςκαλ
448 852 507 922 πρδς
516 851 545 904 τδ
559 849 660 921 βάλλαιν
670 849 725 912 τοδς
735 849 831 915 κόδους,
848 851 890 903 καλ
933 851 1006 921 (παρ’
1017 849 1142 920 δλίγονί)
1152 849 1227 904 ίάλιο.
1240 850 1308 917 Φησὶ
1319 851 1341 902 δ’
1353 851 1426 904 αθτδν
1443 851 1583 924 Ὑπερείδης
1597 853 1646 926 (ίτ.
1657 859 1710 924 ήή)

108 936 171 1005 πρδς
184 935 215 988 τδ
234 932 384 1003 συμόάλλειν
395 931 451 994 τοδς
464 930 567 1002 όρτνγας
583 929 625 983 καλ
643 928 699 990 τοθς
717 927 887 1000 ἀλεκτρυόνας.
933 929 975 982 καί
994 929 1122 1000 Ἀρδηττου
1139 929 1300 996 ίπικληθῆναι
1316 929 1357 983 διά
1375 931 1404 984 τδ
1427 932 1546 995 πολλάκις
1560 931 1643 986 αδτόθι
1659 933 1711 988 ἐπι-

108 1003 878 1081 ΜΟ.Ἢοήλιόνίστινίγι-ηλία,ἐφόθμάτιεταιτάἀλευρα.Μ
932 1009 1077 1078 ωρκηκίναι,
1117 1007 1251 1062 Ἐπεόίωσε
1266 1007 1530 1082 μίντοιόἈριστοφῶν
1547 1010 1570 1082 ρ’
1588 1011 1631 1082 ἐτη
1644 1012 1711 1084 παρά

151 1091 194 1145 55.
218 1088 281 1142 Ὗπδ
292 1086 418 1156 δί]Ἀλλο
432 1085 473 1139 ἀπ’
485 1083 563 1155 ἀρχής
571 1084 630 1154 ἀχρι
642 1083 733 1146 τίλους.
747 1087 782 1152 Q.
935 1090 1010 1159 μῆνα.
1028 1087 1064 1142 Μ.

148 1168 208 1240 Περὶ
220 1165 249 1220 οδ
262 1166 355 1234 πάλαι]
365 1165 420 1234 Οθχ
429 1163 512 1224 ἁπλῶς
523 1161 651 1215 διαδάλλει
660 1166 746 1216 τοῦτον
756 1161 799 1216 τδν
815 1159 891 1232 Ἡγή·
968 1164 1029 1236 Πρὶν
1042 1163 1123 1238 αθτῷ]
1138 1162 1238 1230 Ἐπειδὴ
1250 1165 1264 1218 ό
1275 1162 1444 1236 Ἡγήσανδρος
1454 1165 1602 1238 ἐδημηγόρει
1611 1168 1711 1222 ἀντιπο-

110 1248 216 1317 σανδρον
228 1244 374 1315 όλίσχίνης,
383 1241 440 1295 ἀλλ’
451 1239 532 1307 ἐπειδὴ
543 1239 715 1312 ἀδελφόςέστιν
734 1238 889 1311 Ἡγησίππου
933 1241 1089 1314 λιτευόμενος
1106 1241 1288 1314 Ἀριστοφῶντι,
1302 1246 1361 1305 τίως
1371 1243 1437 1316 αθτόζι
1452 1243 1466 1296 ό
1484 1244 1627 1317 Ἀριστοφῶν
1641 1246 1711 1312 ἠπει-

110 1327 157 1378 τοθ
173 1321 356 1394 μισοφιλίππου.
373 1321 458 1387 FMQ.
932 1317 1027 1385 λήσατο
1046 1319 1195 1391 ἐπαγγελίαν
1212 1321 1369 1392 ίταιρήσεως,
1391 1322 1405 1374 ό
1426 1320 1477 1375 ἐστι
1495 1324 1649 1393 δοκιμασίαν,
1668 1325 1710 1391 ἢν,

150 1403 192 1455 56.
212 1399 360 1470 Τιμομάχῳ]
372 1397 422 1449 Τοῦ
434 1395 581 1468 Τιμομάχου
593 1393 680 1446 τοθτου
689 1395 733 1446 τοῦ
751 1397 889 1464 στρατηγοῦ
932 1397 1015 1466 φησίν,
1029 1396 1079 1468 ίγὼ
1094 1398 1169 1468 κρίνω
1191 1397 1319 1470 Τιμάρχῳ.
1357 1397 1436 1452 Τοῦτό
1448 1419 1528 1470 φησιν,
1545 1401 1612 1453 ότιό
1632 1400 1712 1472 Ἡγή-

114 1481 237 1547 Ἀθηναΐοι
246 1480 351 1532 θάνατον
362 1477 518 1546 κατίγνωσαν
532 1473 575 1527 καλ
583 1471 697 1544 ἀνῃρίθη.
712 1472 775 1540 MQ.
933 1471 1036 1543 σανδρος
1048 1471 1216 1544 Ἀριστοφῶντι
1228 1473 1427 1528 ἀντεπολιτιίττο
1437 1513 1445 1541 ,
1457 1479 1501 1529 τοῦ
1515 1475 1541 1530 δί
1553 1475 1710 1548 Ἀριστοφῶν-

153 1551 446 1622 Ἀπολελαυκαός]πολλδ
463 1547 752 1624 ἀφηρημίνοςαθτοθδιά
763 1545 809 1615 τήν
827 1548 889 1603 ἐκεί·
932 1565 974 1610 τος
993 1547 1169 1616 ἐπειλήσαντος
1192 1550 1265 1604 αδτδν
1288 1549 1450 1621 ἐπαγγίλλειν
1471 1551 1600 1607 ἐπαίσατο.
1620 1555 1659 1608 Μ.
1682 1553 1712 1608 '0

111 1657 157 1690 νου
167 1636 297 1701 δτιλότητα
307 1633 349 1686 καλ
358 1631 460 1702 μωρίαν.
471 1633 509 1684 Μ.
936 1620 1080 1696 Ἀριστοφῶν
1093 1626 1136 1679 τόν
1154 1624 1336 1697 Ἡγήσανδρον.
1349 1629 1379 1680 F.

149 1713 275 1784 Είηθείας]
283 1711 438 1781 Διότιλίγων
447 1704 713 1780 κεχορηγηκίναιαθτῷ
721 1709 891 1777 τῷστρατηγῶ
968 1704 1114 1775 Κρωὸθλος]
1128 1700 1281 1776 Ἀδελφδςήν
1294 1702 1365 1768 οὗτος
1379 1703 1550 1777 Ἡγησάνδρου
1562 1707 1637 1770 οότιυς
1648 1708 1710 1763 lm·

111 1791 210 1856 πολλὰ,
224 1789 299 1861 όλίγα
310 1789 337 1842 δί
349 1788 405 1849 δοδς
417 1786 449 1840 τά
463 1785 546 1840 πολλὰ
558 1783 692 1854 ίκίρδαινεν
704 1783 745 1836 καὶ
758 1782 889 1854 ἐχλεύαζεν
933 1784 1086 1854 νομασμίνος
1099 1783 1140 1835 διά
1154 1781 1199 1848 τὴν
1213 1785 1372 1854 πανουργίαν.
1397 1781 1549 1856 Ἡγήσιππος
1561 1787 1610 1857 γάρ
1623 1789 1710 1858 κυρίως

110 1869 185 1922 αδτδν
195 1869 227 1930 ὣς
242 1867 332 1939 μωρόν.
348 1867 406 1919 FM.
934 1859 1057 1915 ίκαλείτο.
1069 1863 1099 1915 Β,
1118 1861 1250 1930 Ἀρωόίλον
1265 1861 1391 1914 καλεῗτδν
1404 1861 1509 1932 ἀδελφδν
1526 1868 1570 1916 τοῦ
1585 1862 1710 1935 Ἡγησάν.

148 1947 197 2014 Τῆς
207 1946 348 2017 συμφορᾶς]
360 1943 442 1998 λίτίαν
453 1940 501 2012 γάρ
511 1940 583 2010 ίσχεν
595 1938 629 2001 ίυς
643 1937 747 2008 προδοδς
756 1936 833 1990 Ἀόιυῖ
843 1935 889 2002 τήν
932 1939 991 2007 δρου
1000 1937 1043 1991 τόν
1058 1935 1214 2008 Ἡγήσιππον
1226 1938 1269 1991 τδν
1280 1937 1464 2008 μισοφίλιππον,
1474 1939 1535 1992 καθδ
1547 1939 1618 2002 αδτδς
1627 1940 1711 2014 ήλειφι

110 2026 275 2096 Χερρόνησον.
298 2021 539 2091 κακοστρώτους
561 2017 587 2070 δέ
611 2017 726 2072 θανάτου.
772 2015 889 2077 Οίίτωςό
931 2013 977 2082 τήν
991 2015 1099 2087 κεφαλήν
1118 2016 1160 2070 καί
1177 2017 1317 2089 ἐφιλοκάλει
1330 2016 1373 2079 τάς
1385 2018 1480 2088 τρίχας.
1518 2019 1649 2090 Ἀρωδθλος
1663 2023 1712 2094 γάρ

112 2101 283 2163 Ἀπολλώνιος.
297 2103 336 2156 Μ.
933 2093 998 2149 ἐστιν
1013 2094 1079 2158 εἶδος
1092 2095 1264 2167 ἐμπλίγματος
1277 2099 1361 2168 πρῴην
1376 2099 1510 2168 γενομίνου
1521 2098 1586 2168 παρά
1599 2101 1652 2160 τοῖς
1664 2119 1711 2152 πα-

150 2181 194 2250 ⁵7·
214 2178 285 2244 Δεινὴ
303 2177 439 2246 ήάιιακία]
461 2173 568 2246 μεγάλη.
587 2173 618 2229 Γ.
645 2170 709 2226 Ἀντλ
728 2174 772 2225 τοῦ
793 2169 885 2242 φαθλη.
931 2171 1013 2235 λαιοῖς
1027 2178 1076 2226 τῶν
1093 2171 1235 2240 Ἀθηναίων,
1250 2174 1284 2235 ιὐς
1302 2174 1414 2246 ίγνωμιν
1428 2174 1453 2228 ίν
1467 2177 1520 2238 τοῖς
1536 2175 1713 2240 Θουκνδιδείοις

113 2257 213 2312 Ἀκακία
219 2257 336 2324 άπλότης.
349 2254 466 2309 Εθπιστία
477 2251 586 2323 εθχίρεια
595 2249 628 2312 είς
639 2249 668 2304 τδ
676 2249 809 2304 πείθεσθαι.
822 2251 886 2316 MQ.
932 2254 978 2322 (1,
991 2255 1037 2322 6).
1050 2253 1136 2319 FMQ.

149 2335 232 2389 Ἀῦτῶν
246 2335 359 2406 τούτων]
371 2335 388 2400 ἢ
402 2337 450 2387 τῶν
468 2330 677 2404 μισθωσαμένων,
693 2329 710 2394 ή
724 2326 780 2380 ἀντί
792 2331 836 2382 τοῦ
847 2327 888 2380 διὰ
968 2332 1013 2387 65.
1032 2329 1142 2402 Τοόίον]
1157 2331 1172 2382 ό
1186 2328 1251 2383 ἐστιν
1263 2330 1289 2384 ἐν
1302 2331 1334 2402 τῇ
1346 2329 1439 2402 ἀγορᾷ,
1453 2329 1512 2384 ίνθα
1523 2329 1554 2384 τά
1564 2330 1622 2402 ἀρα,
1635 2329 1712 2384 οίονελ

108 2420 198 2470 ταῦτα.
212 2417 250 2468 Μ.
931 2412 1012 2464 πάντα
1025 2409 1056 2463 τδ
1077 2410 1197 2480 ἐδίσματα
1214 2411 1383 2480 πιπράσκεται.
1425 2408 1540 2481 Ἀπδγάρ
1557 2415 1607 2464 τῶν
1622 2429 1711 2480 πιπρα-

150 2497 193 2550 56.
213 2490 436 2563 Ὀτι-ἠνώχλει]
452 2487 507 2542 ἀντὶ
517 2491 561 2543 τοῦ
575 2483 657 2552 ἐπειδὴ
673 2485 700 2539 δί
716 2483 799 2547 αὖτοΐς
820 2483 886 2551 ήνώ·
936 2489 1062 2559 οκομίνων
1078 2487 1105 2541 ίν
1121 2507 1170 2541 τινι
1181 2489 1250 2560 τόπῳ
1266 2487 1370 2542 ίκάλοον
1382 2488 1408 2541 οί
1428 2487 1550 2556 Ἀθηναῖοι
1568 2489 1611 2542 τδν
1623 2490 1709 2544 τόπον.

108 2574 179 2644 χλιι.
195 2575 281 2638 FMQ.
933 2569 1019 2636 FMQ.

160 2651 204 2721 59.
227 2643 600 2720 Ἀστραγάλως-ὃιαυῑίῦτυῠς]
625 2639 700 2702 Εἶδος
726 2639 888 2712 ἂπΡαγᾶλωθ
969 2647 1080 2720 Κάραις]
1094 2648 1183 2720 Κῶμος
1197 2646 1213 2714 ή
1227 2645 1360 2720 μετόίνου
1373 2645 1436 2718 ᾠδή.
1451 2648 1517 2716 MQ.

109 2730 189 2792 Οὕτως
199 2728 245 2782 ὑπὸ
263 2732 312 2780 tffiv
328 2725 449 2780 κυδεῶτῶδ
467 2721 666 2793 θίομαζομίθωθ.
683 2721 749 2787 MQ.
763 2719 889 2781 Πολλάκις
969 2731 1013 2796 69,
1035 2727 1086 2780 Οὐχ
1108 2727 1215 2800 ἠγνόουν
1238 2727 1292 2798 ὅτι]
1311 2724 1412 2788 ’Ᾰξωΰσί
1431 2743 1494 2787 τινες
1520 2726 1654 2796 [dmum
1678 2729 1714 2798 τῷ

107 2809 174 2872 τινές
184 2809 297 2868 κώδωνας
310 2804 427 2876 ἀργυροῦς
438 2803 454 2868 ἢ
470 2802 579 2871 χαλῑῠΰί
592 2799 693 2866 ίίῆπτθλ
708 2799 777 2852 ίίδθί
797 2797 887 2866 MN,
933 2805 1016 2878 ῥήτορι
1025 2806 1050 2861 ἐν
1063 2807 1141 2879 ἀγῶνι
1155 2805 1296 2878 συνηγόρων
1313 2801 1418 2870 ίειθολὴν
1437 2805 1609 2876 ποιησαμίνιρ,
1620 2807 1674 2859 δίον
1684 2811 1712 2860 ίν

107 2889 155 2940 ἵνα
166 2886 290 2957 ἀφιίμανοι
303 2879 367 2954 ήχόν
379 2899 434 2935 τινα
448 2879 586 2934 ἀποτελῶσι
599 2879 642 2932 καὶ
656 2877 737 2948 τίρψιν
750 2875 817 2949 ίντῇ
834 2897 888 2931 παι·
934 2885 1054 2958 ἐπιλόγῳ,
1091 2885 1183 2954 Εόηθες
1197 2883 1224 2937 δέ
1244 2885 1380 2953 πάσχουσι·
1405 2873 1504 2956 μερικάς
1518 2882 1566 2953 γάρ
1582 2887 1712 2954 πανταχοῦ

108 2967 163 3035 διᾷ.
201 2957 329 3017 Οθτοιοδν
342 2961 458 3032 ἐλέγοντο
471 2959 612 3011 διάσειστοι.
659 2957 755 3027 Φιμοδς
770 2955 796 3009 δί
809 2955 887 3008 ἀλλα-
933 2965 1013 3018 ποιεῖν
1029 2964 1130 3030 ἔξεστιν,
1144 2961 1325 3034 mally
1342 2961 1444 3016 istm„
1458 2961 1712 3034 χςραλαίονςπςλοφς.

110 3046 164 3114 χοῦ
177 3041 220 3113 μίν
234 3041 347 3112 σημαίνει
361 3037 395 3100 είς
409 3037 450 3100 οδς
463 3035 629 3106 ίμόάλλονται
643 3034 668 3087 αί
682 3035 770 3104 ψῆφοι,
784 3033 889 3088 ἐνταῦθα
935 3041 1039 3112 apte«,
1076 3041 1178 3103 Ἄλλως
1197 3059 1225 3094 η
1248 3038 1357 3110 ohaam
1381 3038 1484 3091 κάλλιον
1503 3036 1573 3108 εἶχεν
1597 3037 1714 3092 {gemm

108 3122 139 3176 δέ
153 3122 220 3174 ἀνδν
233 3119 350 3174 καλοῦσιν
370 3118 394 3171 οἱ
413 3114 527 3169 κνόευταί
543 3117 641 3184 πυργία.
664 3115 749 3180 FMQ.
772 3111 851 3183 Φιμολ
864 3113 889 3166 οί
932 3115 1006 3170 αδτδν
1026 3114 1071 3184 τὴν
1093 3117 1240 3188 συνηγορίαν
1253 3115 1269 3182 ἢ
1281 3114 1306 3169 ίν
1317 3121 1353 3188 τῷ
1363 3115 1418 3185 περὶ
1433 3114 1506 3168 αδτδν
1517 3114 1603 3187 λόγιμ,
1619 3113 1656 3168 ίτι
1671 3134 1716 3186 με·

108 3199 260 3270 καλούμενοι
275 3196 367 3268 κημολ,
380 3194 412 3257 είς
421 3195 462 3255 οδς
472 3191 635 3246 ίνεδάλλοντο
647 3189 672 3244 οί
683 3189 843 3261 ἀστράγαλοι.
857 3191 886 3248 B.
933 3198 1063 3268 μνημίνων
1078 3198 1266 3251 τῶνδαασςῶν,
1306 3195 1333 3248 Ἃ
1346 3194 1395 3266 γάρ
1406 3195 1551 3250 {umato
1568 3193 1716 3267 εἰπεῖνπρλς

148 3275 336 3346 Τάς-πληγάς]
354 3275 370 3341 ἢ
391 3273 433 3336 τάτ
446 3271 583 3325 ἀπολλύναι
595 3271 729 3340 &uvat-'1¹⁶²‘
744 3269 786 3322 καί
803 3268 827 3332 ἐξ
845 3270 888 3323 ἂν·
932 3275 976 3342 τήν
988 3275 1117 3342 διαόολήν,
1129 3280 1206 3330 ταῦτα
1217 3274 1321 3330 ίυταθθα
1334 3271 1402 3329 εἶπεν
1417 3273 1610 3346 ἀγωνιζόμενος.
1627 3276 1666 3330 Μ.

109 3359 216 3428 δρώπων
232 3353 378 3420 ποιοίισαςῆ
397 3354 424 3415 ἀς
441 3350 470 3404 οδ
483 3352 644 3422 γινώσκουσιν
656 3348 680 3400 οἱ
695 3349 819 3418 ἅνθρωποι
832 3349 847 3415 ἢ
862 3351 890 3412 ἃς
968 3356 1152 3426 Λεωδάμαντα]
1174 3352 1229 3407 ἀντὶ
1253 3357 1297 3406 τοῦ
1315 3352 1359 3406 τόν
1386 3355 1579 3424 ωαχρώμνον
1596 3352 1662 3424 am
1678 3352 1716 3405 a!-

108 3433 176 3495 είκδς
189 3431 328 3502 ἀνθρώπους
345 3430 481 3501 παρασχεῖν
495 3428 511 3494 ἢ
525 3429 581 3480 όσαι
596 3425 656 3480 εἰσίν
669 3424 694 3480 ἐν
715 3425 851 3496 ἀνθρώποις
872 3429 887 3495 ή
932 3439 1021 3506 υχρῶς,
1034 3435 1064 3486 F,
1075 3429 1152 3496 οὗτος
1162 3429 1263 3503 ἐραστὴς
1280 3431 1377 3501 §Timo
1393 3427 1573 3501 Ἧρηνάνόρον,
1588 3431 1653 3498 Μρ,
1663 3429 1715 3484 ffl-

111 3513 174 3573 ὅσας
185 3510 307 3580 ἄνθρωποι
317 3507 476 3574 πλήττουσιν.
488 3505 573 3574 BMQ.
934 3529 1024 3580 μνηται
1037 3511 1059 3562 δ’
1067 3509 1142 3564 αδτοδ
1152 3508 1194 3562 καί
1206 3505 1392 3578 Δημοσθίνηςίν
1402 3511 1439 3577 τιῖι
1451 3505 1513 3560 κατά
1526 3505 1627 3560 Μειδίου
1638 3504 1712 3574 (άώ.

149 3595 193 3643 όο.
211 3587 392 3659 Ἀναιιηρυχθῇ]
407 3581 637 3656 ήγουνπεριδόητος
648 3584 760 3654 γίνηται.
772 3585 837 3651 MQ.
932 3588 991 3660 πρός
1007 3590 1126 3654 Λεπτίνην
1137 3605 1165 3659 p.
1186 3586 1247 3650 501,
1263 3585 1323 3654 τό).
1342 3585 1379 3642 Μ.

153 3663 253 3738 Ἔπήει]
268 3662 406 3735 ἐπήρχετο,
421 3663 537 3734 σύνεγγυς
554 3657 594 3728 ήν.
632 3661 743 3714 Γίνονται
758 3659 784 3712 δέ
800 3659 888 3728 ίκκλη·
972 3655 1279 3738 Ἐθορυόήσατε]’λδηλον
1292 3664 1395 3732 πότερον
1408 3665 1451 3715 νῦν
1462 3661 1646 3727 κατεπίπληκτο
1657 3659 1716 3730 πρδς

110 3741 165 3794 σίαι
177 3743 241 3812 τρεῖς
252 3748 296 3794 τοῦ
309 3739 417 3812 μηνδςαί
427 3739 561 3810 λεγόμεναι
571 3738 660 3809 κίριαι,
671 3738 698 3800 ἀς
711 3737 738 3790 ἐκ
749 3742 797 3792 τῶν
805 3737 888 3808 νόμων
933 3739 979 3810 τὴν
999 3744 1131 3815 μαρτυρίαν
1150 3742 1164 3794 6
1180 3741 1326 3810 Λεωδάμας,
1339 3741 1404 3792 ὥστε
1428 3737 1590 3808 ἀχθεοθίνεας
1602 3736 1658 3798 τους
1674 3737 1712 3788 δι·

111 3819 214 3888 ίχουσιν
231 3817 369 3890 ἀναγκαίως
382 3817 473 3870 τελεῖν.
515 3813 592 3870 Ἐπάν
607 3813 633 3867 δί
642 3813 760 3886 αἰφνίδιόν
779 3832 803 3867 τι
814 3833 889 3885 προσ·
933 3820 1023 3882 ναπὰς
1038 3825 1074 3892 τῷ
1091 3819 1195 3888 ὀνόματι
1210 3813 1389 3886 θορυόῆσαι,ή
1416 3813 1430 3866 ό
1452 3811 1596 3882 Ἀριστοφῶν
1615 3810 1712 3883 ἀνίγνω

109 3900 189 3971 πίση,
204 3897 390 3964 ἐκκλησιάζουσι
410 3896 465 3968 μίν,
485 3893 598 3949 καλεῖται
613 3893 639 3948 δέ
656 3893 807 3965 σιίγκλητος,
823 3893 845 3948 τί
866 3895 889 3946 δ’
934 3898 1066 3968 μαρτυρίαν
1083 3895 1261 3966 Λεωδάμαντος
1281 3891 1370 3962 κρίνων
1391 3891 1434 3946 τδν
1452 3887 1622 3961 Ἡγήσανδρον
1647 3888 1711 3942 ίται·

108 3979 160 4048 ἀρα
175 3977 217 4030 καὶ
228 3975 360 4044 ἐκκλησία,
376 3974 405 4030 οδ
416 3977 497 4048 κυρία.
535 3971 635 4040 Ἐπειδὴ
647 3972 674 4028 δί
685 3971 753 4028 είπεν
765 3972 797 4036 είς
809 3976 888 4028 πᾶσαν
933 3976 1010 4046 ρείας·
1025 3969 1190 4046 είκδςγάρήν
1207 3969 1427 4042 κειιρίσθαιαθτόν.
1447 3969 1494 4022 Καὶ
1507 3967 1555 4040 γάφ
1568 3968 1711 4039 προείρηκεν

107 4057 157 4122 τὴν
169 4057 252 4122 πόλιν,
266 4055 385 4127 ἐπήυῑγιε
398 4055 427 4110 τί)
439 4055 507 4128 infin
525 4054 551 4108 δί
565 4053 693 4122 ἐκκλησία.
730 4052 801 4118 Είλδς
815 4055 886 4125 ἐρκῡ·
932 4059 972 4112 ίίτι
986 4057 1139 4112 ίπολιτεόετο
1156 4055 1212 4128 πρίν
1224 4053 1298 4108 αίτδν
1315 4055 1457 4125 δοκιμάσειν
1475 4051 1607 4120 ἠπείλησεν
1623 4051 1639 4104 ό
1653 4048 1714 4122 Ἀρι·

110 4136 193 4208 μίνων
205 4134 306 4189 πολλῶν
319 4131 349 4201 ήν
359 4133 491 4205 καταφανὲς
501 4134 622 4206 γενίοθαι.
637 4135 675 4188 Μ.
934 4143 1040 4207 στοφῶν.
1054 4136 1090 4192 Μ.

150 4219 193 4269 6ι.
213 4213 349 4285 Παροινίυι]
369 4213 460 4284 Κυρως
480 4211 603 4283 ἐχρήσατο
623 4215 655 4282 τῇ
674 4211 751 4274 λίξει·
773 4209 827 4266 εἶπε
841 4211 889 4284 γὰρ
972 4231 1015 4283 7⁰·
1029 4213 1195 4285 Σαφίοτερον]
1211 4211 1267 4267 ἀντί
1283 4214 1328 4268 τοῦ
1346 4209 1514 4282 ἀναιδέστερον
1526 4209 1569 4264 καί
1586 4209 1714 4282 αίοχρότε·

109 4295 151 4346 ότι
169 4293 334 4363 μεθυσθέντες.
349 4293 412 4360 MQ.
435 4297 438 4304 ’
933 4311 986 4362 ρον.
1002 4295 1070 4348 FM.

154 4367 364 4440 Ὗπογενειάζιυν]
379 4368 515 4438 ἁπτόμενος
532 4373 580 4421 τῶν
594 4369 695 4438 γενείων
711 4369 752 4422 καί
765 4367 887 4423 ίκετείων.
969 4373 1100 4426 ῐΙοιεῖσθαιΙ
1128 4369 1206 4424 οίονιί
1216 4370 1370 4424 πεπονθίναι.

111 4449 180 4515 MQ.
969 4441 1100 4514 Βδελυρίας
1129 4439 1300 4511 ἀναισχυντίας
1313 4437 1347 4501 είς
1365 4435 1465 4492 αθτδτδ
1482 4435 1647 4508 ἀσελγαίνειν.
1668 4433 1712 4490 Er-

151 4525 196 4578 63.
215 4525 342 4590 Λήξεις-
355 4525 517 4597 ἐποιήσαντο]
533 4525 609 4597 ήγουν
623 4527 715 4598 ἐλσχον
729 4529 798 4594 δότην
810 4527 889 4595 ἀλλή-
935 4539 1005 4592 pm*
1022 4519 1048 4573 δέ
1067 4519 1100 4581 ὥς
1117 4518 1181 4588 παρὰ
1199 4516 1244 4584 τθί
1266 4515 1371 4588 βῧίλλαί
1387 4515 1417 4568 τθ
1434 4513 1550 4585 ίυλθφῑῦίυ
1571 4515 1630 4584 ⁸²⁸⁸?
1646 4513 1712 4566 ³⁰1¹*

108 4603 175 4662 λοις.
191 4605 225 4670 Q.
242 4601 312 4672 Παρά
332 4601 361 4655 τδ
379 4603 526 4674 λαγχάνειν.
545 4603 703 4674 Ἐλάγχανον
721 4603 840 4670 ἀλλήλους
853 4607 889 4658 δν.
934 4597 1104 4652 ἀναιδέστατον
1119 4595 1160 4649 καί
1174 4597 1385 4650 δυσαπόσπαστον.
1401 4595 1461 4648 PM.

110 4682 238 4742 κάσοντες.
253 4679 391 4736 Καλυδνται
402 4683 428 4737 δέ
437 4684 523 4745 πάντες
536 4680 603 4738 οὗτοι
614 4685 797 4756 προκληθίνττς.
811 4687 889 4740 Δικῶν
973 4675 1198 4746 Ἀπολογοόμενον]
1210 4675 1286 4728 οίονελ
1294 4672 1463 4742 ἀπολυόμενον
1474 4670 1532 4740 θιτίρ
1542 4675 1591 4724 τῶν
1604 4668 1712 4742 αίσχρῶν

109 4757 138 4810 δέ
152 4755 232 4822 λήξεις
244 4753 390 4823 ἐποιήσαντο
402 4757 456 4812 ἀντί
469 4765 512 4813 τοῦ
526 4759 619 4830 ἔλαχον
631 4759 838 4828 ἀλλήλοιςδίκην.
850 4765 887 4818 Μ.
933 4753 1041 4826 πράξεων
1054 4749 1091 4806 ‹st
1108 4752 1217 4824 ἐπραξῑθ·
1234 4755 1292 4806 FM·

153 4833 341 4909 Ἡγησάνδρου]
363 4837 410 4890 Καὶ
431 4835 473 4891 τδν
504 4835 676 4910 ’Ἡγήσανδρον
704 4839 832 4892 διαδάλλει
857 4841 890 4904 ὡς
972 4830 1144 4904 Ὗπερήρανα]
1159 4832 1267 4904 μεγάλα.
1282 4832 1313 4886 F.

110 4917 263 4988 ἡταιρηκότα
273 4918 402 4972 Διοπείθει.
416 4919 454 4974 Μ.
970 4930 1013 4982 71.
1040 4911 1220 4984 Ἐπιστρεφῶς]
1240 4910 1317 4964 οἱονεί
1338 4907 1553 4976 ουνεοτραμμίνως
1576 4907 1709 4978 τήρωνή,

152 4991 196 5045 Ἐν
208 4993 307 5066 ήλοιίφ]
315 4993 373 5048 Ὀτι
386 4993 508 5067 ἐξαιρίτως
520 4995 636 5050 είώδεσαν
648 4995 671 5048 οί
681 4993 888 5066 ἀρχαίοιήλικίαν
932 4992 975 5045 ἵνα
989 4987 1022 5061 μὴ
1035 4989 1188 5062 ἐλεγχθῶσιν
1199 4988 1248 5043 ἀπδ
1265 4991 1310 5053 τῆς
1324 4988 1406 5058 φωνῆς
1419 4985 1487 5045 όντες
1500 4983 1604 5036 κίναιδοι
1615 4985 1712 5056 χαθνως

108 5073 157 5140 τὴν
172 5076 274 5142 νεότητα
291 5073 385 5130 καλείν.
402 5077 487 5144 FMQ.
933 5068 1116 5139 διαλεγόμενοι.
1132 5069 1191 5120 ΡΜ.
1230 5065 1264 5118 Ἡ
1281 5065 1336 5118 ἀντὶ
1349 5067 1392 5117 τοῦ
1406 5062 1552 5123 σπουδαίως.
1566 5063 1604 5116 Μ.

149 5156 192 5216 δή.
212 5149 378 5222 Ἀριστοφῶντι
387 5153 398 5224 ]
408 5151 615 5226 Ιίικωμῴδηταιό
632 5149 774 5222 Ἀριστοφῶν
789 5151 822 5215 ιὐς
833 5149 889 5220 ὑπὲρ
973 5147 1097 5218 Ἀδιλοός]
1114 5143 1283 5218 Ἡγησάνδρου
1298 5142 1400 5212 ἀδτλφδς
1411 5135 1441 5208 ήν
1456 5139 1594 5214 Ἀριοόίιλος.
1636 5137 1710 5194 Ἐκα-
