4114 6088
718 405 743 466 1.
766 405 1018 468 ΟΛΥΝΘΙΑΚΟΣ
1041 407 1076 467 λ.
1640 415 1692 465 531

93 535 137 604 τήν
152 533 285 590 ἀπόστασιν
301 539 336 607 τῷ
348 537 391 601 τῆς
400 533 535 606 ἐλευθερίας
547 532 637 605 ἐνδόξῳ
653 533 830 606 παραμυθεῖται
844 533 873 587 τδ
957 535 1087 610 Ἄππιον]
1102 536 1220 592 Ἐναντία
1229 537 1278 608 γάρ
1287 535 1361 592 ἐστιν·
1377 535 1459 609 αίιμέν
1471 533 1520 608 γάρ
1536 535 1580 588 ούκ
1592 535 1702 606 ἄρχοντα

94 617 221 686 πταῖσμα,
231 615 325 676 δεικνδς
338 613 406 668 ούδέν
425 607 500 680 ἧττον
509 611 551 666 καί
560 616 603 665 νῦν
614 613 647 674 ίυς
657 611 702 666 ούκ
712 613 740 666 ἀν
751 611 873 678 ἠθέλησαν
920 613 1030 684 ἔχουσιν,
1044 614 1101 666 ἀλλ’
1116 615 1168 670 ἐστί
1179 617 1345 687 δημοκρατία·
1361 615 1417 683 ήδέ
1429 616 1565 688 μοναρχίαν
1580 613 1701 686 ίπαγγίλ·

94 694 139 748 ίιπδ
149 691 268 763 Φιλίππη)
278 690 398 762 γενέσθαι.
436 689 485 755 Τῆς
494 687 544 762 γὰρ
552 687 686 760 ἐλευθερίας
694 688 875 744 ἀντιποιοῦνται
920 693 1000 748 λεται.
1013 697 1043 750 P.
1152 709 1156 720 ·

95 774 230 846 προϊόντως
247 775 276 802 “·
300 767 367 821 ἀλλά
389 767 431 821 καί
452 767 510 838 ύπέρ
536 763 700 840 Ἀμφιπόλεως
720 765 874 840 ἐπολέμησαν
958 789 1000 838 ιο,
1013 789 1057 828 τι.
1071 773 1122 826 ίίθν
1135 775 1322 844 όμορσνγώραν
1335 772 1444 845 ίγωσιν]
1459 771 1626 844 Αύτδγάρτδ
1639 771 1702 838 πλη-

94 855 152 926 πρδς
164 849 309 920 Ἀθηναίους.
325 845 355 902 Ὀ
366 847 392 901 δέ
408 847 532 901 καὶτοῦτο
545 846 681 906 συνέστειλε
693 845 734 900 καί
747 845 780 909 είς
795 846 876 918 βραχύ
921 852 1005 912 σιάζον
1020 857 1064 906 τοῦ
1077 853 1153 907 τόπου
1173 855 1253 924 ώσπερ
1272 850 1358 906 είωθεν
1382 851 1413 905 τὰ
1433 852 1579 923 ἐγκλήματα
1600 851 1701 904 τίκτειν.

95 931 243 1000 κατήνεγκεν
259 927 318 1000 θπέρ
335 927 419 998 μόρους
436 927 519 997 χώρας
532 923 617 990 ‘W'
636 925 670 990 ὧν
691 926 783 998 μηθένα
798 925 876 996 λόγον
920 935 1000 987 TCV.
1019 931 1064 985 Ἐκ
1085 938 1134 986 τῶν
1152 938 1225 1004 τριῶν
1243 935 1428 1002 περιστατικῶν,
1447 933 1595 1003 προσώπου,
1613 932 1703 1001 τρόπον

97 1009 164 1082 ἐχειν
187 1009 244 1072 τούς
265 1007 404 1075 Ἀθηναίων
425 1004 465 1062 ἐπὶ
483 1005 602 1067 τθῑῠθτθῑς
625 1003 766 1076 ’ἐγκλήμαῦῑ
793 1023 878 1076 mm·
922 1013 963 1066 καὶ
974 1013 1067 1066 τόπου·
1084 1013 1174 1082 τρόπον
1189 1011 1229 1064 διὰ
1243 1009 1288 1076 τὴν
1302 1010 1432 1081 τυραννίδα
1438 1046 1446 1076 ,
1461 1012 1593 1082 προσώπου
1607 1009 1648 1062 δια
1660 1009 1703 1064 τδν

96 1093 190 1145 κεντεῖν.
205 1092 237 1146 R.
923 1092 1060 1158 Φίλιππον,
1074 1093 1151 1146 τόπου
1162 1090 1203 1144 διὰ
1212 1090 1241 1144 τδ
1255 1091 1358 1162 όμορον.
1371 1091 1402 1145 C.

134 1189 177 1236 ιο,
197 1187 239 1240 ¹7·
257 1167 324 1221 ’ἀλλ’
344 1165 497 1226 ἀναστάσεως
512 1164 553 1216 καί
564 1163 761 1236 ἀνδραποδισμοῦ
775 1169 818 1233 τῆς
831 1185 878 1219 πα·
962 1189 1002 1237 ιο,
1017 1189 1061 1226 σα.
1075 1171 1149 1224 Ταῦτ’
1158 1165 1222 1242 ούν]
1236 1167 1377 1236 ίίατασκευ]
1389 1173 1433 1223 τοο
1442 1170 1553 1239 δευτέρου
1564 1170 1702 1240 προοιμίου.

97 1251 192 1322 τρίδος]
204 1247 316 1318 ’Πξήρκει
326 1245 369 1318 μέν
382 1243 424 1298 καί
432 1243 475 1310 τὴν
489 1242 620 1298 ἀνάστασιν
632 1243 708 1300 εἰπεῖν
724 1247 811 1318 μόνην·
827 1245 878 1298 όδέ
923 1253 975 1306 ΒΡ.

98 1329 188 1397 ηύξησε
201 1327 230 1381 τδ
243 1325 337 1392 πάθος,
356 1323 398 1378 καί
413 1323 456 1377 τδν
478 1322 674 1396 ἀνδραποδισμὸν
691 1325 823 1396 ἐξενεγκὼν
838 1326 880 1378 καί
958 1330 1033 1382 'Mt’
1046 1323 1089 1382 οθν
1102 1327 1246 1400 ἐγνωκότες]
1260 1327 1341 1390 Δεόξας
1351 1325 1378 1380 ἐκ
1392 1325 1487 1380 πολλοῦ
1499 1326 1528 1379 τδ
1537 1327 1625 1380 δοκοῦν
1635 1327 1705 1379 λυσι-

98 1408 128 1462 τδ
142 1407 195 1474 ἐξῆς
204 1407 393 1478 φρικωδέστερον
411 1402 538 1476 προσθήκη
547 1405 590 1470 τῆς
604 1405 733 1475 πατρίδος,
747 1399 776 1471 ἧς
785 1408 880 1461 ποιοῦν·
924 1408 1005 1461 τελεῖν
1016 1411 1069 1470 τοῖς
1089 1408 1222 1475 ’λθηναίοις
1234 1406 1276 1460 καί
1288 1407 1442 1472 καταστήσας
1453 1403 1539 1467 αύτούς
1555 1405 1614 1476 πρδς
1624 1405 1654 1458 εδ
1668 1404 1706 1458 εδ·

99 1507 140 1542 τοι
150 1487 193 1541 τδν
208 1487 285 1558 λόγον
299 1485 422 1554 ἀνθρωποι
437 1482 537 1554 μᾶλλον
556 1482 572 1549 ἢ
591 1488 640 1536 τῶν
663 1487 767 1556 γονέων,
786 1483 819 1546 ὣς
840 1486 880 1540 καὶ
925 1489 1058 1560 θυμότερον
1069 1488 1153 1558 καιρδν
1165 1485 1221 1557 έσγε
1235 1489 1278 1540 τοῦ
1288 1485 1418 1558 παροξῦναι
1429 1484 1471 1538 καί
1484 1483 1577 1556 ἐγείραι
1589 1485 1647 1556 ιηοδς
1663 1483 1707 1548 τδς

99 1567 254 1638 Δημοσθίνης
266 1563 291 1618 ἐν
307 1569 343 1636 τῷ
359 1563 414 1634 περί
425 1567 468 1616 τοῦ
480 1563 597 1632 στεφάνου
610 1563 654 1633 (p.
672 1569 739 1634 296,
761 1565 809 1632 16)
826 1584 837 1612 ι
853 1563 880 1618 ού
925 1565 1029 1636 πράξεις.
1067 1566 1116 1620 Καὶ
1135 1565 1191 1618 ούδέ
1208 1563 1312 1618 ἐνταῦθα
1336 1562 1434 1634 μεγάλα
1454 1561 1540 1628 τινδῆ
1563 1564 1625 1634 μέοα
1649 1563 1707 1634 παρ’

101 1669 113 1697 ι
132 1651 183 1708 τοῖς
192 1647 289 1716 γονεῦσι
304 1641 410 1714 μᾶλλον,
426 1639 493 1692 ἀλλά
502 1640 703 1712 καίτῇπατρίδι.
721 1667 732 1689 ι
750 1642 797 1694 ίίαὶ
806 1643 879 1696 πόθεν
925 1644 1004 1698 αὐτῶν
1021 1646 1122 1716 ᾔτησεν,
1139 1643 1206 1696 ἀλλά
1223 1643 1253 1696 εδ
1274 1641 1404 1713 βούλεσθαι
1419 1642 1492 1713 μόνον
1512 1641 1553 1693 καί
1566 1643 1704 1711 προσέχειν.

99 1723 268 1790 τούτοςδῆλον
273 1723 326 1783 τοῖς
334 1719 470 1781 Ὀλυνθίοις
480 1720 518 1772 ότι
526 1739 555 1774 πε
569 1719 677 1776 λτούτων
690 1722 879 1788 κινδυνεύουσιν,
925 1723 969 1776 Διδ
983 1724 1024 1776 καὶ
1036 1725 1165 1794 χαννώσας
1178 1721 1265 1782 αύτούς
1283 1720 1324 1773 καί
1337 1718 1371 1782 είς
1384 1719 1493 1790 χρηστὰς
1504 1716 1602 1781 ἐλπῶας
1615 1718 1709 1790 ἐπαγα-

101 1802 148 1858 ἀπδ
166 1803 369 1874 παραδειγμάτων
383 1795 469 1870 ἐπάγει
482 1795 525 1864 τὴν
539 1740 629 1854 πίστιν.
671 1798 791 1855 Ὶκανάδέ
806 1805 882 1854 ταῦτα
930 1804 994 1876 γὼν,
1009 1802 1238 1874 συμδουλεύεινκαδ
1257 1799 1376 1872 χρήματα
1390 1798 1515 1871 είοφίρειν.
1556 1798 1600 1851 Ἐν
1612 1797 1649 1860 οἷς
1659 1799 1708 1870 γίιρ

100 1883 142 1936 καὶ
153 1887 204 1943 τοῖς
213 1879 325 1947 ἀνοήτοις
335 1877 455 1950 λογισμδν
464 1875 595 1947 ἐμποιῆσαι
605 1879 660 1951 περί
669 1885 717 1933 τῶν
726 1879 878 1951 μελλόντων.
925 1882 1007 1950 ἡδίους
1019 1883 1162 1954 γεγόνασιν,
1182 1881 1207 1936 ἐν
1223 1882 1318 1943 τούτοις
1328 1880 1412 1952 καιρόν
1429 1879 1501 1950 ἔσχεν
1514 1878 1663 1933 ύποόάλλειν
1679 1881 1708 1932 τδ

103 1957 276 2034 Ἀμφιπολῖται
289 1960 330 2013 καί
344 1957 464 2011 Πνδναῶι
476 1959 629 2012 διδάσκουσιν
647 1959 732 2022 αύτοίνς
743 1961 808 2022 όπως
819 1963 881 2030 χρῆ·
926 1965 1013 2018 δοκοῦν
1028 1963 1147 2034 ἐπαχθές,
1160 1963 1204 2016 ἵνα
1215 1962 1280 2035 λάθῃ
1289 1960 1330 2014 διά
1339 1965 1388 2014 τῶν
1399 1959 1570 2030 γρηστοτίρων
1584 1975 1708 2028 καταναγ-

100 2056 141 2094 τειι
154 2040 277 2102 Φίλιππος
287 2039 339 2100 τοῖς
352 2037 513 2094 πιστεύουσιν.
550 2037 615 2093 Ek«
631 2040 673 2094 καί
691 2039 739 2094 ἀπδ
752 2041 883 2109 καθολικῆς
926 2045 1003 2106 κύσας
1014 2042 1100 2105 αύτούς
1116 2041 1228 2104 δέξασθαι
1247 2039 1330 2094 καίτδ
1354 2041 1443 2092 δοκοῦν
1455 2037 1644 2108 φορτικώτερον.
1665 2037 1708 2088 Διδ

101 2121 203 2190 γνώμης
223 2121 349 2172 πιστοῦται
367 2117 396 2170 τδ
416 2116 563 2190 λεγόμενον.
579 2119 770 2174 Διαόεόαιωτικδ
787 2120 835 2192 γὰρ
852 2121 883 2175 τά
926 2121 969 2174 καλ
986 2121 1015 2175 εδ
1034 2121 1163 2193 προθύμιος
1183 2120 1341 2190 προσέθηκεν,
1357 2113 1539 2179 είδδνςδτικαέ
1552 2112 1581 2166 τδ
1594 2113 1709 2184 προέσθαι

102 2197 209 2250 καθόλου
222 2201 271 2250 τῶν
285 2201 388 2268 μερικῶν
400 2195 601 2268 νοημάτων.ίίαλ
614 2197 765 2269 δημοκρατία
783 2197 831 2272 γάρ
843 2199 884 2252 καὶ
927 2201 1044 2272 χρήματα
1057 2204 1109 2264 τοῖς
1124 2200 1260 2272 ἀνθρώποις
1273 2197 1386 2268 όκνηρόν.
1425 2194 1543 2248 Πούλεται
1562 2191 1589 2245 δέ
1599 2191 1640 2244 διδ
1653 2191 1709 2245 τού-

102 2276 213 2347 τνραννίς
225 2275 263 2330 ἀεὶ
283 2277 402 2348 διάφοροι.
441 2275 489 2328 ίίαθ
505 2275 521 2342 ἡ
536 2273 646 2347 πρυσοχή
666 2279 709 2344 τῆς
728 2278 884 2350 γειτνιάσεως
927 2299 977 2333 των
990 2284 1073 2345 πεῖσαι
1086 2281 1129 2334 τδν
1141 2283 1221 2350 δῆμον
1233 2277 1348 2345 ἐκστῆναι
1358 2281 1408 2330 τῶν
1422 2277 1556 2346 θεωρικῶν·
1571 2271 1649 2338 δῆλον
1661 2271 1710 2342 γὰρ

103 2354 168 2416 αύξει
181 2353 209 2406 τδ
223 2357 309 2426 μῖσος·
325 2355 356 2407 τά
372 2373 399 2408 τε
417 2352 465 2425 γὰρ
478 2353 576 2408 ἐναντία
593 2353 690 2426 μᾶλλον
702 2355 822 2410 δείκνυται
842 2357 884 2410 καί
929 2360 967 2414 ότι
980 2361 1078 2433 μᾶλλον
1096 2358 1265 2432 ἀγαπήσουσιν
1284 2356 1420 2423 ἀποστῆναι
1438 2359 1486 2407 τῶν
1502 2351 1590 2415 ἔξωθεν
1604 2349 1707 2421 λημμά-

103 2434 208 2505 πολέμια
224 2433 327 2501 πλησίον
342 2431 461 2500 ἀλλήλων
476 2433 616 2504 γενόμενα,
634 2434 741 2504 καθάπερ
758 2434 843 2507 ψυχρῷ
856 2435 884 2490 τδ
929 2459 978 2494 των
996 2441 1012 2510 η
1031 2441 1087 2511 παρ’
1102 2439 1193 2492 ίαυεῶν
1213 2437 1255 2490 καί
1268 2435 1364 2489 οίκοθεν
1379 2433 1536 2504 εἰσενεγκεῖν.
1575 2429 1621 2482 Διά
1636 2433 1711 2482 τοῦτο

102 2512 194 2583 θερμδν
204 2512 247 2565 καί
253 2511 333 2584 λευκῷ
343 2511 372 2565 τδ
385 2511 471 2584 μέλαν.
488 2513 520 2565 Π.
928 2519 955 2574 δέ
966 2519 996 2574 αδ
1009 2521 1186 2592 φορτικώτερον
1200 2515 1268 2570 ιιίτεῑ·
1281 2517 1338 2586 παρ’
1351 2514 1441 2578 αθτῶν,
1453 2512 1488 2566 ἵν’
1500 2509 1607 2572 εύκόλως
1618 2511 1711 2582 δυνηθῇ

143 2609 185 2656 ιο,
203 2595 243 2645 τό.
261 2589 319 2643 Ὀτι
331 2595 373 2644 νῦν
383 2589 411 2644 οδ
425 2591 480 2662 περί
489 2587 574 2661 δόξης]
587 2589 667 2652 καθὼς
677 2589 735 2660 πρὸς
748 2589 885 2659 Ἀθηναίους
928 2601 1014 2668 τυγεον
1029 2593 1103 2668 οόαερ
1114 2596 1185 2658 αδτδς
1196 2595 1320 2666 βούλεται.
1333 2593 1408 2648 HRS.
1695 2645 1696 2652 ,

107 2665 242 2725 Ὀλύνθιοι.
261 2671 293 2725 C.
968 2657 1009 2740 ίη,
1027 2677 1072 2732 αθ.
1088 2676 1135 2729 Παλ
1145 2675 1217 2728 πάλλ’
1234 2673 1398 2744 ἀπροσήκει]
1413 2673 1494 2742 ῶσπερ
1513 2671 1542 2722 ἂν
1559 2667 1581 2723 εἰ
1593 2668 1664 2740 ἔλεγε
1677 2667 1708 2721 τά

139 2748 198 2802 Ὅτι
213 2751 256 2803 νῦν
279 2747 307 2802 οὗ
322 2747 376 2818 περ]
390 2745 478 2816 δθίης]
497 2745 550 2802 οἷον
572 2745 600 2802 ού
617 2747 672 2818 περὶ
690 2752 733 2802 τοῦ
750 2748 886 2817 ἡττηθῆναι
930 2761 979 2810 τῶν
993 2757 1122 2827 προγόνων
1139 2753 1297 2825 διηγήματα,
1310 2753 1350 2806 ότι
1360 2750 1415 2812 ἐθος
1428 2747 1501 2821 εἶχον
1515 2747 1605 2802 ἐκεῖνοι
1624 2751 1710 2812 σώζειν

125 2829 182 2882 όνον
195 2825 281 2889 αὐτοδς
291 2825 356 2898 παρδ
370 2825 514 2891 Φιλίππου,
528 2823 585 2878 ἀλλ’
597 2825 656 2898 ύπέρ
669 2831 712 2879 τοῦ
728 2825 761 2898 μὴ
771 2827 884 2882 ἐκόαλεῖν
930 2836 986 2898 τοὺς
996 2835 1186 2897 κινδυνεύοντας,
1196 2835 1322 2888 BETCV.

105 2849 198 2962 ἐκεῖθεν
217 2907 259 2960 καί
277 2905 514 2978 ἀνδραποδίσασθαι,
539 2905 554 2958 ό
578 2905 630 2960 ἐστι
653 2905 755 2968 δούλους
774 2911 885 2975 ποιῆσαι.
969 2930 1011 2978 10,
1034 2919 1079 2967 αντ,
1104 2912 1194 2975 Αδεαὶνς
1214 2911 1335 2984 ἐξιόντας]
1364 2910 1421 2973 εοδς
1443 2907 1595 2976 Ἀθηναίους,
1615 2905 1656 2959 καί
1677 2901 1726 2978 μήγ

103 2987 187 3042 NV.
932 2991 1013 3064 ξενικῇ
1031 2993 1134 3062 δυνάμει
1150 2991 1280 3045 πιστεύειν.
1296 2992 1374 3045 TCV.

146 3083 189 3128 ιο,
205 3081 246 3132 17.
262 3063 432 3134 Πολεμοῦσιν]
444 3059 468 3116 οί
484 3062 617 3117 Ὀλύνθιοι.
630 3065 660 3117 Ρ.
967 3071 1051 3139 Μηδέν
1069 3071 1242 3138 ἐλλείποντας]
1260 3069 1357 3142 Σφόδρα
1376 3072 1509 3140 τεχνικῶς,
1529 3066 1573 3118 ἵνα
1591 3063 1613 3118 τί
1632 3065 1713 3138 συμόη

146 3141 213 3196 ’ἀλλ’
231 3140 400 3210 θίασῐᾶοῑως]
419 3139 494 3214 ἦγον]
510 3139 568 3214 ίνπέρ
579 3147 622 3196 τοῦ
638 3141 671 3213 μθ
687 3141 822 3198 ἀνάστατον
841 3145 887 3199 ίιπδ
931 3150 1067 3218 ἡττηθῆναι
1088 3149 1190 3214 αύτούς,
1213 3148 1261 3223 ¹7.ss
1283 3148 1421 3220 ἀπολογίαν
1435 3146 1465 3201 τδ
1477 3144 1590 3216 ἐλλεῖψαί
1603 3163 1658 3198 τινα
1676 3141 1712 3198 ὧν

105 3223 194 3277 τούτου
207 3221 319 3292 γενέσθαι
332 3217 376 3286 τήν
397 3225 462 3290 σφῶν
482 3221 554 3275 πόλιν
567 3221 608 3274 καί
626 3221 726 3284 δούλους
741 3221 838 3286 αύτούς·
859 3224 888 3277 τό
932 3231 1129 3284 αονιᾶοόλεναεν,
1141 3231 1243 3283 BTCV.

105 3301 157 3374 γὰρ
170 3301 259 3354 οίκεῖον
274 3299 393 3372 συμφέρον
408 3293 477 3364 ούτος
492 3303 572 3369 ζητῶν
589 3306 666 3356 ταῦτα
679 3303 808 3356 σπουδάσει
822 3307 889 3372 ποιῆ-
967 3309 1030 3365 Ούδέ
1056 3310 1105 3381 γάρ
1128 3309 1205 3381 λόγος
1231 3307 1287 3362 οθδέ
1314 3307 1412 3378 σκῆψις]
1438 3304 1547 3377 Λόγοςη
1572 3303 1712 3374 ἀπολογία,

106 3381 205 3435 νενΡ·
932 3385 1426 3459 αῆίνδιόενόιασνίᾶιοενή·ΒΡ·

147 3477 189 3526 ιο,
206 3463 248 3516 ιθ.
259 3459 307 3516 Kal
319 3457 418 3532 ίσασιν]
435 3458 586 3513 ’ἀντιπῖπτον
603 3459 666 3525 λύει,
682 3459 726 3514 ἵνα
739 3461 819 3532 μήτις
832 3459 889 3534 εἴπῃ
972 3485 1019 3531 ιο,
1039 3472 1084 3522 28.
1099 3466 1131 3519 Ὀ
1146 3469 1233 3528 πάντες
1245 3464 1377 3536 ἐθρύλουν]
1391 3463 1521 3534 Πόρρωθεν
1536 3461 1661 3515 ἀποκλείει
1672 3459 1715 3524 τδς

106 3535 173 3599 ῑίκθς
183 3536 226 3608 pkv
238 3537 292 3600 τοία
305 3535 447 3599 Ὀλυνθίους
460 3535 493 3608 μὴ
507 3537 626 3592 πιστεύειν
643 3535 709 3610 αύτῷ
723 3539 784 3609 μηδὲ
800 3539 885 3610 βούλε-
933 3545 1062 3616 προφάσεις
1075 3549 1124 3597 τῶν
1138 3543 1294 3614 βουλομίνων
1311 3541 1461 3611 ἀντιλέγειν·
1478 3543 1551 3592 τοῦτο
1567 3537 1625 3609 γάρ,
1637 3541 1713 3609 φησὶ,

105 3617 290 3687 ῦθαῑνφνέῦθαῑ
308 3615 406 3679 ἕαντολς
419 3616 493 3689 αύτῷ·
530 3617 563 3669 Τί
577 3609 637 3681 ῦθθὶ
653 3617 691 3669 ὅῑῑ
704 3616 890 3689 ῑῖῦίῑῑθῑςπρο·
934 3625 1064 3697 γίγονενθ
1081 3624 1169 3684 πάντες
1185 3620 1313 3691 ἐθρύλουν·
1332 3625 1428 3691 πρῶτον
1444 3617 1533 3688 μὲντῷ
1550 3616 1717 3688 περιληπτικῷ

107 3696 181 3748 Mul
195 3693 259 3766 παρὰ
273 3697 325 3757 τοῖς
342 3694 495 3760 Ὀλυνθίοις,
510 3695 598 3756 οἵτινες
613 3695 776 3766 βουλήσονται
786 3698 889 3768 προδοῦ-
934 3706 1025 3766 πάντας
1039 3702 1072 3764 εἷς
1081 3699 1257 3772 συγκατάθεσιν
1271 3697 1365 3769 ἤγαγεν
1376 3694 1413 3750 ὧν
1427 3695 1499 3756 αὖτδς
1510 3694 1633 3765 βούληται,
1657 3694 1715 3746 Δρύ-

108 3793 151 3826 ναι
165 3771 209 3840 τὴν
225 3775 308 3840 πόλιν,
329 3773 414 3846 ἐπάγει
435 3774 468 3836 ώς
485 3771 541 3826 οδδέ
558 3773 657 3835 τούτους
674 3773 798 3844 ἐνδέχεται
818 3779 890 3828 τοῦτο
935 3803 1005 3855 τερον
1019 3782 1046 3836 ὃ]
1059 3781 1174 3852 ἐθρύλουν
1186 3777 1260 3832 εἰνιδνν
1274 3775 1319 3843 τὴν
1331 3781 1373 3843 τῆς
1391 3774 1518 3848 μετανοίας
1527 3773 1645 3844 πρόφασιν
1654 3771 1715 3843 &vst-

108 3855 225 3920 ποιῆσαι·
250 3851 316 3906 ἴσασι
332 3851 380 3924 γέιρ
397 3851 438 3906 οία
454 3851 566 3921 ἐποίησεν
581 3851 613 3916 είς
633 3853 686 3916 τοδς
702 3855 821 3926 προδότας
842 3859 890 3908 τῶν
917 3868 1021 3934 ww·
1038 3859 1067 3913 οὗ
1085 3859 1133 3930 γὰρ
1151 3857 1228 3928 κρύφα
1240 3854 1296 3909 αδδ]
1309 3854 1335 3910 ἓν
1349 3850 1480 3925 ἀπορρήτῳ
1493 3851 1547 3922 περ]
1558 3849 1650 3904 τούτων
1662 3849 1716 3904 ἕλε.

113 3931 308 4003 Ἀμφιπολιτῶν,
321 3933 378 3995 τοίνς
395 3931 536 3995 ἀνοίξαντας
546 3931 611 4005 αύτῷ
624 3933 666 3996 τάς
677 3933 765 3996 πύλας.
803 3933 890 3988 Είσελ-
935 3959 1023 4013 γομιν,
1035 3937 1101 3990 ἀλλά
1112 3938 1198 3998 πάντες
1211 3935 1305 4008 βοῇκαλ
1315 3933 1411 4005 θορύόῳ
1421 3934 1546 4003 χρώμενοι
1559 3929 1616 3992 τούς
1630 3927 1717 3982 Ὀλυν-

109 4009 163 4061 θέυν
176 4007 223 4080 γὰρ
245 4009 328 4073 αύτούς
346 4011 454 4080 πρώτους
471 4009 597 4080 ἐφόνευσε,
611 4009 704 4082 λέγων’
724 4009 745 4064 εί
758 4017 806 4065 τῶν
824 4011 891 4066 ίδίων
937 4023 1001 4084 mou<
1022 4019 1202 4088 ἕαπανδάζομεν
1226 4015 1327 4086 ἐχθρούς
1348 4016 1499 4080 καταστῆσαι
1527 4016 1562 4082 τῷ
1587 4009 1714 4082 Φιλίππῳ,

109 4087 220 4142 πσλιτῶν
234 4088 277 4143 ούκ
292 4088 433 4160 ἐφείσασθε,
453 4090 522 4162 πόσιρ
535 4109 565 4160 γε
581 4087 655 4142 πλέον
676 4089 705 4143 ού
721 4089 824 4162 μέλλετε
839 4093 893 4163 περὶ
936 4101 994 4156 Ὅτι
1007 4099 1055 4172 γὰρ
1069 4098 1098 4152 τδ
1109 4097 1224 4169 ἐθρύλουν
1241 4099 1315 4150 τοῦτο
1328 4095 1425 4156 πάντως
1444 4093 1544 4146 δύναται
1556 4091 1664 4144 διδάσκει
1677 4089 1718 4142 καὶ

110 4163 157 4237 lp!
169 4163 269 4237 ύστερον
281 4171 388 4220 τοιοῦτοι
402 4167 562 4238 γενήσεσθαι;
574 4168 672 4222 BHRS.
936 4181 1048 4252 Ὅμηρος
1060 4179 1108 4248 (ΙΙ,
1126 4179 1151 4244 δ,
1166 4177 1218 4247 437
1227 4175 1248 4248 )·

152 4259 199 4310 το,
217 4261 259 4303 σο.
277 4245 425 4315 Πυδναίων]
439 4247 523 4299 Πύδνα
540 4245 569 4299 τδ
586 4250 628 4299 νῦν
642 4247 742 4318 Πίερος.
764 4251 794 4304 Ρ.
810 4249 893 4304 Πύδνα

109 4321 184 4384 πόλις
198 4321 358 4386 Μακεδονίας.
379 4325 443 4392 Anu,
461 4321 552 4391 ἀπέστη
566 4327 610 4378 τοῦ
623 4324 751 4380 ὑπακούειν
764 4325 891 4399 Φιλίππῳ,
1016 4315 1027 4338 ι
1042 4295 1078 4346 Οθ
1087 4295 1133 4358 γὰρ
1145 4293 1238 4343 πάντων
1249 4290 1289 4354 ἦεν
1304 4291 1363 4354 όμδτ
1374 4287 1450 4352 θρόος,
1464 4307 1476 4331 ν
1647 4385 1655 4406 η

111 4398 156 4452 καί
171 4397 311 4470 ἐστράτευσε
324 4402 377 4455 κατ’
396 4401 491 4467 αθτῶν,
512 4401 554 4455 καί
567 4403 621 4473 περ]
633 4403 724 4470 ταύτην
744 4407 855 4458 τοιοῦτόν
870 4425 894 4460 τι
938 4397 983 4465 τήν
1007 4397 1086 4452 αίτίαν
1107 4397 1189 4468 λέγων
1214 4399 1258 4449 τοῦ
1282 4393 1394 4464 θορυόεῖν
1413 4391 1469 4452 τούς
1490 4389 1582 4459 Τρῶας.
1624 4386 1718 4439 Ονκοόν

110 4477 217 4544 ωνίόη·
238 4479 279 4532 καί
295 4480 343 4552 γὰρ
358 4480 431 4534 κάκεῖ
441 4500 504 4544 τινες
523 4481 713 4553 προδεδώκασιν,
734 4479 781 4535 εἶθ’
795 4481 894 4554 ύστερον
939 4479 1043 4538 ἅπαντες
1065 4473 1191 4542 Ἕλληνες
1212 4471 1324 4544 ἔγνωσαν
1345 4468 1389 4536 τήν
1412 4467 1531 4540 ἡμετίραν
1553 4465 1657 4520 σπουδήν
1679 4466 1720 4516 καί

110 4557 215 4630 γνόντες
226 4558 264 4611 ότι
277 4557 321 4612 ούκ
333 4561 362 4613 ἀν
376 4559 454 4614 αθτῶν
469 4561 594 4631 φείσαιτο,
608 4559 697 4632 ἐφυγον
712 4559 752 4614 ἐπί
764 4560 793 4614 τδ
808 4557 894 4632 ’λμύν-
940 4555 1130 4626 μεταγινώῦκῑῑθ
1153 4551 1263 4622 ἀπρεπές.
1304 4547 1369 4602 Ἀλλ’
1388 4546 1540 4617 ἐόουλόμεθα
1556 4543 1599 4615 μέν
1619 4543 1720 4614 {Kaputa

110 4654 167 4690 τιον
179 4635 244 4707 ίτρδν
257 4641 301 4691 τοῦ
313 4637 402 4710 πατρδς
420 4638 509 4693 αύτοῦ·
524 4639 698 4702 κολακεύοντες
709 4639 756 4712 γὰρ
768 4639 842 4694 αὖτοΰ
852 4641 895 4694 τὸν
939 4633 1089 4698 καταστῆσαι
1102 4631 1157 4692 τοδς
1174 4627 1328 4692 Ὀλυνθίους,
1343 4624 1372 4679 ού
1389 4621 1437 4696 μήν
1451 4629 1493 4676 νῦν
1509 4621 1565 4675 ούδέ
1576 4625 1662 4674 τοῦτον
1677 4621 1719 4676 τδν

111 4714 207 4784 πατέρα
224 4717 308 4787 πρώην
327 4715 351 4769 οί
372 4715 490 4770 Πυδναῖον
505 4715 570 4788 ίερδν
587 4717 661 4771 αύτοῦ
679 4717 809 4785 ἐποίησανι
830 4720 897 4792 ὅμως
939 4713 1047 4784 τρόπον·
1064 4710 1116 4764 όδέ
1133 4709 1176 4763 καὶ
1195 4711 1269 4762 τοῦτο
1282 4705 1368 4760 ἐλυσεν
1382 4703 1471 4768 εἰπὼν,
1487 4701 1529 4754 καί
1547 4704 1623 4754 ταῦτα
1638 4700 1676 4770 Δόνς
1690 4702 1722 4756 ἀν

110 4793 136 4845 δ’
156 4789 209 4844 οθδ’
230 4793 308 4848 ἐκεῖσε
325 4797 514 4866 καταφυγόντων
532 4793 660 4867 ἐρείσατο,
684 4795 742 4848 ἀλλ’
759 4796 896 4860 ἀνασπάσας
939 4790 998 4863 ύμῖν
1018 4789 1126 4862 μάλιστα
1142 4788 1267 4858 συμφέροι.
1289 4784 1336 4836 Καὶ
1353 4782 1370 4850 ίγ
1388 4780 1507 4843 ἀπόδειξις
1523 4778 1591 4842 εύθδς
1607 4777 1656 4834 ἀπδ
1677 4785 1720 4834 τοῦ

111 4869 203 4933 αδτοδς
215 4871 295 4944 όρκοις
316 4869 355 4926 ἐπί
372 4879 407 4946 τῷ
422 4874 497 4946 μηδὲν
518 4877 619 4942 ποιῆσαι
632 4873 773 4938 ἐξελθόντας
785 4873 894 4930 ἀνεῖλεν.
940 4870 1046 4940 τρόπον,
1059 4869 1098 4921 ότι
1109 4865 1166 4938 παρ’
1180 4863 1250 4935 ἡμῶν
1265 4862 1308 4934 μέν
1326 4857 1557 4928 πεισθέντεςτυχδν
1571 4859 1601 4910 ἀν
1619 4857 1661 4910 καί
1676 4877 1720 4930 μι·

111 4949 213 5005 Blffis·
941 4951 1075 5020 τίγνωσαν.
1114 4945 1207 5000 Ούκοόν
1226 4943 1307 5014 λέγεις
1325 4941 1386 5013 ἡμῖν
1407 4937 1435 4992 ού
1448 4938 1570 5012 χρηστούς
1589 4957 1655 5001 τινας
1666 4937 1722 4994 οδδέ

154 5043 202 5094 1οι
223 5029 268 5084 ἀο.
288 5027 336 5084 Παλ
351 5029 416 5092 όλως
436 5032 553 5103 ἀπιστον]
570 5031 654 5088 Εἰπὼν
670 5033 701 5086 τά
723 5031 809 5104 μερικά
822 5050 898 5103 παρα-
943 5031 1053 5101 βεόαίους
1078 5027 1227 5099 ἀνθρώπους.
1265 5024 1311 5076 Διά
1334 5027 1407 5076 τούτο
1433 5021 1566 5092 προσέθηκε
1591 5021 1620 5074 τδ
1646 5019 1720 5086 ἴσως,

110 5107 237 5174 δείγματα
253 5111 289 5179 τῷ
302 5107 426 5180 καθολικῷ
436 5112 479 5174 τῆς
494 5112 596 5181 γνώμης
604 5113 680 5163 ταῦτα
690 5109 895 5180 ἐπισφραγίζεται.
941 5109 1099 5170 διαλεκτικῶς
1113 5108 1205 5178 σφόδρα
1213 5105 1256 5158 καί
1271 5103 1382 5176 ἀκριόῶς.
1422 5103 1469 5156 Παλ
1478 5099 1579 5156 πιθανδν
1590 5102 1632 5157 τδν
1644 5101 1721 5172 λόγον

111 5186 195 5242 BEV·
625 5250 629 5256 ,
943 5185 1042 5254 ἐποίησε
1055 5185 1097 5240 καί
1106 5185 1162 5248 τούς
1178 5183 1320 5246 Ὀλυνθίους
1333 5183 1463 5250 συνέστησε
1478 5178 1511 5252 μὴ
1524 5179 1720 5252 ἀποφηνάμενος,

1604 5277 1638 5332 ινί.
