4032 6094
748 464 800 523 ΙΙΙ.
824 462 1072 522 ΟΛΥΝΘΙΑΚΟΣ
1092 463 1124 522 Γ.
1672 469 1728 520 553

137 592 210 642 τοῦτο
225 587 309 656 μέρους
322 588 434 657 σώματος
442 584 527 654 εἶπεν,
538 586 648 658 ἐμμένων
662 591 779 661 τῇτροπῇ
792 592 836 642 τοῦ
845 588 911 642 ἐκνε·
957 588 1092 656 ἀποστῆναι
1104 593 1152 642 τῶν
1167 590 1300 660 θεωρικῶν,
1315 588 1428 659 βούλεται
1441 586 1526 650 αύτούς
1544 588 1636 648 τούτοις
1647 587 1729 658 μόνοις

137 666 296 736 νευρισμὶνοι.
305 665 406 722 BTCV.
957 666 1099 738 ἀρκεῖσθαι·
1114 668 1156 720 καί
1174 665 1207 738 μὴ
1226 667 1268 720 ἐάν
1283 669 1428 731 δικάζωσιν,
1450 667 1466 732 ὴ
1481 666 1692 737 ουμάουλεῦωσιν,
1712 665 1728 729 ὴ

174 745 218 812 37,
227 747 253 796 6.
269 740 454 810 ΒοίδιαῙτοῦτο
467 742 499 805 είς
514 744 620 814 Χάρητα.
658 743 747 804 Διαὸἀς
761 743 809 814 γάρ
823 742 856 805 εἰς
867 741 912 812 τὴν
957 745 1177 816 ἐπιστρατεύωνται,
1189 745 1323 816 λαμὸάνειν
1338 746 1434 814 μισθόν.
1449 746 1530 798 TCV.

142 819 220 873 ’λαίαν
233 821 292 892 πρὸς
307 819 463 891 λρτάδαξον,
474 823 526 882 τοῖς
537 820 637 882 ξενικοῖς
651 823 810 892 στρατεύμασι
822 821 910 890 πομθή-
990 822 1084 876 Ούκοῦν
1097 823 1127 875 σύ
1137 823 1284 894 μισθοφορὰν
1295 824 1403 894 λέγειςς]
1418 821 1579 894 ’λνθυποφορά
1591 822 1619 874 τδ
1631 823 1728 890 σχῆμα,

136 900 317 970 σαςλάμήνακον
327 899 481 968 καίΣίγιιον,
492 898 595 970 ἐπεμψεν
606 897 912 970 Ἀθηναίοιςβοῦς,ἀςδιεί·
954 902 989 954 ἵν’
1003 901 1035 964 ώς
1060 901 1144 953 δοῦλοι
1162 901 1276 972 λάθωμεν
1302 901 1387 972 μισθδν
1407 901 1448 954 καί
1470 901 1545 962 οὕτως
1568 899 1727 969 πολεμῶμεν·

136 977 213 1030 λοντο
228 977 290 1030 κατά
303 977 389 1048 φυλάς.
403 980 458 1033 ΑΒ.
955 984 1028 1034 τοῦτο
1037 979 1084 1050 γίιρ
1096 977 1193 1050 ᾐνίξατο
1204 979 1229 1033 έν
1243 981 1295 1040 τοῖς
1303 979 1371 1042 άνω,
1384 979 1422 1030 ὅτι
1433 977 1474 1030 δεῖ
1484 978 1570 1030 λαύεῖν
1583 975 1614 1029 τίι
1627 976 1730 1046 θεωρικὰ

172 1055 290 1126 Ρράφεται
302 1055 344 1108 καί
357 1055 501 1126 βοηδρύμια.
540 1055 586 1108 ίίαί
606 1057 654 1127 γάρ
664 1057 804 1126 φασιν,δττ
822 1054 912 1126 έπεμψε
957 1055 989 1118 εἰς
1003 1057 1090 1128 μισθὸν
1103 1056 1221 1127 πολέμου.
1259 1053 1323 1109 Ehe
1335 1053 1416 1120 ἐπειδὴ
1429 1055 1507 1108 ἐδόκει
1517 1055 1656 1124 ἐφύθριστον
1666 1051 1731 1106 εἰναι

134 1130 181 1198 τὴν
193 1132 543 1204 λείανύλάρης,βοηδράμια
555 1128 595 1200 ὴν.
633 1133 668 1186 Tb
682 1133 709 1186 δί
727 1132 807 1204 βοίδια
823 1133 911 1186 ίιποκο-
956 1135 985 1188 τδ
994 1135 1073 1206 ὄνομα
1090 1138 1133 1200 τῆς
1146 1135 1308 1205 μισθοφορᾶς,
1322 1133 1470 1204 μεταδάλλει
1481 1134 1523 1186 καί
1535 1132 1643 1194 σύνταξιν
1655 1130 1730 1196 αύτὴν

135 1213 243 1282 ριατιιιέν
259 1211 359 1266 ἐστινέν
375 1215 507 1282 συναιρέσει
521 1212 622 1283 ’λττικῷ
633 1213 692 1266 έθει.
708 1215 788 1266 TCV.
957 1212 1042 1266 καλεῖ·
1060 1218 1095 1284 τῷ
1116 1212 1142 1266 δέ
1160 1211 1225 1283 έργῳ
1243 1212 1284 1264 καί
1302 1217 1338 1284 τῷ
1353 1211 1444 1279 ἀληθεῖ
1457 1208 1502 1277 τὴν
1517 1209 1590 1276 αύτὴν
1604 1210 1680 1262 καλεῖ
1690 1210 1731 1262 καί

173 1291 219 1344 Καί
236 1291 264 1344 τδ
286 1292 384 1344 πάντων
399 1290 596 1362 ἀνανδρότατον]
613 1292 730 1362 Ρράφεται
745 1290 786 1343 καί
806 1290 912 1362 ἀνδμτιύ-
956 1287 1065 1350 σύνταξιν
1084 1289 1126 1342 καί
1144 1291 1302 1361 μισθοφοράν.
1341 1289 1387 1342 ίίειί
1401 1289 1450 1359 γάμ
1472 1289 1513 1341 καί
1529 1288 1554 1342 ἐν
1573 1293 1604 1360 τῇ
1624 1285 1731 1347 συντάξει

135 1369 256 1420 τατονίν’
276 1363 292 1440 ᾖ
314 1367 375 1421 κατά
389 1367 522 1439 εἰρωνείαν.
559 1368 594 1421 '0
611 1387 673 1430 τινες
690 1367 852 1438 ἀγνοήσαντες
867 1367 911 1434 τὴν
957 1370 1040 1440 μισθός
1054 1368 1117 1422 ἐστιν
1132 1369 1330 1440 ἀπαρεχύμενος.
1372 1366 1567 1436 Ὧοανείέλεγι·
1583 1365 1731 1437 μισθοφορὰν

135 1449 181 1498 νῦν
200 1447 334 1518 φερομένην
357 1444 452 1516 γραφὴν
476 1445 602 1514 ἐποίησαν.
639 1446 674 1498 Tb
698 1446 725 1499 δέ
741 1447 912 1516 προσοφείλετε
955 1447 1024 1500 καλῶ
1034 1445 1082 1516 οἰχ
1094 1447 1125 1514 ὴν
1140 1445 1209 1518 ύμεῖς
1221 1447 1347 1518 νομίζετε,
1361 1445 1531 1516 παρεχομένην
1547 1447 1600 1505 τοῖς
1615 1443 1728 1508 δούλοις,

135 1526 209 1595 χάριν
223 1523 308 1588 είπεν,
321 1524 402 1590 ἐπειδὴ
416 1544 487 1596 φασιν
509 1527 547 1580 δτι
570 1524 737 1596 ἐστεφάνωσαν
755 1523 794 1578 ἰπί
814 1529 846 1597 τῇ
858 1526 912 1597 λείρ
958 1525 1024 1578 ἀλλά
1043 1523 1088 1590 τὴν
1104 1527 1274 1596 παρεχομένην
1287 1527 1339 1586 τοῖς
1359 1519 1490 1594 ἐλευθέροις
1511 1523 1569 1594 ύπὲρ
1580 1526 1624 1576 τοῦ
1634 1523 1731 1593 λαμύά-

135 1601 181 1656 τδν
189 1601 296 1671 Χάρητα.
305 1601 386 1654 TCV.
956 1623 1005 1656 νειν
1014 1603 1056 1656 καί
1066 1605 1146 1656 ποιεῖν
1159 1603 1190 1656 τά
1201 1604 1297 1656 δέοντα.
1334 1603 1369 1654 Tb
1383 1602 1409 1654 δέ
1423 1601 1536 1656 ἁπάντων
1551 1600 1605 1652 ἀντὶ
1617 1605 1661 1653 τοῦ
1673 1600 1731 1671 ύπέρ

173 1679 244 1748 37,8
266 1676 451 1748 ίίαθείρξσνττς]
465 1675 519 1730 οἷον
533 1677 717 1750 συγκλείσαντες
726 1677 768 1729 καὶ
780 1675 814 1748 μὴ
828 1677 912 1740 ἐῶντες
956 1681 1068 1735 ἀπάντων
1083 1687 1131 1734 τῶν
1145 1682 1309 1752 πραγμάτων,
1323 1681 1365 1732 καί
1381 1679 1406 1734 ἐν
1418 1680 1520 1751 πολέμῳ
1534 1679 1576 1731 καὶ
1597 1679 1621 1733 ἐν
1636 1678 1728 1753 εἰρήνη.

135 1756 268 1826 πολεμεῖν·
283 1755 337 1810 εἰπε
351 1755 378 1809 δέ
387 1755 421 1818 ὡς
432 1755 471 1810 ἐπί
488 1757 659 1828 δεσμουμένων
674 1755 762 1825 θηρίων
773 1754 817 1821 τὴν
836 1753 909 1818 λέξιν.
955 1759 1073 1812 Βούλιται
1084 1758 1141 1831 γὰρ,
1153 1757 1232 1824 ἐπειδὴ
1247 1758 1293 1828 ὁρᾷ
1303 1757 1388 1818 αύτούς
1401 1755 1434 1826 μὴ
1445 1757 1606 1828 βουλομένους
1617 1755 1689 1808 λῦσαι
1701 1756 1731 1810 τὰ

134 1836 180 1888 Διδ
192 1834 276 1906 ἐπάγει
286 1835 328 1886 καί
341 1835 370 1888 τδ
383 1833 534 1888 τιθασεύουσι
544 1836 586 1888 καὶ
602 1835 631 1888 τδ
650 1834 794 1904 χειροήθεις.
830 1837 912 1890 Ταῦτα
957 1837 1076 1908 θεωρικέι,
1091 1837 1224 1908 λαμύάνειν
1238 1836 1299 1888 αύτά
1309 1836 1333 1890 ἐν
1349 1835 1432 1906 εἰρήνῃ
1443 1835 1483 1887 καί
1496 1833 1521 1886 ἐν
1535 1834 1637 1906 πολέμῳ
1650 1833 1731 1904 ἀρκεῖ-

134 1915 185 1987 γάρ
196 1916 275 1968 πάντα
284 1913 324 1968 ἐπί
342 1913 431 1984 θηρίων
445 1911 564 1984 εἰώθαμεν
575 1913 830 1983 ποιεῖν,ὴμεροῦντες
840 1913 910 1970 αιίτά.
956 1915 1011 1966 σθαι
1021 1914 1063 1966 καί
1076 1911 1108 1984 μὴ
1121 1915 1204 1980 ζητεῖν
1218 1911 1320 1966 πλείονα
1331 1912 1356 1966 ἐν
1374 1911 1484 1984 πολέμιμ.
1522 1911 1615 1964 ίίοινῶν
1628 1911 1655 1963 δέ
1673 1930 1731 1981 φησι

134 1995 184 2046 Καὶ
195 1993 223 2047 τδ
233 1992 349 2058 ἐπάγουσι
357 1991 384 2045 δέ
394 1991 427 2053 ιὐς
437 1990 475 2045 ἐπί
486 1993 574 2062 θηρίων
587 1991 669 2046 εἶπεν·
684 1992 802 2064 εἰώθαμεν
812 1993 860 2065 γὰρ
871 1996 912 2048 καί
954 2000 1003 2047 τῶν
1013 1996 1146 2064 δημοσίων.
1161 1995 1277 2051 BHRSP.
1291 1993 1468 2064 ’λνθυποφορά
1480 1992 1532 2058 ήτις
1544 1993 1604 2063 μέση
1615 1993 1731 2061 τυγχάνει

135 2069 168 2123 τέι
179 2071 251 2141 θηρία
262 2069 338 2132 ούτως
349 2068 495 2139 ἐξημεροῦν,
510 2069 551 2120 διά
566 2073 609 2122 τοῦ
621 2067 665 2136 τὴν
678 2073 751 2141 χεῖρα
764 2074 816 2133 τοῖς
827 2074 911 2143 σώμα-
958 2072 1140 2135 ἀντιπίπτοντος
1153 2074 1194 2126 καί
1206 2073 1362 2136 ἀντιθέσεως,
1379 2073 1465 2142 μεῖζον
1479 2070 1521 2143 μέν
1534 2069 1730 2132 ἀντιπίπτοντος,

135 2169 177 2202 σιν
190 2149 269 2202 αἰτῶν
284 2147 382 2219 ἐπάγειν
391 2187 399 2212 ,
409 2147 486 2202 οἱονεί
493 2149 665 2210 κολακεύοντες
679 2149 741 2202 αύτὶι
752 2151 792 2203 διά
802 2155 845 2204 τοῦ
857 2171 910 2222 χει·
957 2143 1030 2214 ὴττον
1045 2149 1071 2203 δέ
1085 2149 1235 2212 ἀντιθέσεως.
1277 2149 1351 2202 ’λλλά
1363 2148 1424 2210 λέξει
1436 2167 1486 2209 τις1
1503 2148 1657 2218 μισθοφορεῖν
1670 2145 1731 2217 ἡμῖν

134 2229 267 2300 ροτριῦεῖν.
286 2231 338 2282 ΒΡ.
361 2226 406 2280 Ἐκ
432 2230 566 2298 μεταφορᾶς
586 2234 634 2282 τῶν
653 2227 753 2300 ἀλόγων
768 2231 852 2300 ζῴων·
873 2231 911 2284 διδ
955 2227 1139 2297 συμάουλεύειςς
1158 2230 1230 2280 τοῦτο
1246 2226 1268 2278 δ’
1285 2221 1315 2292 ὴν
1331 2224 1461 2292 ’λθηναίοις
1475 2223 1610 2286 εὖδοξυῦσιν
1629 2221 1731 2292 ἐπαχθές

134 2308 178 2362 καί
196 2307 226 2361 τί)
241 2307 406 2362 τιθασεύουσιν
422 2307 464 2360 καί
483 2307 512 2360 τδ
527 2307 663 2378 χειροήθεις
681 2307 814 2378 ἐπήγαγεν.
828 2310 908 2364 ch.
955 2306 1036 2358 τεκαὶ
1051 2305 1190 2376 βαρύτερον.
1206 2308 1240 2358 Α.

171 2387 216 2454 37,
230 2385 362 2450 τύ.Ταῦτα
373 2384 408 2456 μὰ
414 2381 458 2450 τὴν
467 2385 604 2456 Δήμητρα]
618 2383 743 2439 Ἐντεῦθεν
753 2385 777 2438 οἱ
789 2384 908 2458 ἐπίλογοι·
990 2384 1034 2448 38,
1049 2383 1075 2436 5.
1091 2382 1200 2444 Ἔξεστιν
1219 2383 1287 2452 έγειν
1308 2379 1428 2450 ὴσυχίανζ
1444 2381 1511 2433 ίίάνυ
1524 2379 1604 2441 καλῶς
1613 2377 1658 2444 τὴν
1671 2377 1730 2444 ὴσυ-

133 2469 405 2534 προκατασκευαστικῶς
418 2463 470 2516 δέύ
490 2463 569 2535 ῥήτωρ
583 2463 626 2518 τδν
638 2465 748 2517 κίνδυνον
763 2465 911 2536 βουλόμενος
956 2460 1013 2530 χίᾱν
1028 2459 1155 2530 προέταξε·
1176 2459 1294 2530 ῥᾳθῦμθυς
1307 2457 1354 2530 γὰρ
1375 2458 1577 2528 προῦφθέγγῑταῑ·
1615 2455 1679 2509 Εἶτα
1690 2457 1731 2508 ἵνα

133 2543 221 2612 φυγεῖν
232 2542 304 2594 τοῦτά
315 2558 397 2610 φησιν.
411 2541 490 2593 TCV.
956 2535 988 2608 μὴ
1004 2539 1155 2608 μεμνημένος
1168 2542 1211 2590 τοῦ
1224 2537 1343 2607 ἀνύμοιτος
1354 2539 1397 2588 τοῦ
1411 2535 1519 2606 πολέμου
1533 2533 1641 2606 ἐπαχθὴς
1649 2536 1727 2607 ὀφθῇ,

170 2616 264 2684 Μάτὴν
276 2619 411 2689 Δήμητρα]
426 2615 524 2683 Ἐπειδὴ
532 2618 619 2690 Ιήσθετο
629 2616 715 2679 αύτούς
723 2616 912 2688 ἀργίλουςγινο·
954 2615 998 2669 οἰκ
1019 2615 1163 2686 ὠνόμασεν,
1186 2615 1242 2668 ἀλλ’
1267 2613 1335 2668 εἶπεν
1358 2611 1413 2666 οἰον
1435 2614 1475 2666 καί
1503 2613 1534 2666 τά
1554 2618 1596 2666 νῦν
1611 2614 1723 2684 ύπάρχει.

135 2699 221 2768 μένους
240 2695 281 2748 διά
301 2695 330 2749 τδ
353 2695 435 2750 πολλὰ
451 2695 533 2756 αύτοῖς
555 2695 710 2767 ἐπιτιμῆσαι,
729 2692 774 2760 τὴν
794 2694 910 2765 Δήμητρα
953 2695 1054 2746 TCFV.

134 2776 305 2830 ἀποτελεῖται.
345 2773 440 2846 [Εἰκδς
452 2773 499 2845 γάρ
510 2769 667 2844 ὴν]ὴμέρους
678 2772 763 2834 αύτούς
771 2771 910 2844 ἀπεργάσα-
989 2775 1033 2836 38,
1046 2779 1071 2828 8.
1083 2772 1242 2844 Συμθαίνειτι
1251 2769 1540 2842 τοιοῦτον]’λποστροφὴ
1553 2769 1581 2822 εδ
1591 2773 1685 2840 σχῆμα.
1697 2772 1728 2822 C.

134 2855 205 2917 σθαι,
220 2851 264 2919 τὴν
277 2853 319 2906 καί
326 2859 374 2906 τῶν
386 2851 482 2923 ὴμέρων
492 2853 574 2905 σιτίων
584 2851 662 2905 αἰτίαν
672 2853 805 2922 γενομένην
818 2851 908 2913 αὐτοῖς.
989 2851 1026 2903 T&
1042 2851 1101 2920 νῦν]
1123 2849 1178 2902 ἀντί
1192 2853 1236 2902 τοῦ
1257 2849 1376 2918 πόλεμον.
1413 2848 1479 2918 ’θρα
1492 2847 1518 2902 δέ
1537 2854 1586 2910 πῶς
1603 2849 1632 2900 τδ
1651 2849 1731 2918 ὄνομα

134 2935 188 2985 ΒΡ.
205 2931 247 2994 Ὦς
259 2931 389 2997 ἐπιπλήξας
401 2931 525 3002 θεραπεύει
539 2931 630 2995 πάλιν,
644 2930 684 2982 διά
694 2930 724 2982 τδ
736 2930 815 3006 τραχδ
826 2929 853 2984 δέ
865 2929 910 2996 τὴν
954 2934 997 2984 τοῦ
1010 2929 1118 3000 πολέμου
1132 2928 1318 2998 ἀποκρύπτεται.
1330 2930 1359 2980 Β.

134 3012 253 3082 Δήμητρα
262 3013 364 3083 ἀμνυσι,
378 3011 548 3082 τυγχάνουσαν
559 3009 614 3063 θεδν
627 3009 732 3079 ἥμερον,
743 3008 801 3078 πμδς
812 3009 841 3062 τδ
853 3008 910 3079 ὴμέ·
992 3007 1048 3062 ‘Aah
1062 3013 1109 3060 τῶν
1124 3006 1202 3060 αἰτῶν
1214 3007 1326 3076 τούτων]
1338 3006 1474 3070 τουτέστιν,
1486 3005 1529 3058 ἵνα
1549 3001 1583 3075 μὴ
1602 3004 1660 3076 πρὸς
1672 3007 1724 3066 τοῖς

134 3109 191 3158 μους
199 3089 283 3152 αύτούς
296 3091 404 3154 ποιῆσαι.
442 3087 537 3157 Ὥσπερ
549 3085 596 3156 γάρ
612 3087 690 3152 ἐκείνη
705 3085 745 3137 διὰ
754 3091 803 3138 τῶν
813 3091 910 3156 καρπῶν
956 3087 1081 3157 θεωρικοῖς
1090 3085 1205 3157 λαμύάνῃ
1218 3085 1303 3156 μισθδν
1314 3076 1496 3156 στρατιωτικόν.
1509 3085 1579 3138 ch
1582 3125 1588 3136 .

133 3167 238 3238 ἡμέρους
256 3169 311 3230 τούς
332 3167 472 3238 ἀνθρώπους
485 3165 613 3232 ἐποίησεν,
629 3163 705 3224 οὕτως
721 3163 762 3216 καί
779 3162 850 3224 αύτδς
870 3164 910 3216 διὰ
992 3169 1035 3232 38,
1050 3187 1077 3236 9.
1092 3163 1402 3236 Λημμάτων]λαμιἰανέτω
1415 3162 1541 3229 δηλονότι.
1552 3163 1582 3216 C.

134 3249 180 3298 τοῦ
205 3245 277 3315 ύρκου
302 3245 415 3315 βούλεται
428 3242 535 3312 ὴμεροῦν
556 3241 634 3294 αὐτῶν
650 3240 694 3306 τὴν
718 3240 850 3310 ἀγριότητα
866 3244 909 3300 τὴν
991 3243 1087 3314 Ὠσπερ
1108 3241 1160 3296 ἐστί
1173 3243 1281 3312 δίκαιον]
1299 3241 1344 3293 ίίαί
1358 3241 1405 3312 γάρ
1426 3240 1454 3293 οδ
1469 3243 1611 3312 παράνομον
1632 3240 1660 3294 τδ
1673 3240 1730 3310 ὑπὲρ

135 3325 271 3394 γενομένην
284 3323 310 3377 ἐκ
321 3327 364 3388 τῆς
374 3319 542 3391 ἐπιτίμήσεως.
555 3322 613 3372 HR.
955 3325 997 3389 τῆς
1009 3321 1169 3392 ἐνεγκαμένης
1181 3320 1238 3382 τοῦς
1249 3319 1349 3382 πολίτας
1363 3317 1532 3390 ἀγωνίζεσθαι.
1544 3320 1623 3373 TCV.

171 3406 216 3472 37,
239 3419 280 3470 17.
299 3399 364 3454 Ἀλλ’
386 3399 466 3470 ἐγωγε
479 3401 517 3452 δτι
538 3397 580 3451 καί
597 3399 658 3468 νῦν]
678 3396 781 3462 Ἐπειδὴ
791 3398 820 3452 τδ
838 3397 863 3452 ἐν
879 3403 910 3470 τῇ
990 3397 1061 3450 Ἐστι
1072 3416 1108 3458 τις
1128 3396 1173 3458 ἐξω
1193 3401 1235 3462 τῆς
1254 3395 1349 3462 ὴλικίας
1368 3395 1475 3466 ὴμῶνς]
1491 3395 1537 3448 Καί
1552 3397 1587 3457 τίς
1607 3393 1671 3448 ἐστιν
1686 3394 1732 3456 ἔξω

134 3482 251 3550 συνηθείᾳ
268 3485 347 3541 κακῶς
364 3479 516 3549 λεγόμενον,
536 3476 564 3530 οἰι
585 3479 675 3547 χρῆται
690 3477 720 3529 τδ
735 3475 770 3529 έτι
792 3477 832 3530 καί
849 3481 908 3540 νῦν,
954 3479 997 3543 τῆς
1009 3476 1157 3541 καθολικῆς,
1169 3469 1222 3528 οίον
1234 3477 1311 3540 νέων,
1324 3473 1431 3544 ἀνδρῶν,
1443 3475 1565 3544 γερόντων
1575 3513 1582 3538 ,
1593 3473 1615 3526 εἰ
1632 3472 1664 3545 μὴ
1684 3473 1730 3544 ἀρα

135 3557 194 3609 ἀλλ’
208 3559 246 3610 δτι
259 3561 302 3609 νῦν
312 3556 367 3609 ἀντί
376 3557 463 3609 τούτου
476 3557 599 3626 κέχρηται
637 3553 681 3606 Διὰ
691 3555 768 3606 δέτοῦ
779 3553 860 3624 λέγειν
872 3553 909 3607 δτι
954 3555 977 3608 οί
991 3553 1190 3620 τελευτήσαντες;
1208 3553 1313 3624 λέγομεν
1331 3546 1374 3603 ούν
1386 3553 1424 3604 δτι
1435 3551 1531 3618 ἡλικίαν
1548 3551 1650 3604 ἐκάλουν
1669 3551 1731 3613 ἐξαι-

135 3637 253 3707 θαυμάζω
263 3635 340 3706 ύμεῖς,
355 3635 393 3687 δτι
406 3635 451 3686 κάν
465 3637 524 3704 γοῦν
535 3637 577 3686 νῦν
587 3634 706 3686 δεδώκατέ
715 3652 757 3703 μοι
765 3634 908 3704 παρρησίαν,
955 3633 1026 3702 ρέτως
1040 3629 1083 3696 τὴν
1106 3636 1154 3682 τῶν
1168 3631 1310 3701 δυναμένων
1325 3631 1413 3683 ποιεῖν.
1456 3627 1485 3681 Ὅ
1499 3631 1576 3682 τοίνυν
1591 3630 1678 3698 ταύτης
1695 3632 1730 3682 ῶν

133 3715 261 3784 προτρέπει
273 3712 358 3774 αύτούς
373 3716 445 3766 τοῦτο
457 3713 546 3765 ποιεῖν.
561 3713 632 3764 ch
635 3751 642 3763 .
658 3711 825 3782 ίίαινοπρεπές.
838 3713 871 3766 C.
956 3709 1000 3772 ἐξω
1013 3713 1056 3776 τῆς
1066 3707 1162 3774 ὴλικίας
1174 3709 1252 3778 γέρων
1265 3709 1294 3760 δν
1304 3705 1419 3777 ύπάρχοι.
1431 3709 1483 3761 ΒΡ.
1528 3711 1534 3722 ’

173 3792 216 3860 37,
227 3807 270 3846 υο.
286 3790 333 3842 Καί
346 3792 400 3851 ταῖς
412 3789 572 3859 περιουσίαις]
584 3789 702 3842 Τουτέοτι
713 3791 765 3850 τοῖς
777 3791 909 3860 θεωρικοῖς.
954 3827 957 3834 «
990 3787 1034 3852 38,
1055 3803 1096 3842 ιι.
1113 3785 1231 3847 ’ἀτάκτως
1249 3788 1291 3838 νῦν
1307 3785 1457 3857 λαμδάνων]
1480 3783 1534 3838 ἀντί
1546 3788 1589 3838 τοῦ
1604 3783 1638 3855 μὴ
1655 3803 1730 3855 στρα·

142 3870 271 3940 ’έφορμαῖς
293 3868 319 3922 δέ
334 3871 388 3930 ταῖς
407 3868 549 3938 προφάσεσι.
585 3865 630 3918 Διά
649 3866 675 3920 δὲ
696 3869 739 3920 τοῦ
760 3865 818 3930 ίσως
836 3866 911 3922 εἰπεῖν
955 3863 1152 3934 τευύμενος.ΟΡ.
1615 3897 1620 3906 ·

136 3948 170 4010 ῶς
190 3945 215 4000 ἐν
229 3945 392 4018 ἐπανορθώοει
402 3946 444 4000 τδν
463 3944 597 4017 δισταγμδν
611 3943 654 3998 τδν
669 3944 728 4015 πρὸς
746 3946 804 4016 σφᾶς
823 3944 911 4016 ύπέφη-
991 3944 1034 4007 38,
1053 3943 1094 3996 13.
1111 3941 1168 3996 Ούτ’
1181 3939 1294 4011 ἀφελὼν]
1307 3945 1355 3993 τῶν
1370 3941 1491 4010 θεωρικῶν
1505 3939 1630 4006 δηλονότι.
1642 3941 1674 3993 Β.

136 4045 188 4080 νεν.
201 4026 279 4080 Tcr.
991 4021 1035 4085 38,
1059 4024 1102 4084 ιή.
1117 4017 1186 4084 Πλὴν
1200 4018 1303 4089 μικρὸν]
1314 4015 1395 4083 ἐπειδὴ
1408 4017 1592 4070 συνεύούλευσεν
1604 4013 1685 4078 αύτοῖς
1697 4015 1731 4088 μὴ

174 4105 218 4169 37,
241 4120 286 4159 αν.
304 4101 376 4164 Ἴσως
399 4103 443 4168 ἀν,
464 4101 538 4172 ἴσως]
557 4099 675 4172 Τεχνικδς
695 4098 709 4152 δ
726 4099 911 4172 διπλασιασμός.
955 4096 1088 4169 λαμθάνειν
1119 4097 1180 4170 μηδὲ
1207 4097 1396 4168 στρατιωτικὸν,
1427 4097 1487 4168 μηδέ
1509 4096 1729 4168 συμάουλεοτικδν,

136 4183 198 4237 Ούτε
211 4181 258 4254 γάμ
273 4187 380 4254 φανερῶς
395 4179 545 4252 ἀπεφήνατο·
566 4179 711 4242 ἀλαζονικὸν
725 4178 856 4249 γάρτοῦτο
872 4180 914 4232 καὶ
957 4174 1018 4244 μηδέ
1031 4176 1182 4240 δικαστικὸν,
1196 4175 1253 4228 ἀλλ’
1272 4175 1397 4247 ἀρκεῖσθαι
1408 4177 1462 4236 τοῖς
1475 4175 1608 4244 θεωρικοῖς.
1646 4173 1691 4226 Διά
1705 4174 1731 4227 δέ

136 4261 277 4332 ἐπισφαλές·
294 4259 348 4314 ούτε
363 4260 432 4332 μόνῳ
444 4259 523 4332 τούτῳ
533 4257 651 4331 ἠρκέσθη,
663 4257 728 4310 ἀλλά
741 4256 913 4330 διπλασιασμῷ
956 4257 1000 4307 τοῦ
1011 4253 1087 4307 εἰπεῖν
1100 4259 1190 4324 μικρῶν
1205 4253 1312 4324 εἰχερεῖς
1324 4257 1368 4307 τοῦ
1377 4255 1537 4324 καταφρονεῖν
1550 4251 1635 4314 αύτούς
1645 4253 1732 4306 τούτου

136 4341 254 4410 κέχρηται
263 4337 322 4408 πρδς
338 4339 465 4408 βεθαίωσιν
486 4337 527 4390 καί
539 4337 676 4408 άκρίὸειιιν·
699 4335 776 4397 ούδείς
791 4335 839 4407 γὰρ
853 4356 914 4407 συμ-
956 4333 1138 4402 παρασκευάζει.
1153 4333 1255 4386 TCFV.

137 4416 229 4470 δούλου
250 4415 357 4470 πείθεται
375 4415 539 4476 διατάξοντος.
576 4413 643 4476 Τινές
659 4413 686 4466 δέ
704 4413 835 4483 χαριέντως
854 4413 912 4466 αύτδ
996 4408 1111 4480 Ἆταξίαν]
1123 4408 1222 4474 τὴντῶν
1239 4411 1299 4463 νέων
1310 4409 1435 4477 δηλονότι.
1448 4411 1501 4462 CP.

138 4493 347 4564 ἀναγινώσκοντες
369 4491 511 4563 ἐξηγοῦνται
530 4492 620 4556 ούτως,
634 4492 663 4544 τδ
682 4491 793 4562 δεύτερον
807 4490 864 4553 ίσως
881 4493 914 4554 ὡς
993 4489 1037 4552 38,
1048 4505 1091 4541 20.
1104 4487 1230 4558 λπομεῖν]
1244 4485 1351 4559 ’λπορεῖν
1363 4488 1437 4541 καλεῖ
1446 4487 1616 4558 τδλαμάάνειν
1626 4487 1681 4549 τοὶις
1689 4488 1732 4540 δύο

137 4563 337 4634 έπανορθωτικδν
348 4563 516 4634 λαμύάνοντες
525 4566 569 4616 τοῦ
582 4563 714 4632 προτέρου,
726 4561 759 4622 ὡς
775 4562 804 4612 ἀν
824 4560 845 4614 εί
859 4561 913 4615 ἕλε·
957 4565 1075 4628 δῖολοίιςζ
1088 4565 1139 4627 ἐξδν
1149 4565 1264 4619 πλουτεῖν
1284 4565 1384 4618 ἀπὸτοῦ
1395 4565 1513 4635 πολέμου.
1528 4566 1578 4619 ΒΡ.

138 4658 183 4712 γεν
208 4639 323 4710 ἐπιτιμῶν
344 4639 421 4712 ἐαυτῷ
435 4639 525 4693 εἰπόντι
546 4637 617 4701 rome·
635 4639 731 4712 μᾶλλον
747 4638 795 4709 γάρ
813 4638 915 4710 ἀκριθιῦς
993 4645 1042 4696 Τοῦ
1052 4645 1149 4715 δεῖνος]
1163 4638 1216 4696 οίον
1230 4643 1254 4695 οἱ
1267 4647 1310 4696 τοῦ
1322 4643 1440 4713 Χάρητος.
1450 4645 1501 4696 ΒΡ.

137 4719 232 4772 τίλειάν
244 4737 267 4772 τι
279 4719 320 4771 καί
333 4720 396 4790 μέγα
407 4719 532 4786 κτήσεσθε.
549 4719 598 4774 ΒΡ.
993 4721 1037 4785 38,
1052 4737 1095 4772 22.
1110 4720 1173 4790 Οίιχί
1186 4721 1326 4791 μέμφομαι]
1343 4719 1440 4786 Ἐπειδὴ
1448 4719 1589 4773 διεύιίλλετο
1599 4717 1627 4771 τδ
1640 4717 1731 4780 ξενικδν

177 4797 221 4867 37,
242 4801 287 4861 πή.
312 4795 338 4850 Ἃ
358 4801 410 4859 τοῖς
429 4796 585 4869 ἀσθενοῦσιν]
607 4795 707 4859 Οίιιείως
728 4799 760 4869 τῇ
786 4797 914 4870 παραθολῇ
957 4797 1022 4851 άνω’
1036 4797 1121 4869 ξενικῷ
1135 4798 1183 4869 γάιρ
1195 4797 1312 4870 ἐκέχρητο
1325 4797 1339 4850 θ
1352 4799 1441 4868 Χάρης.
1483 4795 1614 4850 Ὦσανείεί
1628 4796 1728 4868 ἔλεγεν·

138 4875 278 4946 ἐχρήσατο,
291 4875 384 4936 δεικνύς
392 4877 430 4928 ὅτι
444 4879 555 4928 νοσοῦσιν
567 4875 660 4929 άνοιαν.
675 4875 755 4927 NV.
959 4876 1048 4931 ἐπαινῶ
1065 4877 1108 4929 τδν
1121 4877 1220 4947 Χάρητα
1236 4880 1357 4930 πονοῦντα
1369 4875 1408 4928 ἀεί
1427 4877 1468 4928 καί
1487 4875 1548 4947 μετέ
1565 4874 1652 4939 ξένων,
1673 4875 1730 4930 ἀλλ’

177 4953 221 5017 38,
235 4971 258 5007 ι.
271 4953 381 5020 Οἰκοῦν]
396 4951 566 5025 Ἆνθυποφορά.
577 4955 608 5008 C.
627 4950 725 5018 Ἐπειδὴ
742 4954 759 5023 ἦ
781 4953 914 5024 μισθοφορὰ
958 4949 1002 5008 ούν
1015 4974 1044 5025 γε
1057 4955 1178 5026 προκρίνω
1190 4955 1246 5016 τούς
1256 4953 1283 5008 ἐκ
1294 4958 1337 5020 τῆς
1349 4954 1442 5016 πύλεως
1453 4956 1607 5024 στρατιώτας.
1618 4957 1673 5010 ΒΡ.

139 5030 206 5100 παρέ
220 5033 271 5092 τοῖς
291 5031 424 5098 ’λθηναίοις
444 5031 581 5104 ἐφύύριστος
600 5031 715 5104 (οἰκετῶν
736 5037 819 5104 γαρ),
840 5031 914 5104 ἐχρή·
994 5033 1037 5098 38,
1047 5033 1090 5086 υύ.
1102 5033 1151 5100 Τῆς
1160 5032 1263 5103 τάξεως]
1276 5031 1347 5094 Τάξιν
1357 5031 1443 5104 ἀρετῆς
1455 5033 1529 5086 καλεῖ
1537 5033 1566 5087 ιδ
1575 5033 1729 5106 ἡγεμονεύειν

139 5127 201 5162 σοιτο
215 5107 412 5181 τῇάνθυποφορᾷ
422 5111 511 5184 ταύτῃ,
524 5112 556 5163 δι’
567 5104 596 5176 ής
609 5109 661 5163 λύει
674 5110 715 5162 καί
727 5109 872 5181 ἀποκρύπτει
885 5112 914 5166 τδ
958 5114 1000 5177 τῆς
1024 5109 1158 5176 Ἑλλάδος,
1181 5109 1237 5163 ἀλλ’
1263 5111 1369 5182 [καί3],
1387 5114 1467 5183 ὥσπερ
1489 5109 1619 5175 εἰώθεσαν,
1644 5113 1672 5167 τί)
1698 5115 1730 5166 δι’

141 5185 252 5257 ἀπρεπές.
293 5186 393 5254 Ἐπειδὴ
412 5189 438 5242 δὲ
460 5186 527 5242 οἶδεν
547 5191 585 5244 δτι
604 5188 647 5243 οῦκ
661 5191 690 5242 ἀν
706 5189 808 5242 πείσειεν
829 5189 914 5252 αύτούς
959 5189 1049 5244 ἑαυτῶν
1067 5189 1099 5252 εἰς
1112 5190 1166 5252 τούς
1190 5190 1310 5262 πολέμους
1329 5189 1421 5253 ἐξιέναι.
1445 5193 1525 5246 TCV.
1549 5189 1579 5244 ἹΙ
1599 5189 1669 5264 ἀρετὴ
1687 5197 1729 5258 τῆς
