4114 6088
789 461 1043 523 FRAGMENTA.
1296 449 1300 456 ¹
1663 471 1715 519 451

114 601 201 680 Κόρῃ·
213 625 223 649 '¹
235 591 416 676 npeossdnp&
426 595 481 652 3⁶³¹
493 598 538 666 effi<
548 594 690 676 Δῑῑνᾶρχθυ
703 599 801 670 ἀκμῆς·
814 595 896 672 Εἰρη·
943 597 1037 670 κτῆμα·
1048 593 1144 672 ὗδσρὴς
1156 591 1206 670 γάρ
1217 591 1263 650 καί
1275 591 1415 670 κεχυμένος
1426 591 1471 649 καὶ
1482 587 1590 670 ψυχρός·
1603 589 1649 648 καὶ
1659 589 1696 648 ότι
1712 593 1726 648 θ

112 711 157 745 ται
179 687 230 766 γάρ
253 683 297 744 ἐπί
314 682 470 762 Νικομάχου
492 683 633 762 άρχοντος,
648 686 682 749 ὡς
704 681 730 750 ἐξ
744 684 825 740 αὐτοῦ
849 690 895 741 τοῦ
941 682 1024 756 λέγων
1040 679 1115 746 αὐτὸς
1129 678 1165 738 διν
1176 677 1235 738 οὔτε
1249 677 1355 751 άδοξος,
1373 679 1418 738 καὶ
1434 680 1501 754 μετὰ
1514 683 1664 758 Λυκοῦργον
1676 676 1724 748 τὴν

114 777 192 850 λόγου
217 772 333 852 γίγνεται
353 773 448 842 δῆλον·
465 769 493 828 ἓν
513 769 577 848 πρδς
590 778 643 838 τοῖς
664 770 759 830 εἰκοσιν
775 769 831 836 ίτος
850 775 896 828 τοῦ
942 768 1068 839 διοίκησιν
1087 771 1138 825 τῶν
1157 766 1290 841 δημοσίων
1309 765 1453 844 χρημάτων
1474 763 1645 844 παραλαόείιν,
1666 765 1726 836 ἐξη-

115 865 222 942 {whom
242 860 355 939 ἔχοντος.
388 861 423 918 θί
436 858 483 935 μέν
496 848 540 917 οὖν
559 857 635 938 [πρὸ]
650 863 696 928 τῆς
717 861 804 934 ἀκμῆς
819 862 897 918 αθτοῦ
942 855 1070 931 τασμίνος
1095 855 1122 912 δέ
1139 853 1265 920 πολλάκις
1288 853 1379 924 αὐτός,
1397 855 1432 918 ὡς
1447 855 1473 910 ἐν
1495 861 1547 919 τοῖς
1564 852 1648 930 λόγοις
1664 851 1725 928 περί

114 951 252 1030 φερόμενοι
272 946 478 1028 ψευδεπίγραφοι
499 949 533 1012 εἰς
546 947 624 1004 αὐτὸν
649 947 720 1024 λόγοι
745 949 810 1006 εἰσίν
829 944 896 1004 οίδε·
944 943 1067 1002 ἀπάντων
1087 941 1192 1018 μηνύει,
1204 941 1249 999 {II
1269 943 1295 998 ἐν
1308 939 1380 1007 ἰδίοις
1392 939 1437 998 καί
1456 941 1483 997 ἐν
1504 941 1637 1018 δημοσίοις
1653 941 1725 1016 άγῶ-

113 1037 182 1114 μετὰ
198 1037 225 1094 δέ
238 1035 286 1107 τήν
302 1033 328 1098 a!
342 1035 454 1102 Ἀθηνῶν
467 1035 502 1099 εἰς
515 1033 636 1093 Χαλκίδα
650 1033 818 1114 ἀναχώρησιν
830 1033 894 1092 οίδι.
943 1054 992 1102 σιν,
1016 1031 1063 1089 οθκ
1091 1021 1122 1102 ήν
1148 1029 1288 1100 ἀδύνατος,
1316 1026 1385 1086 ῶστι
1410 1029 1547 1106 Δεινάρχῳ
1571 1027 1726 1106 λογογράφῳ

105 1113 113 1125 “
153 1127 262 1182 XXX0.
288 1118 504 1190 Διαδικασίατῆς
518 1120 613 1197 ἱερείας
627 1125 672 1191 τῆς
686 1121 825 1230 Δήμητρος
835 1118 898 1197 πρὸς
942 1124 1066 1200 χρῆσθαι.

113 1215 157 1272 τὸν
167 1210 359 1290 ίεροφοίντην·ι
375 1207 485 1266 Πολλῶν
499 1229 528 1264 τε
540 1205 585 1264 καί
599 1205 765 1285 παραδόξων,
778 1206 898 1285 ωάνδρες
981 1211 1045 1266 XL.
1069 1205 1153 1284 ιΥπὲρ
1167 1210 1212 1264 τοῦ
1225 1203 1262 1283 μὴ
1281 1205 1399 1264 ἐκδοῦναι
1412 1200 1546 1281 Ἅρπαλον
1559 1201 1726 1282 Ἀλεξάνδρῳ·

114 1299 248 1359 δικασταί.
263 1325 275 1348 ν
290 1285 373 1360 Οὗτος
385 1297 399 1352 θ
412 1292 487 1372 λόγος
502 1293 552 1365 ήδη
565 1294 722 1373 πεφευγότος
734 1297 813 1354 αθτοῖν·
827 1293 898 1374 είρη·
944 1297 1026 1354 «ona
1034 1294 1102 1362 ἀξιον
1114 1293 1164 1371 άρα
1175 1292 1326 1370 θαυμάζειν,
1340 1319 1351 1344 ν
1362 1293 1428 1352 Οὐδ’
1437 1283 1509 1359 οὗτος
1521 1297 1534 1349 ὁ
1546 1293 1620 1370 λόγος
1633 1292 1729 1370 ἐμφαί-

113 1411 173 1458 ται,
189 1389 224 1450 ὡς
246 1383 272 1450 ἐξ
291 1386 369 1440 αὐτοῦ
383 1381 498 1458 γίγνεται
512 1381 630 1462 φανερόν·
649 1382 780 1459 μέμνηται
803 1381 854 1460 γάρ
871 1385 897 1439 ἰν
942 1405 980 1442 νει
992 1384 1036 1442 τὸν
1048 1381 1193 1460 Δεινάρχου
1204 1383 1378 1460 χαρακτῆρα·
1393 1383 1415 1438 εἰ
1432 1379 1483 1458 γάρ
1496 1379 1546 1438 κάν
1558 1380 1639 1456 μηδὲν
1651 1380 1726 1455 ἀλλο,

114 1477 185 1554 αὐτῷ
198 1477 244 1544 τῆς
258 1470 442 1549 κατασχούσης
456 1471 618 1549 ὀλιγαρχίας.
943 1473 973 1530 τό
986 1471 1010 1548 γ’
1022 1463 1066 1530 οῧν
1082 1471 1181 1540 ἠλίθιον
1196 1469 1240 1552 καί
1254 1468 1402 1542 σοφιστικὸν
1417 1467 1486 1546 είίροι
1507 1492 1545 1536 τις
1562 1467 1594 1526 ἀν
1608 1470 1636 1526 ἐν
1657 1469 1727 1546 αὐτῷ

154 1562 265 1618 XXXI.
292 1557 369 1616 Κατίι
383 1557 579 1634 Τιμοκράτους,
598 1557 791 1634 εἰσαγγελτικός
813 1556 897 1632 δήμου
942 1558 1021 1626 πολύ,
1036 1557 1065 1615 τδ
1077 1556 1197 1616 πλεῖστον
1209 1551 1307 1634 ἀπέχον
1320 1558 1372 1612 τῶν
1384 1555 1528 1634 Δεινάρχου
1538 1554 1725 1634 χαρακτήρων.

114 1646 289 1712 καταλύσεως·
301 1643 407 1722 εἜργα
420 1652 513 1709 ποιεῖς.
526 1669 538 1696 ν
550 1635 634 1711 Οῶτος
646 1644 691 1702 καὶ
701 1644 747 1704 ἀπ’
761 1645 841 1714 αὐτῆς
852 1647 898 1714 τῆς
982 1649 1058 1704 XLI.
1081 1644 1219 1714 Δηλιακός·
1232 1669 1244 1696 ι
1258 1643 1418 1708 Ἀπόλλωνος
1430 1645 1474 1702 καί
1489 1643 1591 1710 Ῥοιοῦς
1602 1647 1647 1714 τῆς
1659 1645 1728 1704 Στα-

116 1741 259 1815 έπιγραφῆς
275 1737 331 1791 ἐστι
348 1734 423 1802 δῆλος
438 1732 644 1811 ψευδεπίγραφος
657 1733 705 1793 ὤν,
943 1731 1025 1812 φύλου
1054 1761 1064 1784 ν
1086 1725 1173 1796 Οὗτος
1185 1733 1214 1789 οὗ
1230 1736 1273 1789 τοῦ
1287 1731 1405 1810 ῥήτορος,
1418 1733 1475 1788 ἀλλ’
1486 1730 1573 1808 ἑτέρου
1584 1729 1651 1794 τινδς
1663 1753 1728 1806 συγ-

154 1827 281 1882 XXXII.
305 1819 383 1880 Κατά
396 1819 534 1880 Σπουδίου·
547 1846 559 1870 ι
576 1821 629 1878 Καί
644 1821 670 1879 έν
680 1823 717 1900 τῷ
728 1819 803 1898 δήμῳ
817 1821 899 1892 κατή-
943 1819 1061 1898 γραφέως
1078 1819 1144 1878 ἐστί.
1159 1820 1241 1889 Δηλοῑ
1260 1819 1282 1874 δ’
1296 1820 1325 1875 έκ
1340 1823 1385 1876 τοῦ
1400 1820 1497 1896 τρόπον
1517 1819 1560 1876 καὶ
1580 1821 1625 1876 τοῦ
1639 1839 1725 1896 χοιρα-

114 1911 236 1990 γορήσειν
255 1907 419 1988 ὑπεσχόμην.
439 1907 541 1966 «Μετά
561 1907 609 1977 τήν
623 1907 766 1965 κατάλυσιν
778 1911 824 1978 τῆς
843 1909 898 1967 θλι-
944 1914 1054 1986 κτῆρος,
1079 1908 1206 1988 ἀρχαϊκός
1229 1904 1265 1966 ῶν
1292 1907 1337 1964 καί
1360 1905 1522 1986 περιτρέχων
1547 1906 1595 1976 τήν
1618 1905 1727 1976 τοπικήν

115 1997 227 2078 γαρχίας
241 1993 400 2075 εἴρηταικαὶ
414 1985 503 2065 οὗτος,
519 1994 571 2066 ήδη
586 1997 729 2072 Δεινάρχου
745 1995 897 2074 φεύγοντος,
943 1995 1030 2067 Δήλου
1041 1998 1085 2054 καὶ
1096 1997 1179 2076 Δίρου
1190 1993 1317 2075 ἱστορίαν.

114 2091 150 2150 ὡς
164 2084 191 2152 ἐξ
204 2085 282 2142 αὐτοῦ
294 2083 410 2160 μάλιστα
424 2087 469 2139 τοῦ
481 2083 559 2158 λόγου
570 2081 687 2159 γίγνεται
699 2084 819 2161 φανερόν.
983 2087 1075 2144 XLII.
1101 2083 1177 2144 Κατά
1192 2083 1372 2160 Δημοσθένους
1386 2081 1556 2162 παρανόμων·
1571 2109 1582 2134 ι
1597 2082 1728 2156 Εἰῶθοιτε,

155 2171 296 2230 XXXIII.
319 2170 477 2229 Διαδικασία
502 2171 659 2244 Εὐδανέμων
680 2171 744 2248 πρὸς
774 2171 899 2249 Κήρυκας
944 2161 1075 2249 ῶάνδρις.
1086 2197 1099 2222 ι
1120 2161 1240 2236 Οὗτοςίν
1253 2176 1305 2236 τοῖς
1318 2170 1504 2250 Περγαμηνοῖς
1520 2165 1606 2237 πίναξι
1623 2167 1728 2250 φέρεται

115 2259 182 2339 ὑπὲρ
196 2265 241 2318 τοῦ
256 2262 350 2323 κανῶς·
366 2257 519 2331 «Οὐδαμῶς
537 2263 643 2316 τοιαῦτα
658 2257 832 2336 πράγματα.»
847 2259 898 2318 Καί
944 2261 978 2324 ῶς
995 2257 1200 2338 Καλλικράτους,
1210 2254 1264 2334 ἐγὼ
1277 2255 1303 2314 δὲ
1317 2258 1339 2314 εἰ
1352 2255 1398 2332 μέν
1410 2256 1509 2315 ἐκείνου
1522 2255 1591 2314 ἐστίν
1604 2257 1651 2314 οὐκ
1661 2248 1728 2315 οἰδα·

114 2339 190 2416 οὗτος
205 2345 274 2405 κατά
295 2346 354 2412 τοὺς
373 2345 465 2411 αὐτοὺς
485 2345 593 2424 χρόνους
610 2344 727 2423 είρηται,
743 2346 900 2426 πεφευγότος
945 2346 1003 2404 οὐδὲ
1026 2344 1076 2424 γάρ
1094 2345 1213 2424 ἰνέτυχον
1235 2347 1287 2402 τῶν
1311 2344 1509 2421 Καλλικράτους
1530 2344 1626 2402 οὐδενί·
1641 2343 1681 2402 δτι
1701 2343 1728 2402 δέ

115 2436 167 2506 ήδη
179 2439 224 2492 τοῦ
237 2433 357 2514 ῥήτορος,
371 2436 405 2500 ὡς
418 2436 444 2490 έν
457 2435 527 2512 αὐτῷ
539 2436 576 2511 τῷ
587 2433 655 2512 λόγῳ
670 2434 750 2492 πάλιν
763 2434 896 2504 δηλοῦται.
944 2435 1072 2512 πάμπολυ
1083 2435 1134 2491 τῶν
1147 2432 1291 2510 Δεινάρχου
1306 2431 1390 2508 λόγων
1405 2430 1562 2510 ἀφέστηκεν,
1582 2429 1686 2502 εὐτελής
1701 2453 1728 2489 τε

156 2525 293 2579 XXXIV.
317 2519 440 2586 Ἀττικός·
458 2547 469 2570 ν
484 2519 596 2579 Πάντων
616 2511 684 2591 ήσαν
702 2521 805 2596 ὁμοίοις.
819 2549 831 2572 ν
848 2520 900 2580 Καὶ
944 2521 981 2580 ὧν
997 2523 1049 2580 διαί
1074 2520 1146 2586 κενός
1174 2519 1219 2578 καὶ
1242 2521 1288 2578 οάκ
1309 2519 1416 2598 ἀπέχων
1431 2519 1565 2592 ἰδιωτικῆς
1585 2519 1729 2598 φλυαρίας,

115 2601 190 2674 οὗτος
204 2609 305 2686 είρητσι
319 2609 345 2664 έν
360 2607 464 2674 ε’κείνοις
478 2610 532 2674 τοῖς
546 2607 665 2687 χρόνοις,
677 2611 712 2673 ῶς
725 2607 770 2666 καὶ
785 2609 810 2665 έν
827 2611 899 2688 αὐτῷ
945 2609 1078 2684 πείθομαι.

115 2701 155 2775 τῷ
171 2695 240 2774 λόγῳ
252 2695 361 2774 φανερὸν
374 2695 499 2771 γίγνεται.

158 2787 279 2842 XXXV.
302 2783 459 2846 Αἰτωλικός·
478 2783 553 2842 Ι«Καὶ
567 2785 662 2858 ἡμεῖς,
673 2772 695 2841 ‹I›
708 2784 798 2862 άνδρες
813 2787 899 2843 Atm-

117 2872 173 2944 λοί,
185 2871 313 2950 πρέσόεις.
328 2898 338 2920 ·
352 2861 666 2943 Οῗιποςκαθεστῶσηςτῆς
681 2871 834 2950 ὀλιγαρχίας
850 2873 900 2930 ὑπὸ
984 2878 1103 2936 XLIII0.
1132 2875 1211 2935 Κατά
1233 2873 1361 2956 Προξένου
1383 2871 1499 2954 βλάόης,
1514 2873 1542 2932 δν
1564 2874 1640 2942 αὐτὸς
1659 2865 1729 2936 ε’ίπεν

116 2963 169 3018 τῶν
181 2957 315 3030 Ἀθήνηθεν
327 2959 448 3035 φυγάδων
466 2956 583 3036 εἴρηται,
599 2957 729 3035 δεομένων
746 2961 805 3026 τοὺς
815 2961 901 3020 Αἰτω-
945 2963 1011 3042 ύπέρ
1024 2967 1117 3021 αὑτοῦ·
1133 2989 1143 3014 ι
1159 2961 1191 3022 Εἰ
1204 2962 1241 3028 τίς
1256 2985 1300 3038 μοι
1312 2966 1387 3035 θεῶν,
1402 2953 1424 3022 ῶ
1437 2963 1537 3041 ἄνδρες.
1556 2989 1567 3014 ν

117 3046 179 3113 λολς
200 3049 286 3112 κύτσῖς
312 3049 425 3125 βοηθεῖν,
452 3045 509 3104 έπεί
526 3046 600 3104 καίδ
621 3048 791 3126 Κάσσανδρος
809 3047 901 3115 αὐτούς
985 3054 1098 3111 XLIV0.
1125 3049 1200 3110 Κατά
1213 3049 1406 3130 Κηφισοκλέους
1425 3049 1470 3108 καί
1482 3051 1533 3108 τῶν
1544 3049 1644 3108 οἰκείων
1659 3053 1729 3129 βλά-

117 3136 266 3212 έλιυθεροῦν
288 3133 433 3213 ἐπεχείρει,
458 3137 493 3198 ὡς
507 3136 533 3191 έν
555 3135 626 3212 ἀύτῷ
643 3137 681 3213 τῷ
697 3135 767 3214 λόγῳ
784 3135 900 3212 γίγνεται
947 3137 1006 3209 6ης·
1020 3166 1032 3191 ι
1046 3137 1075 3196 Ἃ
1091 3139 1138 3214 μὲν
1150 3128 1311 3215 ἐγκαλῶν,ῶ
1326 3137 1424 3218 ἄνδρες.
1440 3168 1451 3190 ν

118 3227 197 3280 τοῦτο
212 3221 300 3290 δῆλον.
322 3220 428 3281 Ούκουν
443 3221 510 3288 εἰκδς
525 3220 598 3301 φίλον
613 3221 674 3280 ὄντα
695 3225 739 3281 τὸν
756 3222 900 3303 Δείναρχον
984 3231 1071 3287 XLV.
1096 3226 1165 3306 Πρὸς
1177 3227 1318 3285 Φανοκλέα
1337 3225 1439 3305 βλάόης
1457 3228 1594 3306 ἀπολογία·
1611 3257 1622 3278 ι
1638 3227 1731 3311 ᾬμην

121 3313 172 3369 τῶν
195 3308 242 3380 τήν
261 3309 415 3390 ὀλιγαρχίαν
437 3308 661 3380 καταστησάντων
685 3319 737 3375 τοῖς
761 3311 900 3370 καταλύειν
947 3317 993 3394 μέν
1010 3315 1078 3390 ἐγώ,
1094 3303 1253 3392 ῶάνδρες..

120 3400 294 3478 ἰπιχειροθσιν
310 3397 528 3476 συναγωνίζεσθαι
540 3395 592 3454 οὐδ’
603 3395 697 3464 αύτούς
709 3398 845 3469 Ἀθήνηθεν
858 3397 902 3458 λδ·
987 3407 1100 3462 XLVI0.
1114 3403 1183 3482 Πρὸς
1195 3402 1363 3480 Λυσικράτην
1375 3401 1440 3481 ὑπὲρ
1452 3403 1607 3482 Νικομάχου
1620 3403 1730 3482 βλάόης·

117 3509 178 3564 γους
191 3485 405 3562 καταλαμόοίνειν
416 3475 469 3542 οἶόν
482 3507 510 3543 τε
523 3483 601 3544 ἐστίν.
947 3519 959 3542 ι
973 3486 1077 3568 Ἄνδρες
1089 3488 1228 3563 δικασταί,
1241 3487 1281 3545 δτι
1294 3487 1340 3563 μὲν
1355 3489 1467 3560 ἰδιώτης.
1485 3517 1496 3542 ν

159 3575 295 3631 XXXVI.
323 3572 424 3651 Διφίλω
449 3571 623 3650 δημηγορικός
647 3575 761 3632 αίτοῶντι
787 3575 901 3652 δωρεάς·
987 3581 1103 3635 XLVII.
1127 3575 1275 3654 Συνηγορία
1296 3575 1461 3654 Παρμένοντι
1482 3575 1547 3655 ὑπὲρ
1569 3577 1732 3656 ἀνδραπόδου

119 3688 132 3714 ι
142 3660 193 3720 Διά
202 3660 233 3718 τό
243 3659 279 3735 μή
292 3658 378 3740 ῥοίδιον
390 3631 467 3719 εἰναι.
480 3685 492 3711 ι
505 3661 606 3718 Τοῦτον
617 3659 739 3730 ἐπείσθην
750 3659 801 3719 θπδ
811 3665 902 3734 Δημο-
950 3663 1057 3744 βλοίόης.
1071 3691 1083 3716 α
1099 3664 1153 3723 Καί
1168 3663 1411 3742 παραγεγενημένος
1424 3662 1542 3742 ὕστερον,
1555 3663 1644 3742 ἄνδρες
1659 3667 1733 3723 δικα-

121 3747 224 3812 σθένους
237 3749 381 3826 γεγράφθαι
400 3747 443 3806 τὸν
458 3745 546 3824 λόγον,
561 3745 602 3804 ὅτι
620 3743 667 3813 τάς
678 3747 776 3826 δωρεάς
791 3749 903 3829 ἔγραψεν
948 3751 1020 3818 σταί,
1035 3751 1117 3828 ἔγωγε
1129 3750 1221 3828 ἔγνων,
1236 3749 1275 3807 δτι
1288 3749 1437 3828 Παρμένων
1454 3751 1592 3808 ἀδικεῖται.
1611 3779 1622 3802 ι

120 3835 192 3912 αὐτῷ
202 3835 387 3910 Δημοσθένης,
398 3837 432 3900 ῶς
445 3833 585 3912 Δείναρχος
598 3835 625 3892 δν
637 3837 675 3912 τῷ
686 3834 755 3893 κατά
767 3835 903 3911 Δημοσθί·
988 3842 1131 3897 XLVIII⁰.
1146 3837 1222 3898 Κατά
1237 3838 1415 3896 Ποσειδίππου
1429 3839 1536 3912 κλοπῆς·
1553 3866 1565 3892 ι
1578 3837 1731 3913 Ἀδικηθείς,

121 3945 179 3988 νσυς
199 3923 271 4002 λόγῳ
295 3922 438 3994 δεδήλωκε,
459 3921 504 3981 καί
524 3922 563 3979 δτι
585 3923 628 3980 ε’πὶ
649 3922 717 3980 τέλει
733 3930 777 3982 τοῦ
793 3924 905 4000 λόγουδ
948 3915 1111 4003 ῶάνδρες,ι

122 4010 228 4088 Δίφιλος
242 4007 409 4086 Δημοσθένην
423 4012 572 4088 παρακαλεῖ
594 4009 744 4090 συνήγορον.
769 4010 904 4070 Ἀπίθανον
989 4015 1108 4073 xL1x⁰.
1124 4011 1202 4072 Κατά
1220 4011 1335 4083 Ἡδύλης
1348 4012 1519 4071 ἀποστασίου·
1534 4043 1543 4064 ι
1561 4013 1734 4073 Καταλιπόν-

123 4097 151 4154 δὲ
162 4087 236 4173 οἶμαι
247 4087 313 4156 εἰναι
325 4096 373 4164 τάς
382 4097 429 4173 μίν
439 4097 518 4174 τιμάς
528 4096 596 4156 οὕτω
605 4100 712 4177 γράφειν
722 4099 855 4173 εὐνοοῦντα
868 4101 905 4179 τῷ
950 4122 991 4164 τος
1007 4097 1103 4156 ἐνοτίου
1116 4096 1224 4177 πατρός.
1241 4123 1253 4149 ν

122 4185 224 4263 Διφίλῳ
237 4184 281 4242 τὸν
293 4184 474 4260 Δημοσθένην,
487 4183 563 4261 λόγον
576 4181 603 4240 δέ
614 4185 687 4261 παρδι
698 4185 843 4263 Δεινάρχου
854 4189 904 4244 λα·
989 4191 1036 4248 L⁰.
1060 4185 1234 4246 ’ἀποστασίου
1250 4185 1313 4266 πρὸς
1340 4185 1541 4267 Ἀρχέστρατον·
1557 4215 1568 4238 ι
1583 4187 1675 4246 Πολλά
1689 4189 1734 4246 καί

122 4272 204 4331 ὅόντα
219 4273 350 4351 περιιδεῖν,
952 4276 1035 4354 ἀγαθά
1049 4273 1158 4354 γένοιτο.
1176 4301 1188 4324 ν

164 4360 320 4418 XXXVII.
343 4357 442 4440 Ἐρμίφ
462 4357 587 4437 ἐμπορίου
611 4361 758 4438 ἐπιμελητῇ
776 4359 834 4436 περὶ
856 4364 905 4418 τῶν
991 4369 1050 4422 LI⁰.
1064 4363 1211 4442 Συνηγορία
1224 4361 1361 4444 Ἡγελόχῳ
1372 4363 1436 4444 ὑπὲρ
1447 4361 1598 4444 ἐπικλήρου·
1610 4363 1734 4444 ιὭσπερ

122 4445 353 4524 κατηγορηθέντων
365 4445 528 4521 ἀπολογίαν
542 4445 642 4522 Δέομαι
654 4449 737 4523 ὑμῶν,
748 4434 878 4524 ῶάνδρες.
894 4473 905 4497 ¹·
951 4455 995 4510 καὶ
1009 4454 1086 4527 ήμῶν
1101 4449 1217 4515 ἕκαστος.
1231 4477 1243 4504 ν

123 4532 181 4589 Ἀπ’
197 4534 334 4591 αὐτοῦτοῦ
353 4538 519 4612 χαρακτῆρος
533 4531 603 4612 εἰίροι
624 4557 662 4600 τις
676 4534 708 4591 ἀν
723 4535 770 4592 οὐκ
786 4534 849 4593 ὄντα
862 4541 906 4592 τὸν
991 4543 1050 4598 LII.
1075 4543 1153 4600 LIII.
1177 4539 1364 4620 Ἐπικληρικὸς
1384 4539 1448 4618 ὑπέρ
1469 4547 1514 4614 τῆς
1536 4541 1670 4618 Ἰοφῶντος
1687 4545 1733 4597 θυ-

122 4618 200 4692 λόγον
217 4621 373 4699 Δεινάρχου·
387 4621 482 4698 ὑδαρής
498 4643 527 4679 τε
544 4619 652 4698 γάρκαὶ
671 4623 779 4690 ἀσθενής
799 4623 844 4682 καὶ
858 4625 906 4702 ψυ·
952 4625 1059 4704 γατρός·
1076 4653 1088 4675 τ
1099 4623 1206 4705 Ἄνδρες
1222 4625 1357 4699 δικασταί,
1373 4627 1400 4685 οὐ
1414 4626 1492 4699 πένης
1506 4627 1552 4686 ῶν.
1564 4656 1574 4679 ν
1586 4624 1731 4705 ’Υστερος

122 4705 186 4788 χρός
200 4707 279 4765 ἐστιν·
295 4707 363 4766 ἀλλά
378 4709 480 4784 μᾶλλον
498 4709 574 4768 αὐτὸν
590 4709 620 4767 ἀν
631 4733 669 4775 τις
686 4709 741 4779 θείη
756 4709 906 4785 Δημοκλεί-
952 4707 1098 4792 «Ἄμαχον
1112 4711 1162 4791 γδιρ
1179 4705 1223 4786 ἦν,
1241 4701 1262 4771 ῶ
1280 4711 1378 4792 ἄνδρες.
1395 4739 1406 4766 ο

123 4789 198 4861 δουῆ
212 4793 398 4873 Μενεσαίχμου
411 4793 429 4865 ἢ
440 4799 491 4854 τῶν
504 4797 591 4854 ἀλλων
607 4798 657 4854 τῶν
673 4795 793 4855 τοιούτων
810 4797 886 4864 τινός.
993 4799 1063 4858 LIV.
1087 4803 1284 4878 Διαμαρτυρία,
1297 4804 1332 4867 ῶς
1346 4800 1404 4860 οὐδέ
1416 4803 1481 4860 εἰσιν
1496 4800 1605 4858 ἐπίδικοι
1620 4799 1734 4878 Ἀριστο-

164 4883 329 4944 XXXVIII.
354 4881 526 4962 Ἀφαιροῶμαι
542 4881 569 4942 δέ
589 4883 633 4942 καὶ
652 4883 711 4950 τοὺς
733 4883 800 4964 ὑπὲρ
820 4885 907 4946 Μενε-
953 4887 1050 4965 φῶντος
1062 4887 1208 4967 θυγατέρες·
1220 4913 1232 4940 ι
1246 4887 1301 4946 Τοῦ
1314 4887 1394 4960 νόμου
1406 4887 1565 4958 δεδωκότος,
1578 4877 1600 4945 ῶ
1613 4889 1734 4968 ἀνδρες..

123 4969 241 5048 σαίχμου
256 4969 348 5044 λόγους
363 4971 525 5051 ἀμφοτέρους
542 4961 768 5048 αὖτόῠ,ῶνόμέν
779 4975 834 5030 ἐστι
849 4973 908 5052 περὶ
992 4977 1061 5034 LVI.
1085 4974 1162 5034 Κατά
1190 4975 1305 5041 Πεδιέως
1323 4975 1462 5041 κακώσεως
1486 4975 1578 5042 παιδὸς
1606 4977 1734 5056 δρφανοῢ·

123 5061 171 5128 τῆς
182 5054 270 5127 Δήλου
282 5056 385 5122 θυσίας·
400 5084 411 5110 ι
426 5056 588 5133 Ἱκετεύομεν
601 5061 668 5134 ὑμᾶς
680 5057 757 5119 καί...
777 5084 788 5109 ν
954 5089 964 5112 τ
980 5061 1080 5130 λίηδείς
1096 5065 1179 5135 ὑμῶν,
1194 5052 1216 5120 ἀι
1231 5063 1335 5140 ἄνδρες,
1354 5062 1487 5140 θαυμάσῃ.
1503 5089 1515 5116 ν

166 5147 306 5204 XXXIX.
330 5143 364 5204 ‘O
380 5145 407 5204 δέ
427 5145 490 5224 πρὸς
509 5145 640 5224 Περικλέα
658 5148 702 5204 καὶ
718 5145 906 5226 Δημοκράτην,
992 5151 1076 5207 LVI⁰.
1099 5149 1281 5230 Διαμαρτυρία
1293 5150 1409 5228 περὶτοῦ
1421 5151 1542 5212 Εὐίππου
1556 5152 1655 5232 κλήρου
1672 5151 1734 5230 πρὸς

1177 2723 1209 2781 C.
1235 2719 1372 2779 ’ἰδιωτικοὶ
1383 2715 1497 2796 γνήσιοι.

125 5223 156 5290 ού
166 5237 182 5303 ή
194 5231 283 5310 ἀρχή·
297 5259 307 5282 ι
320 5233 480 5310 Νομίζομεν,
493 5223 515 5290 ῶ
530 5233 654 5313 ἀνδρες·ν
670 5233 712 5292 διά
726 5256 753 5292 τε
768 5234 811 5293 τόν
824 5257 905 5313 χαρα-
954 5235 1079 5317 Χάρητα·
1094 5266 1104 5288 «ι
1122 5237 1254 5303 Πολλάκις
1271 5238 1321 5312 ήδη
1337 5237 1448 5308 ήκουσα.
1464 5265 1475 5291 ι

1594 5341 1629 5383 20·
