<?xml version="1.0" encoding="UTF-8"?>
<!DOCTYPE html PUBLIC "-//W3C//DTD XHTML 1.0 Transitional//EN"
    "http://www.w3.org/TR/xhtml1/DTD/xhtml1-transitional.dtd">
<html xmlns="http://www.w3.org/1999/xhtml" xml:lang="en" lang="en">
 <head>
  <title>
</title>
<meta http-equiv="Content-Type" content="text/html;charset=utf-8" />
  <meta name='ocr-system' content='tesseract 3.04.00' />
  <meta name='ocr-capabilities' content='ocr_page ocr_carea ocr_par ocr_line ocrx_word'/>
</head>
<body>
  <div class='ocr_page' id='page_1' title='image "./oratoresatticia00unkngoog/oratoresatticia00unkngoog_0647.png"; bbox 0 0 4032 6094; ppageno 0'>
   <div class='ocr_carea' id='block_1_1' title="bbox 670 396 1683 464">
    <p class='ocr_par' dir='ltr' id='par_1_1' title="bbox 670 396 1683 464">
     <span class='ocr_line' id='line_1_1' title="bbox 670 396 1683 464; baseline 0.006 -6"><span class='ocrx_word' id='word_1_1' title='bbox 670 396 735 459; x_wconf 81' lang='lat' dir='ltr'><strong>XX.</strong></span> <span class='ocrx_word' id='word_1_2' title='bbox 751 396 863 458; x_wconf 83' lang='grc' dir='ltr'><strong>’ΠΡΟΣ</strong></span> <span class='ocrx_word' id='word_1_3' title='bbox 887 397 1095 459; x_wconf 81' lang='grc' dir='ltr'><strong>ΛΕίΙΤΙΝίίΝ.</strong></span> <span class='ocrx_word' id='word_1_4' title='bbox 1553 441 1555 444; x_wconf 95' lang='grc'>-</span> <span class='ocrx_word' id='word_1_5' title='bbox 1628 411 1683 464; x_wconf 72' lang='grc'><strong>841</strong></span> 
     </span>
    </p>
   </div>
   <div class='ocr_carea' id='block_1_2' title="bbox 79 525 1688 836">
    <p class='ocr_par' dir='ltr' id='par_1_2' title="bbox 79 525 1688 836">
     <span class='ocr_line' id='line_1_2' title="bbox 80 525 1685 603; baseline 0.004 -23"><span class='ocrx_word' id='word_1_6' title='bbox 80 545 123 582; x_wconf 94' lang='grc' dir='ltr'><strong>τον</strong></span> <span class='ocrx_word' id='word_1_7' title='bbox 144 525 241 600; x_wconf 83' lang='grc' dir='ltr'><strong>δεικνύη</strong></span> <span class='ocrx_word' id='word_1_8' title='bbox 260 526 290 580; x_wconf 85' lang='grc' dir='ltr'><strong>τδ</strong></span> <span class='ocrx_word' id='word_1_9' title='bbox 303 533 449 598; x_wconf 80' lang='grc' dir='ltr'><strong>γινέμενον,</strong></span> <span class='ocrx_word' id='word_1_10' title='bbox 464 531 595 593; x_wconf 82' lang='grc' dir='ltr'><strong>τηνικαῦτα</strong></span> <span class='ocrx_word' id='word_1_11' title='bbox 611 525 640 579; x_wconf 82' lang='grc' dir='ltr'><strong>οδ</strong></span> <span class='ocrx_word' id='word_1_12' title='bbox 660 525 746 598; x_wconf 74' lang='grc' dir='ltr'><strong>ῥητέον</strong></span> <span class='ocrx_word' id='word_1_13' title='bbox 764 525 809 594; x_wconf 77' lang='grc' dir='ltr'><strong>τὴν</strong></span> <span class='ocrx_word' id='word_1_14' title='bbox 829 526 863 590; x_wconf 92' lang='grc' dir='ltr'><strong>είς</strong></span> <span class='ocrx_word' id='word_1_15' title='bbox 906 526 1042 598; x_wconf 83' lang='grc' dir='ltr'><strong>Πληρώσας</strong></span> <span class='ocrx_word' id='word_1_16' title='bbox 1052 527 1082 581; x_wconf 84' lang='grc' dir='ltr'><strong>τδ</strong></span> <span class='ocrx_word' id='word_1_17' title='bbox 1093 527 1187 580; x_wconf 83' lang='grc' dir='ltr'><strong>δίκαιον</strong></span> <span class='ocrx_word' id='word_1_18' title='bbox 1197 527 1348 600; x_wconf 82' lang='grc' dir='ltr'><strong>ἀρχεταιτῆς</strong></span> <span class='ocrx_word' id='word_1_19' title='bbox 1359 527 1453 592; x_wconf 81' lang='grc' dir='ltr'><strong>ἐννοίας</strong></span> <span class='ocrx_word' id='word_1_20' title='bbox 1463 533 1503 584; x_wconf 80' lang='grc' dir='ltr'><strong>τιύ</strong></span> <span class='ocrx_word' id='word_1_21' title='bbox 1515 531 1685 603; x_wconf 66' lang='grc' dir='ltr'><strong>συμφέροντος.</strong></span> 
     </span>
     <span class='ocr_line' id='line_1_3' title="bbox 79 601 1688 682; baseline 0.004 -25"><span class='ocrx_word' id='word_1_22' title='bbox 79 606 171 660; x_wconf 85' lang='grc' dir='ltr'><strong>ἀτοπον</strong></span> <span class='ocrx_word' id='word_1_23' title='bbox 186 603 334 676; x_wconf 89' lang='grc' dir='ltr'><strong>ἀπαγωγήν.</strong></span> <span class='ocrx_word' id='word_1_24' title='bbox 375 603 496 658; x_wconf 81' lang='grc' dir='ltr'>Ἐνταῦθα</span> <span class='ocrx_word' id='word_1_25' title='bbox 513 601 558 658; x_wconf 87' lang='grc' dir='ltr'><strong>ούν</strong></span> <span class='ocrx_word' id='word_1_26' title='bbox 571 605 599 658; x_wconf 76' lang='grc' dir='ltr'><strong>τὸ</strong></span> <span class='ocrx_word' id='word_1_27' title='bbox 618 604 754 658; x_wconf 82' lang='grc' dir='ltr'><strong>ἀκόλουθον</strong></span> <span class='ocrx_word' id='word_1_28' title='bbox 773 605 861 658; x_wconf 81' lang='grc' dir='ltr'><strong>έλαύεν</strong></span> <span class='ocrx_word' id='word_1_29' title='bbox 910 604 980 661; x_wconf 84' lang='grc' dir='ltr'><strong>Ἐπεί</strong></span> <span class='ocrx_word' id='word_1_30' title='bbox 994 605 1020 660; x_wconf 85' lang='grc' dir='ltr'><strong>δέ</strong></span> <span class='ocrx_word' id='word_1_31' title='bbox 1034 605 1089 660; x_wconf 88' lang='grc' dir='ltr'><strong>ούτε</strong></span> <span class='ocrx_word' id='word_1_32' title='bbox 1106 612 1245 679; x_wconf 80' lang='grc' dir='ltr'>στρατηγοῦ</span> <span class='ocrx_word' id='word_1_33' title='bbox 1269 607 1325 662; x_wconf 87' lang='grc' dir='ltr'><strong>ούτε</strong></span> <span class='ocrx_word' id='word_1_34' title='bbox 1345 610 1458 680; x_wconf 73' lang='grc' dir='ltr'><strong>τεχνίτου</strong></span> <span class='ocrx_word' id='word_1_35' title='bbox 1475 611 1534 681; x_wconf 90' lang='grc' dir='ltr'><strong>πρδς</strong></span> <span class='ocrx_word' id='word_1_36' title='bbox 1552 610 1583 664; x_wconf 84' lang='grc' dir='ltr'><strong>τά</strong></span> <span class='ocrx_word' id='word_1_37' title='bbox 1601 610 1688 682; x_wconf 83' lang='grc' dir='ltr'><strong>ίσχυρά</strong></span> 
     </span>
     <span class='ocr_line' id='line_1_4' title="bbox 80 682 1688 758; baseline 0.004 -22"><span class='ocrx_word' id='word_1_38' title='bbox 80 684 193 738; x_wconf 78' lang='grc' dir='ltr'><strong>ἀπὸτοῦ</strong></span> <span class='ocrx_word' id='word_1_39' title='bbox 219 684 306 756; x_wconf 77' lang='grc' dir='ltr'><strong>ὁμοίου</strong></span> <span class='ocrx_word' id='word_1_40' title='bbox 325 685 379 737; x_wconf 90' lang='grc' dir='ltr'><strong>κατ’</strong></span> <span class='ocrx_word' id='word_1_41' title='bbox 396 683 530 756; x_wconf 89' lang='grc' dir='ltr'><strong>ἐρώτησιν,</strong></span> <span class='ocrx_word' id='word_1_42' title='bbox 552 684 581 738; x_wconf 87' lang='grc' dir='ltr'><strong>ού</strong></span> <span class='ocrx_word' id='word_1_43' title='bbox 595 682 643 755; x_wconf 74' lang='grc' dir='ltr'><strong>μὴν</strong></span> <span class='ocrx_word' id='word_1_44' title='bbox 658 683 862 754; x_wconf 70' lang='grc' dir='ltr'><strong>ἀποδεικνύμενον</strong></span> <span class='ocrx_word' id='word_1_45' title='bbox 906 690 955 738; x_wconf 84' lang='grc' dir='ltr'><strong>τῶν</strong></span> <span class='ocrx_word' id='word_1_46' title='bbox 983 683 1194 758; x_wconf 84' lang='grc' dir='ltr'><strong>ἀντιτεταγμένων</strong></span> <span class='ocrx_word' id='word_1_47' title='bbox 1217 689 1323 758; x_wconf 80' lang='grc' dir='ltr'><strong>χωρεῖν,</strong></span> <span class='ocrx_word' id='word_1_48' title='bbox 1348 686 1414 740; x_wconf 83' lang='grc' dir='ltr'><strong>ἀλλά</strong></span> <span class='ocrx_word' id='word_1_49' title='bbox 1441 689 1578 758; x_wconf 73' lang='grc' dir='ltr'><strong>μεθοδεύειν</strong></span> <span class='ocrx_word' id='word_1_50' title='bbox 1595 690 1628 752; x_wconf 86' lang='grc' dir='ltr'><strong>ἀις</strong></span> <span class='ocrx_word' id='word_1_51' title='bbox 1652 689 1688 742; x_wconf 87' lang='grc' dir='ltr'><strong>ίνι</strong></span> 
     </span>
     <span class='ocr_line' id='line_1_5' title="bbox 79 763 1686 836; baseline 0.001 -20"><span class='ocrx_word' id='word_1_52' title='bbox 79 766 120 817; x_wconf 78' lang='grc' dir='ltr'><strong>διὰ</strong></span> <span class='ocrx_word' id='word_1_53' title='bbox 133 770 183 818; x_wconf 84' lang='grc' dir='ltr'><strong>τῶν</strong></span> <span class='ocrx_word' id='word_1_54' title='bbox 203 763 338 836; x_wconf 82' lang='grc' dir='ltr'><strong>ἐπομένων.</strong></span> <span class='ocrx_word' id='word_1_55' title='bbox 354 766 435 820; x_wconf 90' lang='lat' dir='ltr'>TCV.</span> <span class='ocrx_word' id='word_1_56' title='bbox 458 763 579 818; x_wconf 82' lang='grc' dir='ltr'><strong>Ἐνταύθα</strong></span> <span class='ocrx_word' id='word_1_57' title='bbox 593 763 667 818; x_wconf 81' lang='grc' dir='ltr'><strong>ίλαύε</strong></span> <span class='ocrx_word' id='word_1_58' title='bbox 684 764 713 818; x_wconf 85' lang='grc' dir='ltr'><strong>τδ</strong></span> <span class='ocrx_word' id='word_1_59' title='bbox 727 763 862 817; x_wconf 76' lang='grc' dir='ltr'><strong>ἀκθλθυθον</strong></span> <span class='ocrx_word' id='word_1_60' title='bbox 907 763 1067 834; x_wconf 79' lang='grc' dir='ltr'><strong>μάλιστακαὶ</strong></span> <span class='ocrx_word' id='word_1_61' title='bbox 1080 766 1134 826; x_wconf 91' lang='grc' dir='ltr'><strong>ταῖς</strong></span> <span class='ocrx_word' id='word_1_62' title='bbox 1151 765 1329 836; x_wconf 82' lang='grc' dir='ltr'><strong>μεταχειρίαεσι</strong></span> <span class='ocrx_word' id='word_1_63' title='bbox 1342 765 1522 836; x_wconf 91' lang='grc' dir='ltr'><strong>περιγίνεσθαι,</strong></span> <span class='ocrx_word' id='word_1_64' title='bbox 1535 766 1633 820; x_wconf 82' lang='grc' dir='ltr'><strong>κλέπτει</strong></span> <span class='ocrx_word' id='word_1_65' title='bbox 1648 768 1686 820; x_wconf 89' lang='grc' dir='ltr'><strong>έν-</strong></span> 
     </span>
    </p>
   </div>
   <div class='ocr_carea' id='block_1_3' title="bbox 80 841 1797 924">
    <p class='ocr_par' dir='ltr' id='par_1_3' title="bbox 80 841 1797 924">
     <span class='ocr_line' id='line_1_6' title="bbox 80 841 1797 924; baseline 0.001 -28"><span class='ocrx_word' id='word_1_66' title='bbox 80 843 129 898; x_wconf 86' lang='grc' dir='ltr'><strong>ἀπδ</strong></span> <span class='ocrx_word' id='word_1_67' title='bbox 142 847 186 898; x_wconf 79' lang='grc' dir='ltr'><strong>τοῦ</strong></span> <span class='ocrx_word' id='word_1_68' title='bbox 198 843 285 916; x_wconf 81' lang='grc' dir='ltr'><strong>ὁμοίου</strong></span> <span class='ocrx_word' id='word_1_69' title='bbox 297 845 351 898; x_wconf 87' lang='grc' dir='ltr'><strong>κατ’</strong></span> <span class='ocrx_word' id='word_1_70' title='bbox 360 843 493 915; x_wconf 83' lang='grc' dir='ltr'><strong>ἐρώτησιν,</strong></span> <span class='ocrx_word' id='word_1_71' title='bbox 506 843 589 898; x_wconf 80' lang='grc' dir='ltr'><strong>ἔπειτα</strong></span> <span class='ocrx_word' id='word_1_72' title='bbox 598 842 741 915; x_wconf 83' lang='grc' dir='ltr'><strong>ἀνέτρεψεν,</strong></span> <span class='ocrx_word' id='word_1_73' title='bbox 752 843 786 906; x_wconf 82' lang='grc' dir='ltr'><strong>ῶς</strong></span> <span class='ocrx_word' id='word_1_74' title='bbox 795 842 861 914; x_wconf 83' lang='grc' dir='ltr'><strong>ἐχειν</strong></span> <span class='ocrx_word' id='word_1_75' title='bbox 906 844 989 897; x_wconf 87' lang='grc' dir='ltr'><strong>τεύθεν</strong></span> <span class='ocrx_word' id='word_1_76' title='bbox 1001 841 1048 909; x_wconf 81' lang='grc' dir='ltr'><strong>ήδη</strong></span> <span class='ocrx_word' id='word_1_77' title='bbox 1063 841 1107 909; x_wconf 80' lang='grc' dir='ltr'><strong>τῆν</strong></span> <span class='ocrx_word' id='word_1_78' title='bbox 1122 841 1235 908; x_wconf 83' lang='grc' dir='ltr'><strong>εῖσοδον,</strong></span> <span class='ocrx_word' id='word_1_79' title='bbox 1249 844 1292 896; x_wconf 85' lang='grc' dir='ltr'><strong>ίνα</strong></span> <span class='ocrx_word' id='word_1_80' title='bbox 1305 843 1369 917; x_wconf 82' lang='grc' dir='ltr'><strong>λάθη</strong></span> <span class='ocrx_word' id='word_1_81' title='bbox 1382 844 1425 898; x_wconf 85' lang='grc' dir='ltr'><strong>τδν</strong></span> <span class='ocrx_word' id='word_1_82' title='bbox 1437 842 1559 914; x_wconf 80' lang='grc' dir='ltr'><strong>ἀκροατὴν</strong></span> <span class='ocrx_word' id='word_1_83' title='bbox 1573 845 1610 899; x_wconf 84' lang='grc' dir='ltr'><strong>ἐπ’</strong></span> <span class='ocrx_word' id='word_1_84' title='bbox 1625 845 1688 898; x_wconf 80' lang='grc' dir='ltr'><strong>αύτά</strong></span> <span class='ocrx_word' id='word_1_85' title='bbox 1789 911 1797 924; x_wconf 32' lang='lat'>⁸</span> 
     </span>
    </p>
   </div>
   <div class='ocr_carea' id='block_1_4' title="bbox 78 918 1688 1311">
    <p class='ocr_par' dir='ltr' id='par_1_4' title="bbox 79 918 1688 1078">
     <span class='ocr_line' id='line_1_7' title="bbox 79 918 1688 994; baseline 0.002 -20"><span class='ocrx_word' id='word_1_86' title='bbox 79 925 124 993; x_wconf 82' lang='grc' dir='ltr'><strong>μέν</strong></span> <span class='ocrx_word' id='word_1_87' title='bbox 138 941 162 976; x_wconf 95' lang='grc' dir='ltr'><strong>τι</strong></span> <span class='ocrx_word' id='word_1_88' title='bbox 175 922 218 976; x_wconf 81' lang='grc' dir='ltr'><strong>καί</strong></span> <span class='ocrx_word' id='word_1_89' title='bbox 231 921 323 976; x_wconf 86' lang='grc' dir='ltr'><strong>ἀτοπον</strong></span> <span class='ocrx_word' id='word_1_90' title='bbox 337 919 381 987; x_wconf 81' lang='grc' dir='ltr'><strong>τὴν</strong></span> <span class='ocrx_word' id='word_1_91' title='bbox 398 921 530 994; x_wconf 86' lang='grc' dir='ltr'><strong>ἐρώτησιν,</strong></span> <span class='ocrx_word' id='word_1_92' title='bbox 544 921 572 976; x_wconf 86' lang='grc' dir='ltr'><strong>ού</strong></span> <span class='ocrx_word' id='word_1_93' title='bbox 587 919 635 994; x_wconf 74' lang='grc' dir='ltr'><strong>μὴν</strong></span> <span class='ocrx_word' id='word_1_94' title='bbox 657 921 861 994; x_wconf 71' lang='grc' dir='ltr'><strong>ἀποδεικνύμενον</strong></span> <span class='ocrx_word' id='word_1_95' title='bbox 907 919 937 973; x_wconf 86' lang='grc' dir='ltr'><strong>τά</strong></span> <span class='ocrx_word' id='word_1_96' title='bbox 951 922 1082 992; x_wconf 86' lang='grc' dir='ltr'><strong>πράγματα</strong></span> <span class='ocrx_word' id='word_1_97' title='bbox 1101 918 1191 986; x_wconf 89' lang='grc' dir='ltr'><strong>ἀσθενῆ</strong></span> <span class='ocrx_word' id='word_1_98' title='bbox 1205 922 1358 991; x_wconf 80' lang='grc' dir='ltr'><strong>γεγενημένα</strong></span> <span class='ocrx_word' id='word_1_99' title='bbox 1375 921 1443 992; x_wconf 91' lang='grc' dir='ltr'><strong>ἀγων</strong></span> <span class='ocrx_word' id='word_1_100' title='bbox 1451 961 1459 986; x_wconf 94' lang='grc'><strong>,</strong></span> <span class='ocrx_word' id='word_1_101' title='bbox 1471 921 1531 987; x_wconf 78' lang='grc' dir='ltr'><strong>ἵνα,</strong></span> <span class='ocrx_word' id='word_1_102' title='bbox 1545 923 1632 992; x_wconf 75' lang='grc' dir='ltr'><strong>ύτανῆ</strong></span> <span class='ocrx_word' id='word_1_103' title='bbox 1647 925 1688 978; x_wconf 87' lang='grc' dir='ltr'><strong>ἀν-</strong></span> 
     </span>
     <span class='ocr_line' id='line_1_8' title="bbox 79 998 1688 1078; baseline 0.002 -25"><span class='ocrx_word' id='word_1_104' title='bbox 79 1001 120 1053; x_wconf 82' lang='grc' dir='ltr'><strong>διά</strong></span> <span class='ocrx_word' id='word_1_105' title='bbox 129 1006 178 1053; x_wconf 86' lang='grc' dir='ltr'><strong>τῶν</strong></span> <span class='ocrx_word' id='word_1_106' title='bbox 191 998 328 1072; x_wconf 82' lang='grc' dir='ltr'><strong>ἐχομένων.</strong></span> <span class='ocrx_word' id='word_1_107' title='bbox 341 1001 456 1054; x_wconf 83' lang='lat' dir='ltr'><strong>BFSYP.</strong></span> <span class='ocrx_word' id='word_1_108' title='bbox 907 1000 993 1062; x_wconf 92' lang='grc' dir='ltr'><strong>τίθισις</strong></span> <span class='ocrx_word' id='word_1_109' title='bbox 1007 998 1055 1053; x_wconf 77' lang='grc' dir='ltr'><strong>ἀπὸ</strong></span> <span class='ocrx_word' id='word_1_110' title='bbox 1073 1003 1116 1052; x_wconf 86' lang='grc' dir='ltr'><strong>τοῦ</strong></span> <span class='ocrx_word' id='word_1_111' title='bbox 1130 1001 1291 1071; x_wconf 82' lang='grc' dir='ltr'><strong>συμφέροντος</strong></span> <span class='ocrx_word' id='word_1_112' title='bbox 1310 1001 1384 1072; x_wconf 81' lang='grc' dir='ltr'><strong>τεθῆ,</strong></span> <span class='ocrx_word' id='word_1_113' title='bbox 1399 1000 1414 1054; x_wconf 87' lang='grc' dir='ltr'><strong>θ</strong></span> <span class='ocrx_word' id='word_1_114' title='bbox 1430 1000 1550 1072; x_wconf 76' lang='grc' dir='ltr'><strong>ἀκροατὴς</strong></span> <span class='ocrx_word' id='word_1_115' title='bbox 1571 1011 1688 1078; x_wconf 75' lang='grc' dir='ltr'><strong>καταγνῷ</strong></span> 
     </span>
    </p>

    <p class='ocr_par' dir='ltr' id='par_1_5' title="bbox 78 1076 1688 1311">
     <span class='ocr_line' id='line_1_9' title="bbox 115 1076 1688 1156; baseline 0.003 -26"><span class='ocrx_word' id='word_1_116' title='bbox 115 1079 178 1142; x_wconf 94' lang='grc'><strong>458,</strong></span> <span class='ocrx_word' id='word_1_117' title='bbox 194 1076 343 1149; x_wconf 79' lang='grc' dir='ltr'><strong>ιυ.ούγάρ</strong></span> <span class='ocrx_word' id='word_1_118' title='bbox 356 1076 428 1148; x_wconf 77' lang='grc' dir='ltr'><strong>ἐσμέν</strong></span> <span class='ocrx_word' id='word_1_119' title='bbox 438 1077 791 1150; x_wconf 77' lang='grc' dir='ltr'><strong>ἀφαφεθῆναι]Ἐσχημάτισε</strong></span> <span class='ocrx_word' id='word_1_120' title='bbox 804 1079 863 1149; x_wconf 83' lang='grc' dir='ltr'><strong>πρδς</strong></span> <span class='ocrx_word' id='word_1_121' title='bbox 906 1081 949 1146; x_wconf 82' lang='grc' dir='ltr'><strong>τῆς</strong></span> <span class='ocrx_word' id='word_1_122' title='bbox 962 1077 1116 1142; x_wconf 83' lang='grc' dir='ltr'><strong>ἀντιθέσεως,</strong></span> <span class='ocrx_word' id='word_1_123' title='bbox 1141 1077 1168 1132; x_wconf 89' lang='grc' dir='ltr'><strong>ἐκ</strong></span> <span class='ocrx_word' id='word_1_124' title='bbox 1188 1085 1237 1132; x_wconf 87' lang='grc' dir='ltr'><strong>τῶν</strong></span> <span class='ocrx_word' id='word_1_125' title='bbox 1264 1077 1397 1150; x_wconf 81' lang='grc' dir='ltr'><strong>είρημίνων</strong></span> <span class='ocrx_word' id='word_1_126' title='bbox 1419 1078 1534 1152; x_wconf 81' lang='grc' dir='ltr'><strong>ῆγμένος.</strong></span> <span class='ocrx_word' id='word_1_127' title='bbox 1572 1083 1622 1136; x_wconf 88' lang='grc' dir='ltr'><strong>Τοῦ</strong></span> <span class='ocrx_word' id='word_1_128' title='bbox 1638 1085 1688 1156; x_wconf 88' lang='grc' dir='ltr'><strong>γάρ</strong></span> 
     </span>
     <span class='ocr_line' id='line_1_10' title="bbox 78 1155 1687 1232; baseline 0.004 -22"><span class='ocrx_word' id='word_1_129' title='bbox 78 1158 228 1229; x_wconf 82' lang='grc' dir='ltr'><strong>ἀμφοτέρους</strong></span> <span class='ocrx_word' id='word_1_130' title='bbox 241 1157 296 1218; x_wconf 76' lang='grc' dir='ltr'><strong>τούς</strong></span> <span class='ocrx_word' id='word_1_131' title='bbox 309 1158 399 1228; x_wconf 83' lang='grc' dir='ltr'><strong>νόμους</strong></span> <span class='ocrx_word' id='word_1_132' title='bbox 410 1155 455 1223; x_wconf 80' lang='grc' dir='ltr'><strong>τῆν</strong></span> <span class='ocrx_word' id='word_1_133' title='bbox 467 1157 563 1212; x_wconf 85' lang='grc' dir='ltr'><strong>ἐννοισν</strong></span> <span class='ocrx_word' id='word_1_134' title='bbox 574 1178 580 1191; x_wconf 87' lang='grc'><em>·</em></span> <span class='ocrx_word' id='word_1_135' title='bbox 593 1160 652 1230; x_wconf 84' lang='grc' dir='ltr'><strong>πρδς</strong></span> <span class='ocrx_word' id='word_1_136' title='bbox 666 1157 709 1230; x_wconf 75' lang='grc' dir='ltr'><strong>μέν</strong></span> <span class='ocrx_word' id='word_1_137' title='bbox 722 1157 765 1211; x_wconf 82' lang='grc' dir='ltr'><strong>τδν</strong></span> <span class='ocrx_word' id='word_1_138' title='bbox 779 1160 863 1212; x_wconf 88' lang='grc' dir='ltr'><strong>Λεπτί-</strong></span> <span class='ocrx_word' id='word_1_139' title='bbox 906 1158 1025 1212; x_wconf 84' lang='grc' dir='ltr'><strong>Λεπτίνου</strong></span> <span class='ocrx_word' id='word_1_140' title='bbox 1037 1158 1189 1228; x_wconf 85' lang='grc' dir='ltr'><strong>πειρωμένου</strong></span> <span class='ocrx_word' id='word_1_141' title='bbox 1202 1157 1284 1229; x_wconf 87' lang='grc' dir='ltr'><strong>λέγειν</strong></span> <span class='ocrx_word' id='word_1_142' title='bbox 1295 1159 1329 1220; x_wconf 87' lang='grc' dir='ltr'><strong>ώς</strong></span> <span class='ocrx_word' id='word_1_143' title='bbox 1342 1159 1367 1210; x_wconf 88' lang='grc' dir='ltr'><strong>αί</strong></span> <span class='ocrx_word' id='word_1_144' title='bbox 1380 1158 1529 1229; x_wconf 80' lang='grc' dir='ltr'><strong>λειτουργίαι</strong></span> <span class='ocrx_word' id='word_1_145' title='bbox 1541 1164 1584 1214; x_wconf 87' lang='grc' dir='ltr'><strong>νύν</strong></span> <span class='ocrx_word' id='word_1_146' title='bbox 1598 1161 1642 1232; x_wconf 84' lang='grc' dir='ltr'><strong>μέν</strong></span> <span class='ocrx_word' id='word_1_147' title='bbox 1654 1163 1687 1226; x_wconf 86' lang='grc' dir='ltr'><strong>είς</strong></span> 
     </span>
     <span class='ocr_line' id='line_1_11' title="bbox 79 1233 1686 1311; baseline 0.005 -25"><span class='ocrx_word' id='word_1_148' title='bbox 79 1255 122 1288; x_wconf 87' lang='grc' dir='ltr'><strong>νου</strong></span> <span class='ocrx_word' id='word_1_149' title='bbox 136 1237 213 1306; x_wconf 84' lang='grc' dir='ltr'><strong>νόμον</strong></span> <span class='ocrx_word' id='word_1_150' title='bbox 221 1235 245 1287; x_wconf 89' lang='grc' dir='ltr'><strong>τί</strong></span> <span class='ocrx_word' id='word_1_151' title='bbox 258 1233 409 1305; x_wconf 85' lang='grc' dir='ltr'><strong>ἀφαιρεῖται,</strong></span> <span class='ocrx_word' id='word_1_152' title='bbox 425 1235 484 1306; x_wconf 73' lang='grc' dir='ltr'><strong>πρὸς</strong></span> <span class='ocrx_word' id='word_1_153' title='bbox 496 1235 524 1290; x_wconf 83' lang='grc' dir='ltr'><strong>δί</strong></span> <span class='ocrx_word' id='word_1_154' title='bbox 540 1235 584 1290; x_wconf 87' lang='grc' dir='ltr'><strong>τδν</strong></span> <span class='ocrx_word' id='word_1_155' title='bbox 599 1235 690 1290; x_wconf 85' lang='grc' dir='ltr'><strong>οίιιεῖον</strong></span> <span class='ocrx_word' id='word_1_156' title='bbox 704 1236 729 1290; x_wconf 93' lang='grc' dir='ltr'><strong>τί</strong></span> <span class='ocrx_word' id='word_1_157' title='bbox 739 1237 860 1302; x_wconf 85' lang='grc' dir='ltr'><strong>διδάσκει,</strong></span> <span class='ocrx_word' id='word_1_158' title='bbox 906 1237 1009 1304; x_wconf 83' lang='grc' dir='ltr'><strong>πένητας</strong></span> <span class='ocrx_word' id='word_1_159' title='bbox 1028 1235 1169 1309; x_wconf 86' lang='grc' dir='ltr'><strong>ἀνθρώπους</strong></span> <span class='ocrx_word' id='word_1_160' title='bbox 1190 1237 1347 1308; x_wconf 83' lang='grc' dir='ltr'><strong>περιήκοντι,</strong></span> <span class='ocrx_word' id='word_1_161' title='bbox 1362 1238 1418 1292; x_wconf 86' lang='grc' dir='ltr'><strong>τθτι</strong></span> <span class='ocrx_word' id='word_1_162' title='bbox 1434 1237 1460 1291; x_wconf 86' lang='grc' dir='ltr'><strong>δέ</strong></span> <span class='ocrx_word' id='word_1_163' title='bbox 1473 1238 1686 1311; x_wconf 86' lang='grc' dir='ltr'><strong>λειτουργήσουσιν</strong></span> 
     </span>
    </p>
   </div>
   <div class='ocr_carea' id='block_1_5' title="bbox 74 1310 1701 5254">
    <p class='ocr_par' dir='ltr' id='par_1_6' title="bbox 74 1310 1701 5254">
     <span class='ocr_line' id='line_1_12' title="bbox 77 1310 1687 1388; baseline 0.006 -23"><span class='ocrx_word' id='word_1_164' title='bbox 77 1319 129 1375; x_wconf 88' lang='grc' dir='ltr'><strong>πῶς</strong></span> <span class='ocrx_word' id='word_1_165' title='bbox 143 1315 172 1366; x_wconf 89' lang='grc' dir='ltr'><strong>ἀν</strong></span> <span class='ocrx_word' id='word_1_166' title='bbox 185 1313 199 1365; x_wconf 88' lang='grc' dir='ltr'><strong>ύ</strong></span> <span class='ocrx_word' id='word_1_167' title='bbox 211 1313 289 1384; x_wconf 88' lang='grc' dir='ltr'><strong>δῆμος</strong></span> <span class='ocrx_word' id='word_1_168' title='bbox 300 1312 336 1367; x_wconf 84' lang='grc' dir='ltr'><strong>ἐτι</strong></span> <span class='ocrx_word' id='word_1_169' title='bbox 350 1310 383 1385; x_wconf 80' lang='grc' dir='ltr'><strong>μὴ</strong></span> <span class='ocrx_word' id='word_1_170' title='bbox 396 1311 519 1387; x_wconf 79' lang='grc' dir='ltr'><strong>ἀπατῷτο.</strong></span> <span class='ocrx_word' id='word_1_171' title='bbox 556 1313 667 1368; x_wconf 84' lang='grc' dir='ltr'><strong>Λείανυσι</strong></span> <span class='ocrx_word' id='word_1_172' title='bbox 680 1313 728 1386; x_wconf 68' lang='grc' dir='ltr'><strong>γὰρ</strong></span> <span class='ocrx_word' id='word_1_173' title='bbox 740 1315 861 1386; x_wconf 88' lang='grc' dir='ltr'><strong>κρίνεσθαι</strong></span> <span class='ocrx_word' id='word_1_174' title='bbox 906 1316 929 1369; x_wconf 88' lang='grc' dir='ltr'><strong>οί</strong></span> <span class='ocrx_word' id='word_1_175' title='bbox 940 1317 1136 1382; x_wconf 89' lang='grc' dir='ltr'><strong>πλουσιώτατοι,</strong></span> <span class='ocrx_word' id='word_1_176' title='bbox 1147 1316 1260 1386; x_wconf 88' lang='grc' dir='ltr'><strong>προλύων</strong></span> <span class='ocrx_word' id='word_1_177' title='bbox 1273 1316 1313 1370; x_wconf 85' lang='grc' dir='ltr'><strong>καί</strong></span> <span class='ocrx_word' id='word_1_178' title='bbox 1322 1323 1506 1388; x_wconf 88' lang='grc' dir='ltr'><strong>προοικονομῶν</strong></span> <span class='ocrx_word' id='word_1_179' title='bbox 1518 1318 1637 1372; x_wconf 86' lang='grc' dir='ltr'><strong>δείκνυσιν</strong></span> <span class='ocrx_word' id='word_1_180' title='bbox 1649 1323 1687 1374; x_wconf 88' lang='grc' dir='ltr'><strong>θτι</strong></span> 
     </span>
     <span class='ocr_line' id='line_1_13' title="bbox 78 1392 1687 1466; baseline 0.004 -22"><span class='ocrx_word' id='word_1_181' title='bbox 78 1395 131 1446; x_wconf 82' lang='grc' dir='ltr'><strong>δεῖν</strong></span> <span class='ocrx_word' id='word_1_182' title='bbox 143 1393 199 1454; x_wconf 84' lang='grc' dir='ltr'><strong>τοὶις</strong></span> <span class='ocrx_word' id='word_1_183' title='bbox 211 1392 349 1463; x_wconf 87' lang='grc' dir='ltr'><strong>είληφθτας.</strong></span> <span class='ocrx_word' id='word_1_184' title='bbox 364 1393 444 1446; x_wconf 70' lang='lat' dir='ltr'><strong>wv.</strong></span> <span class='ocrx_word' id='word_1_185' title='bbox 906 1393 961 1449; x_wconf 84' lang='grc' dir='ltr'><strong>ούτε</strong></span> <span class='ocrx_word' id='word_1_186' title='bbox 975 1395 1082 1458; x_wconf 81' lang='grc' dir='ltr'><strong>πολλούς</strong></span> <span class='ocrx_word' id='word_1_187' title='bbox 1095 1394 1245 1466; x_wconf 77' lang='grc' dir='ltr'><strong>περιποιήσει</strong></span> <span class='ocrx_word' id='word_1_188' title='bbox 1258 1394 1300 1447; x_wconf 78' lang='grc' dir='ltr'><strong>καὶ</strong></span> <span class='ocrx_word' id='word_1_189' title='bbox 1313 1396 1352 1449; x_wconf 82' lang='grc' dir='ltr'><strong>ύτι</strong></span> <span class='ocrx_word' id='word_1_190' title='bbox 1369 1393 1384 1446; x_wconf 83' lang='grc' dir='ltr'><strong>θ</strong></span> <span class='ocrx_word' id='word_1_191' title='bbox 1400 1397 1475 1465; x_wconf 84' lang='grc' dir='ltr'><strong>νόμος</strong></span> <span class='ocrx_word' id='word_1_192' title='bbox 1496 1394 1587 1456; x_wconf 85' lang='grc' dir='ltr'><strong>ἐδωκεν</strong></span> <span class='ocrx_word' id='word_1_193' title='bbox 1605 1397 1687 1460; x_wconf 84' lang='grc' dir='ltr'><strong>αύτοῖς</strong></span> 
     </span>
     <span class='ocr_line' id='line_1_14' title="bbox 115 1469 1686 1546; baseline 0.003 -21"><span class='ocrx_word' id='word_1_194' title='bbox 115 1472 177 1536; x_wconf 92' lang='grc'><strong>458,</strong></span> <span class='ocrx_word' id='word_1_195' title='bbox 192 1476 232 1536; x_wconf 90' lang='grc' dir='ltr'><strong>ε4.</strong></span> <span class='ocrx_word' id='word_1_196' title='bbox 241 1471 287 1524; x_wconf 57' lang='lat' dir='ltr'><strong>Ka}</strong></span> <span class='ocrx_word' id='word_1_197' title='bbox 296 1472 378 1524; x_wconf 83' lang='grc' dir='ltr'><strong>θέσθαι</strong></span> <span class='ocrx_word' id='word_1_198' title='bbox 387 1473 481 1542; x_wconf 85' lang='grc' dir='ltr'><strong>νόμον]</strong></span> <span class='ocrx_word' id='word_1_199' title='bbox 491 1469 614 1541; x_wconf 86' lang='grc' dir='ltr'><strong>Ὅραπῶς</strong></span> <span class='ocrx_word' id='word_1_200' title='bbox 624 1469 649 1525; x_wconf 90' lang='grc' dir='ltr'><strong>ἐν</strong></span> <span class='ocrx_word' id='word_1_201' title='bbox 659 1472 784 1543; x_wconf 80' lang='grc' dir='ltr'><strong>τῷδοκεῖν</strong></span> <span class='ocrx_word' id='word_1_202' title='bbox 794 1472 860 1526; x_wconf 88' lang='grc' dir='ltr'><strong>λύειν</strong></span> <span class='ocrx_word' id='word_1_203' title='bbox 905 1473 949 1540; x_wconf 79' lang='grc' dir='ltr'><strong>τήν</strong></span> <span class='ocrx_word' id='word_1_204' title='bbox 962 1473 1086 1537; x_wconf 84' lang='grc' dir='ltr'><strong>ἀτέλειαν,</strong></span> <span class='ocrx_word' id='word_1_205' title='bbox 1098 1475 1162 1528; x_wconf 87' lang='grc' dir='ltr'><strong>ῶστε</strong></span> <span class='ocrx_word' id='word_1_206' title='bbox 1176 1473 1251 1545; x_wconf 88' lang='grc' dir='ltr'><strong>μηδέν</strong></span> <span class='ocrx_word' id='word_1_207' title='bbox 1264 1473 1296 1544; x_wconf 77' lang='lat'><strong>¹7.</strong></span> <span class='ocrx_word' id='word_1_208' title='bbox 1297 1492 1332 1526; x_wconf 90' lang='grc' dir='ltr'><strong>ειν</strong></span> <span class='ocrx_word' id='word_1_209' title='bbox 1350 1473 1406 1535; x_wconf 81' lang='grc' dir='ltr'><strong>τούς</strong></span> <span class='ocrx_word' id='word_1_210' title='bbox 1419 1471 1551 1537; x_wconf 84' lang='grc' dir='ltr'><strong>ἀκούοντας</strong></span> <span class='ocrx_word' id='word_1_211' title='bbox 1570 1475 1686 1546; x_wconf 86' lang='grc' dir='ltr'><strong>εύρίσκειν</strong></span> 
     </span>
     <span class='ocr_line' id='line_1_15' title="bbox 79 1549 1331 1622; baseline -0.001 -17"><span class='ocrx_word' id='word_1_212' title='bbox 79 1553 123 1605; x_wconf 76' lang='grc' dir='ltr'><strong>καὶ</strong></span> <span class='ocrx_word' id='word_1_213' title='bbox 136 1553 233 1619; x_wconf 84' lang='grc' dir='ltr'><strong>τίθησι,</strong></span> <span class='ocrx_word' id='word_1_214' title='bbox 247 1551 391 1622; x_wconf 86' lang='grc' dir='ltr'><strong>συμπλέκων</strong></span> <span class='ocrx_word' id='word_1_215' title='bbox 404 1549 468 1621; x_wconf 82' lang='grc' dir='ltr'><strong>ύμυθ</strong></span> <span class='ocrx_word' id='word_1_216' title='bbox 483 1549 515 1602; x_wconf 86' lang='grc' dir='ltr'><strong>τά</strong></span> <span class='ocrx_word' id='word_1_217' title='bbox 527 1550 661 1620; x_wconf 84' lang='grc' dir='ltr'><strong>κτράλαια,</strong></span> <span class='ocrx_word' id='word_1_218' title='bbox 672 1551 714 1604; x_wconf 83' lang='grc' dir='ltr'><strong>καλ</strong></span> <span class='ocrx_word' id='word_1_219' title='bbox 725 1552 754 1604; x_wconf 84' lang='grc' dir='ltr'><strong>τδ</strong></span> <span class='ocrx_word' id='word_1_220' title='bbox 767 1552 860 1606; x_wconf 83' lang='grc' dir='ltr'><strong>δίκαιον</strong></span> <span class='ocrx_word' id='word_1_221' title='bbox 906 1553 933 1608; x_wconf 88' lang='grc' dir='ltr'><strong>ἐκ</strong></span> <span class='ocrx_word' id='word_1_222' title='bbox 945 1558 988 1620; x_wconf 88' lang='grc' dir='ltr'><strong>τῆς</strong></span> <span class='ocrx_word' id='word_1_223' title='bbox 1001 1553 1144 1614; x_wconf 79' lang='grc' dir='ltr'><strong>ἀντιθέσεως</strong></span> <span class='ocrx_word' id='word_1_224' title='bbox 1156 1551 1331 1622; x_wconf 70' lang='grc' dir='ltr'><strong>ἀρελος.Τίῖλ’.</strong></span> 
     </span>
     <span class='ocr_line' id='line_1_16' title="bbox 77 1627 1685 1704; baseline 0.002 -20"><span class='ocrx_word' id='word_1_225' title='bbox 77 1635 120 1684; x_wconf 89' lang='grc' dir='ltr'><strong>καὶ</strong></span> <span class='ocrx_word' id='word_1_226' title='bbox 136 1631 306 1702; x_wconf 84' lang='grc' dir='ltr'><strong>τδσυμφίρον.</strong></span> <span class='ocrx_word' id='word_1_227' title='bbox 345 1629 430 1700; x_wconf 82' lang='grc' dir='ltr'><strong>Ἔχεις</strong></span> <span class='ocrx_word' id='word_1_228' title='bbox 439 1628 487 1700; x_wconf 78' lang='grc' dir='ltr'><strong>γὰρ</strong></span> <span class='ocrx_word' id='word_1_229' title='bbox 505 1627 530 1683; x_wconf 87' lang='grc' dir='ltr'><strong>ἐν</strong></span> <span class='ocrx_word' id='word_1_230' title='bbox 545 1629 640 1692; x_wconf 89' lang='grc' dir='ltr'><strong>τούτοις</strong></span> <span class='ocrx_word' id='word_1_231' title='bbox 650 1628 793 1701; x_wconf 84' lang='grc' dir='ltr'><strong>ἀμφοτέρων</strong></span> <span class='ocrx_word' id='word_1_232' title='bbox 811 1637 860 1685; x_wconf 87' lang='grc' dir='ltr'><strong>τῶν</strong></span> <span class='ocrx_word' id='word_1_233' title='bbox 941 1633 1004 1702; x_wconf 88' lang='grc'><strong>459,</strong></span> <span class='ocrx_word' id='word_1_234' title='bbox 1021 1633 1064 1687; x_wconf 78' lang='lat'><strong>13.</strong></span> <span class='ocrx_word' id='word_1_235' title='bbox 1077 1632 1154 1686; x_wconf 79' lang='grc' dir='ltr'><strong>Ὅστε</strong></span> <span class='ocrx_word' id='word_1_236' title='bbox 1172 1632 1215 1685; x_wconf 85' lang='grc' dir='ltr'><strong>τδν</strong></span> <span class='ocrx_word' id='word_1_237' title='bbox 1229 1629 1334 1703; x_wconf 72' lang='grc' dir='ltr'><strong>ἥμισυν]</strong></span> <span class='ocrx_word' id='word_1_238' title='bbox 1347 1630 1475 1701; x_wconf 82' lang='grc' dir='ltr'><strong>Σμικρύνει</strong></span> <span class='ocrx_word' id='word_1_239' title='bbox 1484 1632 1512 1684; x_wconf 86' lang='grc' dir='ltr'><strong>τδ</strong></span> <span class='ocrx_word' id='word_1_240' title='bbox 1522 1634 1592 1704; x_wconf 85' lang='grc' dir='ltr'><strong>γέρας</strong></span> <span class='ocrx_word' id='word_1_241' title='bbox 1600 1635 1641 1688; x_wconf 78' lang='grc' dir='ltr'><strong>καὶ</strong></span> <span class='ocrx_word' id='word_1_242' title='bbox 1652 1635 1685 1699; x_wconf 87' lang='grc' dir='ltr'><strong>εἰς</strong></span> 
     </span>
     <span class='ocr_line' id='line_1_17' title="bbox 78 1706 1685 1782; baseline 0.002 -20"><span class='ocrx_word' id='word_1_243' title='bbox 78 1713 163 1781; x_wconf 85' lang='grc' dir='ltr'><strong>νόμων</strong></span> <span class='ocrx_word' id='word_1_244' title='bbox 175 1708 285 1774; x_wconf 86' lang='grc' dir='ltr'><strong>είκύνας,</strong></span> <span class='ocrx_word' id='word_1_245' title='bbox 307 1712 351 1762; x_wconf 87' lang='grc' dir='ltr'><strong>τού</strong></span> <span class='ocrx_word' id='word_1_246' title='bbox 369 1708 412 1780; x_wconf 81' lang='grc' dir='ltr'><strong>μέν</strong></span> <span class='ocrx_word' id='word_1_247' title='bbox 427 1707 544 1761; x_wconf 82' lang='grc' dir='ltr'><strong>Λεπτίνου</strong></span> <span class='ocrx_word' id='word_1_248' title='bbox 558 1709 636 1779; x_wconf 87' lang='grc' dir='ltr'><strong>νίμου</strong></span> <span class='ocrx_word' id='word_1_249' title='bbox 655 1709 696 1760; x_wconf 78' lang='grc' dir='ltr'><strong>διὰ</strong></span> <span class='ocrx_word' id='word_1_250' title='bbox 709 1712 752 1775; x_wconf 85' lang='grc' dir='ltr'><strong>τῆς</strong></span> <span class='ocrx_word' id='word_1_251' title='bbox 765 1708 861 1781; x_wconf 83' lang='grc' dir='ltr'><strong>άραιρέ-</strong></span> <span class='ocrx_word' id='word_1_252' title='bbox 906 1709 1027 1764; x_wconf 84' lang='grc' dir='ltr'><strong>τύτέλειαν</strong></span> <span class='ocrx_word' id='word_1_253' title='bbox 1049 1712 1151 1782; x_wconf 75' lang='grc' dir='ltr'><strong>κατάγει</strong></span> <span class='ocrx_word' id='word_1_254' title='bbox 1175 1707 1219 1774; x_wconf 80' lang='grc' dir='ltr'><strong>τῆν</strong></span> <span class='ocrx_word' id='word_1_255' title='bbox 1238 1706 1330 1779; x_wconf 71' lang='grc' dir='ltr'><strong>σεμνὴν</strong></span> <span class='ocrx_word' id='word_1_256' title='bbox 1349 1708 1535 1779; x_wconf 74' lang='grc' dir='ltr'><strong>ὀνομαζομένην</strong></span> <span class='ocrx_word' id='word_1_257' title='bbox 1559 1709 1685 1779; x_wconf 81' lang='grc' dir='ltr'><strong>ἀτέλειαν,</strong></span> 
     </span>
     <span class='ocr_line' id='line_1_18' title="bbox 77 1783 1685 1862; baseline 0.004 -22"><span class='ocrx_word' id='word_1_258' title='bbox 77 1807 155 1853; x_wconf 90' lang='grc' dir='ltr'><strong>σεως,</strong></span> <span class='ocrx_word' id='word_1_259' title='bbox 169 1791 213 1842; x_wconf 85' lang='grc' dir='ltr'><strong>τοῦ</strong></span> <span class='ocrx_word' id='word_1_260' title='bbox 226 1787 253 1840; x_wconf 86' lang='grc' dir='ltr'><strong>δέ</strong></span> <span class='ocrx_word' id='word_1_261' title='bbox 263 1788 431 1858; x_wconf 80' lang='grc' dir='ltr'><strong>Δημοσθένους</strong></span> <span class='ocrx_word' id='word_1_262' title='bbox 444 1787 485 1839; x_wconf 85' lang='grc' dir='ltr'><strong>διέι</strong></span> <span class='ocrx_word' id='word_1_263' title='bbox 501 1789 545 1853; x_wconf 87' lang='grc' dir='ltr'><strong>τῆς</strong></span> <span class='ocrx_word' id='word_1_264' title='bbox 555 1791 605 1840; x_wconf 87' lang='grc' dir='ltr'><strong>τῶν</strong></span> <span class='ocrx_word' id='word_1_265' title='bbox 617 1785 767 1840; x_wconf 84' lang='grc' dir='ltr'><strong>ἀπατώντων</strong></span> <span class='ocrx_word' id='word_1_266' title='bbox 783 1807 861 1860; x_wconf 90' lang='grc' dir='ltr'><strong>τιμω-</strong></span> <span class='ocrx_word' id='word_1_267' title='bbox 906 1792 977 1862; x_wconf 83' lang='grc' dir='ltr'><strong>μέρος</strong></span> <span class='ocrx_word' id='word_1_268' title='bbox 995 1790 1038 1861; x_wconf 81' lang='grc' dir='ltr'><strong>μέν</strong></span> <span class='ocrx_word' id='word_1_269' title='bbox 1052 1789 1126 1858; x_wconf 84' lang='grc' dir='ltr'><strong>αύτῆς</strong></span> <span class='ocrx_word' id='word_1_270' title='bbox 1144 1789 1186 1842; x_wconf 78' lang='grc' dir='ltr'><strong>καί</strong></span> <span class='ocrx_word' id='word_1_271' title='bbox 1204 1791 1256 1852; x_wconf 84' lang='grc' dir='ltr'><strong>τοῖς</strong></span> <span class='ocrx_word' id='word_1_272' title='bbox 1280 1788 1324 1841; x_wconf 86' lang='grc' dir='ltr'><strong>ούα</strong></span> <span class='ocrx_word' id='word_1_273' title='bbox 1344 1783 1413 1841; x_wconf 83' lang='grc' dir='ltr'><strong>ούσιν</strong></span> <span class='ocrx_word' id='word_1_274' title='bbox 1435 1787 1569 1860; x_wconf 83' lang='grc' dir='ltr'><strong>εύεργέταις</strong></span> <span class='ocrx_word' id='word_1_275' title='bbox 1587 1793 1685 1859; x_wconf 77' lang='grc' dir='ltr'><strong>διδούς,</strong></span> 
     </span>
     <span class='ocr_line' id='line_1_19' title="bbox 77 1865 1687 1942; baseline 0.006 -24"><span class='ocrx_word' id='word_1_276' title='bbox 77 1868 138 1937; x_wconf 89' lang='grc' dir='ltr'><strong>ρίας·</strong></span> <span class='ocrx_word' id='word_1_277' title='bbox 154 1867 221 1937; x_wconf 77' lang='grc' dir='ltr'><strong>ὁμέν</strong></span> <span class='ocrx_word' id='word_1_278' title='bbox 235 1866 284 1937; x_wconf 82' lang='grc' dir='ltr'><strong>γάρ</strong></span> <span class='ocrx_word' id='word_1_279' title='bbox 297 1865 434 1936; x_wconf 85' lang='grc' dir='ltr'><strong>ἀφαιρεῖται</strong></span> <span class='ocrx_word' id='word_1_280' title='bbox 445 1865 533 1928; x_wconf 84' lang='grc' dir='ltr'><strong>τελέως</strong></span> <span class='ocrx_word' id='word_1_281' title='bbox 543 1866 665 1931; x_wconf 68' lang='grc' dir='ltr'><strong>ἅπαντας,</strong></span> <span class='ocrx_word' id='word_1_282' title='bbox 678 1865 728 1919; x_wconf 82' lang='grc' dir='ltr'><strong>ύδέ</strong></span> <span class='ocrx_word' id='word_1_283' title='bbox 740 1866 796 1929; x_wconf 79' lang='grc' dir='ltr'><strong>τούς</strong></span> <span class='ocrx_word' id='word_1_284' title='bbox 805 1869 861 1939; x_wconf 87' lang='grc' dir='ltr'><strong>παρ’</strong></span> <span class='ocrx_word' id='word_1_285' title='bbox 906 1870 992 1942; x_wconf 69' lang='grc' dir='ltr'><strong>μικρὸν</strong></span> <span class='ocrx_word' id='word_1_286' title='bbox 1004 1871 1027 1922; x_wconf 89' lang='grc' dir='ltr'><strong>δ’</strong></span> <span class='ocrx_word' id='word_1_287' title='bbox 1042 1868 1079 1924; x_wconf 84' lang='grc' dir='ltr'><strong>ἐτι</strong></span> <span class='ocrx_word' id='word_1_288' title='bbox 1092 1869 1181 1924; x_wconf 88' lang='grc' dir='ltr'><strong>λυιπδν</strong></span> <span class='ocrx_word' id='word_1_289' title='bbox 1192 1869 1354 1942; x_wconf 82' lang='grc' dir='ltr'><strong>προστεθῆναι</strong></span> <span class='ocrx_word' id='word_1_290' title='bbox 1369 1868 1467 1938; x_wconf 84' lang='grc' dir='ltr'><strong>φάσκων</strong></span> <span class='ocrx_word' id='word_1_291' title='bbox 1481 1871 1533 1932; x_wconf 90' lang='grc' dir='ltr'><strong>τοῖς</strong></span> <span class='ocrx_word' id='word_1_292' title='bbox 1544 1865 1572 1924; x_wconf 82' lang='grc' dir='ltr'><strong>εύ</strong></span> <span class='ocrx_word' id='word_1_293' title='bbox 1583 1873 1687 1939; x_wconf 86' lang='grc' dir='ltr'><strong>ποιήσοι-</strong></span> 
     </span>
     <span class='ocr_line' id='line_1_20' title="bbox 78 1943 1048 2016; baseline 0.006 -20"><span class='ocrx_word' id='word_1_294' title='bbox 78 1945 147 2007; x_wconf 79' lang='grc' dir='ltr'><strong>ἀξίαν</strong></span> <span class='ocrx_word' id='word_1_295' title='bbox 170 1945 292 2007; x_wconf 82' lang='grc' dir='ltr'><strong>λαθόντας</strong></span> <span class='ocrx_word' id='word_1_296' title='bbox 311 1943 504 2016; x_wconf 82' lang='grc' dir='ltr'><strong>ἐξελεγχθέντοςΙ</strong></span> <span class='ocrx_word' id='word_1_297' title='bbox 523 1945 683 2016; x_wconf 85' lang='grc' dir='ltr'><strong>τιμωρεῖσθαι</strong></span> <span class='ocrx_word' id='word_1_298' title='bbox 706 1947 860 2016; x_wconf 81' lang='grc' dir='ltr'><strong>προστάττει.</strong></span> <span class='ocrx_word' id='word_1_299' title='bbox 906 1968 954 2004; x_wconf 90' lang='grc' dir='ltr'><strong>σιν.</strong></span> <span class='ocrx_word' id='word_1_300' title='bbox 967 1950 1048 2003; x_wconf 72' lang='lat' dir='ltr'><strong>mV.</strong></span> 
     </span>
     <span class='ocr_line' id='line_1_21' title="bbox 76 2021 1682 2098; baseline 0.002 -20"><span class='ocrx_word' id='word_1_301' title='bbox 76 2027 160 2078; x_wconf 78' lang='lat' dir='ltr'>TCV.</span> <span class='ocrx_word' id='word_1_302' title='bbox 941 2029 1004 2097; x_wconf 88' lang='grc'><strong>459,</strong></span> <span class='ocrx_word' id='word_1_303' title='bbox 1021 2032 1062 2091; x_wconf 89' lang='grc' dir='ltr'><strong>ι4.</strong></span> <span class='ocrx_word' id='word_1_304' title='bbox 1077 2025 1133 2081; x_wconf 72' lang='grc' dir='ltr'><strong>Εἶθ’</strong></span> <span class='ocrx_word' id='word_1_305' title='bbox 1146 2021 1175 2092; x_wconf 80' lang='grc' dir='ltr'><strong>ῆς</strong></span> <span class='ocrx_word' id='word_1_306' title='bbox 1184 2028 1243 2081; x_wconf 80' lang='grc' dir='ltr'><strong>πᾶσι</strong></span> <span class='ocrx_word' id='word_1_307' title='bbox 1258 2025 1439 2098; x_wconf 85' lang='grc' dir='ltr'><strong>μίτεστιν]Τῆς</strong></span> <span class='ocrx_word' id='word_1_308' title='bbox 1452 2023 1562 2090; x_wconf 78' lang='grc' dir='ltr'><strong>ἀτελείας</strong></span> <span class='ocrx_word' id='word_1_309' title='bbox 1575 2027 1682 2095; x_wconf 80' lang='grc' dir='ltr'><strong>δηλαδή.</strong></span> 
     </span>
     <span class='ocr_line' id='line_1_22' title="bbox 117 2099 1685 2176; baseline 0.004 -22"><span class='ocrx_word' id='word_1_310' title='bbox 117 2103 178 2165; x_wconf 90' lang='grc'><strong>458,</strong></span> <span class='ocrx_word' id='word_1_311' title='bbox 193 2104 235 2158; x_wconf 78' lang='grc'><strong>18.</strong></span> <span class='ocrx_word' id='word_1_312' title='bbox 256 2100 363 2172; x_wconf 86' lang='grc' dir='ltr'><strong>ίίθτερθν</strong></span> <span class='ocrx_word' id='word_1_313' title='bbox 377 2101 453 2170; x_wconf 88' lang='grc' dir='ltr'><strong>ποτε]</strong></span> <span class='ocrx_word' id='word_1_314' title='bbox 468 2099 677 2172; x_wconf 77' lang='grc' dir='ltr'><strong>Κατάιπαράθτσιν</strong></span> <span class='ocrx_word' id='word_1_315' title='bbox 692 2101 768 2165; x_wconf 89' lang='grc' dir='ltr'><strong>ἀλλος</strong></span> <span class='ocrx_word' id='word_1_316' title='bbox 790 2102 861 2174; x_wconf 88' lang='grc' dir='ltr'><strong>λογι·</strong></span> <span class='ocrx_word' id='word_1_317' title='bbox 905 2107 936 2160; x_wconf 89' lang='grc' dir='ltr'><strong>Ρ.</strong></span> <span class='ocrx_word' id='word_1_318' title='bbox 958 2105 1000 2168; x_wconf 84' lang='grc' dir='ltr'><strong>Είς</strong></span> <span class='ocrx_word' id='word_1_319' title='bbox 1018 2106 1080 2160; x_wconf 83' lang='grc' dir='ltr'><strong>αἰδῶ</strong></span> <span class='ocrx_word' id='word_1_320' title='bbox 1092 2111 1141 2160; x_wconf 91' lang='grc' dir='ltr'><strong>τῶν</strong></span> <span class='ocrx_word' id='word_1_321' title='bbox 1156 2105 1292 2176; x_wconf 83' lang='grc' dir='ltr'><strong>είληφθτων</strong></span> <span class='ocrx_word' id='word_1_322' title='bbox 1305 2104 1362 2166; x_wconf 78' lang='grc' dir='ltr'><strong>τούς</strong></span> <span class='ocrx_word' id='word_1_323' title='bbox 1381 2103 1513 2166; x_wconf 88' lang='grc' dir='ltr'><strong>ἀκούοντας</strong></span> <span class='ocrx_word' id='word_1_324' title='bbox 1531 2105 1685 2172; x_wconf 83' lang='grc' dir='ltr'><strong>ἐκκαλεῖται,</strong></span> 
     </span>
     <span class='ocr_line' id='line_1_23' title="bbox 78 2177 1688 2256; baseline 0.002 -24"><span class='ocrx_word' id='word_1_325' title='bbox 78 2181 142 2250; x_wconf 74' lang='grc' dir='ltr'><strong>σμὸς</strong></span> <span class='ocrx_word' id='word_1_326' title='bbox 152 2179 178 2232; x_wconf 88' lang='grc' dir='ltr'><strong>ἐκ</strong></span> <span class='ocrx_word' id='word_1_327' title='bbox 189 2183 234 2232; x_wconf 85' lang='grc' dir='ltr'><strong>τού</strong></span> <span class='ocrx_word' id='word_1_328' title='bbox 248 2179 302 2233; x_wconf 87' lang='grc' dir='ltr'><strong>καθ’</strong></span> <span class='ocrx_word' id='word_1_329' title='bbox 317 2179 430 2250; x_wconf 83' lang='grc' dir='ltr'><strong>έκάτερον</strong></span> <span class='ocrx_word' id='word_1_330' title='bbox 445 2179 636 2244; x_wconf 82' lang='grc' dir='ltr'><strong>ἀπούαίνοντος,</strong></span> <span class='ocrx_word' id='word_1_331' title='bbox 651 2177 695 2231; x_wconf 75' lang='grc' dir='ltr'><strong>ἵνα</strong></span> <span class='ocrx_word' id='word_1_332' title='bbox 708 2181 795 2252; x_wconf 78' lang='grc' dir='ltr'><strong>δειχθῇ</strong></span> <span class='ocrx_word' id='word_1_333' title='bbox 809 2181 863 2251; x_wconf 83' lang='grc' dir='ltr'><strong>βέλ·</strong></span> <span class='ocrx_word' id='word_1_334' title='bbox 904 2185 948 2239; x_wconf 76' lang='grc' dir='ltr'><strong>ἵνα</strong></span> <span class='ocrx_word' id='word_1_335' title='bbox 961 2184 1005 2252; x_wconf 69' lang='grc' dir='ltr'><strong>τὴν</strong></span> <span class='ocrx_word' id='word_1_336' title='bbox 1021 2185 1123 2240; x_wconf 69' lang='grc' dir='ltr'><strong>ἀτοπίαν</strong></span> <span class='ocrx_word' id='word_1_337' title='bbox 1135 2189 1178 2252; x_wconf 69' lang='grc' dir='ltr'><strong>τῆς</strong></span> <span class='ocrx_word' id='word_1_338' title='bbox 1192 2183 1338 2256; x_wconf 74' lang='grc' dir='ltr'><strong>ἀφαιρέσεως</strong></span> <span class='ocrx_word' id='word_1_339' title='bbox 1355 2181 1430 2256; x_wconf 72' lang='grc' dir='ltr'><strong>δεξη.</strong></span> <span class='ocrx_word' id='word_1_340' title='bbox 1472 2181 1577 2246; x_wconf 83' lang='grc' dir='ltr'><strong>’έίθικῶς</strong></span> <span class='ocrx_word' id='word_1_341' title='bbox 1590 2184 1616 2239; x_wconf 81' lang='grc' dir='ltr'><strong>δέ</strong></span> <span class='ocrx_word' id='word_1_342' title='bbox 1629 2185 1688 2256; x_wconf 70' lang='grc' dir='ltr'><strong>πρὸς</strong></span> 
     </span>
     <span class='ocr_line' id='line_1_24' title="bbox 77 2253 1686 2336; baseline 0.002 -24"><span class='ocrx_word' id='word_1_343' title='bbox 77 2277 131 2312; x_wconf 88' lang='grc' dir='ltr'><strong>τιον</strong></span> <span class='ocrx_word' id='word_1_344' title='bbox 144 2253 240 2312; x_wconf 85' lang='grc' dir='ltr'><strong>ούείπε</strong></span> <span class='ocrx_word' id='word_1_345' title='bbox 254 2255 801 2328; x_wconf 77' lang='grc' dir='ltr'><strong>Λεπτίνηςύνςφαύλον,λέγωδῆτδδιδθναι</strong></span> <span class='ocrx_word' id='word_1_346' title='bbox 814 2260 862 2313; x_wconf 84' lang='grc' dir='ltr'><strong>τινί</strong></span> <span class='ocrx_word' id='word_1_347' title='bbox 905 2264 948 2318; x_wconf 80' lang='grc' dir='ltr'><strong>τδν</strong></span> <span class='ocrx_word' id='word_1_348' title='bbox 963 2265 1082 2334; x_wconf 84' lang='grc' dir='ltr'><strong>Λεπτίνην</strong></span> <span class='ocrx_word' id='word_1_349' title='bbox 1100 2263 1249 2334; x_wconf 84' lang='grc' dir='ltr'><strong>διαλέγεται.</strong></span> <span class='ocrx_word' id='word_1_350' title='bbox 1287 2261 1444 2333; x_wconf 85' lang='grc' dir='ltr'><strong>Πολύτροπος</strong></span> <span class='ocrx_word' id='word_1_351' title='bbox 1466 2261 1514 2333; x_wconf 83' lang='grc' dir='ltr'><strong>γάρ</strong></span> <span class='ocrx_word' id='word_1_352' title='bbox 1532 2263 1546 2316; x_wconf 87' lang='grc' dir='ltr'><strong>ύ</strong></span> <span class='ocrx_word' id='word_1_353' title='bbox 1565 2263 1626 2336; x_wconf 78' lang='grc' dir='ltr'><strong>ἀνήρ</strong></span> <span class='ocrx_word' id='word_1_354' title='bbox 1646 2263 1686 2328; x_wconf 77' lang='grc' dir='ltr'><strong>καί</strong></span> 
     </span>
     <span class='ocr_line' id='line_1_25' title="bbox 76 2331 1686 2415; baseline 0.004 -25"><span class='ocrx_word' id='word_1_355' title='bbox 76 2338 120 2390; x_wconf 80' lang='grc' dir='ltr'><strong>καὶ</strong></span> <span class='ocrx_word' id='word_1_356' title='bbox 131 2336 221 2408; x_wconf 76' lang='grc' dir='ltr'><strong>ἀναξίῳ</strong></span> <span class='ocrx_word' id='word_1_357' title='bbox 227 2336 270 2390; x_wconf 82' lang='grc' dir='ltr'><strong>τδν</strong></span> <span class='ocrx_word' id='word_1_358' title='bbox 281 2337 361 2407; x_wconf 87' lang='grc' dir='ltr'><strong>δῆμον</strong></span> <span class='ocrx_word' id='word_1_359' title='bbox 372 2335 567 2408; x_wconf 79' lang='grc' dir='ltr'><strong>ἐξηπατημένον,</strong></span> <span class='ocrx_word' id='word_1_360' title='bbox 578 2337 619 2389; x_wconf 83' lang='grc' dir='ltr'><strong>καί</strong></span> <span class='ocrx_word' id='word_1_361' title='bbox 628 2338 666 2390; x_wconf 85' lang='grc' dir='ltr'><strong>θτι</strong></span> <span class='ocrx_word' id='word_1_362' title='bbox 675 2331 750 2404; x_wconf 83' lang='grc' dir='ltr'><strong>ήττον</strong></span> <span class='ocrx_word' id='word_1_363' title='bbox 759 2337 861 2412; x_wconf 78' lang='grc' dir='ltr'><strong>αίυγρδν</strong></span> <span class='ocrx_word' id='word_1_364' title='bbox 905 2343 965 2413; x_wconf 85' lang='grc' dir='ltr'><strong>πρδς</strong></span> <span class='ocrx_word' id='word_1_365' title='bbox 977 2341 1022 2410; x_wconf 79' lang='grc' dir='ltr'><strong>τὴν</strong></span> <span class='ocrx_word' id='word_1_366' title='bbox 1036 2349 1085 2398; x_wconf 83' lang='grc' dir='ltr'><strong>τῶν</strong></span> <span class='ocrx_word' id='word_1_367' title='bbox 1102 2344 1252 2415; x_wconf 80' lang='grc' dir='ltr'><strong>πραγμάτων</strong></span> <span class='ocrx_word' id='word_1_368' title='bbox 1265 2341 1334 2412; x_wconf 84' lang='grc' dir='ltr'><strong>φύσιν</strong></span> <span class='ocrx_word' id='word_1_369' title='bbox 1348 2341 1588 2412; x_wconf 83' lang='grc' dir='ltr'><strong>σνμμεταθάλλεται.</strong></span> <span class='ocrx_word' id='word_1_370' title='bbox 1607 2343 1686 2397; x_wconf 86' lang='grc' dir='ltr'><strong>Ὅταν</strong></span> 
     </span>
     <span class='ocr_line' id='line_1_26' title="bbox 76 2415 1688 2495; baseline 0.002 -24"><span class='ocrx_word' id='word_1_371' title='bbox 76 2416 112 2480; x_wconf 85' lang='grc' dir='ltr'><strong>είς</strong></span> <span class='ocrx_word' id='word_1_372' title='bbox 124 2416 233 2484; x_wconf 84' lang='grc' dir='ltr'><strong>εύήθειαν</strong></span> <span class='ocrx_word' id='word_1_373' title='bbox 247 2417 400 2470; x_wconf 75' lang='grc' dir='ltr'><strong>σκώπτεσθαι</strong></span> <span class='ocrx_word' id='word_1_374' title='bbox 413 2417 429 2482; x_wconf 83' lang='grc' dir='ltr'><strong>ῆ</strong></span> <span class='ocrx_word' id='word_1_375' title='bbox 444 2415 571 2487; x_wconf 87' lang='grc' dir='ltr'><strong>πονηρίαν.</strong></span> <span class='ocrx_word' id='word_1_376' title='bbox 586 2415 655 2471; x_wconf 83' lang='lat' dir='ltr'>ch</span> <span class='ocrx_word' id='word_1_377' title='bbox 907 2421 948 2494; x_wconf 75' lang='grc' dir='ltr'><strong>μέν</strong></span> <span class='ocrx_word' id='word_1_378' title='bbox 961 2421 1009 2493; x_wconf 79' lang='grc' dir='ltr'><strong>γάρ</strong></span> <span class='ocrx_word' id='word_1_379' title='bbox 1021 2423 1063 2495; x_wconf 79' lang='grc' dir='ltr'><strong>δέη</strong></span> <span class='ocrx_word' id='word_1_380' title='bbox 1081 2427 1229 2493; x_wconf 78' lang='grc' dir='ltr'><strong>συγκροῦσαι</strong></span> <span class='ocrx_word' id='word_1_381' title='bbox 1246 2425 1282 2492; x_wconf 76' lang='grc' dir='ltr'><strong>τῷ</strong></span> <span class='ocrx_word' id='word_1_382' title='bbox 1309 2419 1384 2490; x_wconf 82' lang='grc' dir='ltr'><strong>ήμιμ,</strong></span> <span class='ocrx_word' id='word_1_383' title='bbox 1402 2421 1457 2474; x_wconf 85' lang='grc' dir='ltr'><strong>τύτε</strong></span> <span class='ocrx_word' id='word_1_384' title='bbox 1475 2425 1564 2490; x_wconf 84' lang='grc' dir='ltr'><strong>πικρῶς</strong></span> <span class='ocrx_word' id='word_1_385' title='bbox 1577 2421 1688 2492; x_wconf 84' lang='grc' dir='ltr'><strong>διαλέγε-</strong></span> 
     </span>
     <span class='ocr_line' id='line_1_27' title="bbox 115 2495 1684 2570; baseline 0.001 -20"><span class='ocrx_word' id='word_1_386' title='bbox 115 2497 177 2566; x_wconf 91' lang='grc'><strong>459,</strong></span> <span class='ocrx_word' id='word_1_387' title='bbox 194 2495 301 2568; x_wconf 75' lang='grc' dir='ltr'><strong>ε.’οσιρ</strong></span> <span class='ocrx_word' id='word_1_388' title='bbox 314 2495 344 2563; x_wconf 84' lang='grc' dir='ltr'><strong>δῆ</strong></span> <span class='ocrx_word' id='word_1_389' title='bbox 358 2498 469 2568; x_wconf 88' lang='grc' dir='ltr'><strong>κρεῖττον</strong></span> <span class='ocrx_word' id='word_1_390' title='bbox 485 2495 559 2564; x_wconf 85' lang='grc' dir='ltr'><strong>εύήθη</strong></span> <span class='ocrx_word' id='word_1_391' title='bbox 578 2497 681 2569; x_wconf 79' lang='grc' dir='ltr'><strong>δοκεῖν]</strong></span> <span class='ocrx_word' id='word_1_392' title='bbox 696 2497 861 2569; x_wconf 82' lang='grc' dir='ltr'><strong>Τίασαρατού</strong></span> <span class='ocrx_word' id='word_1_393' title='bbox 906 2517 960 2552; x_wconf 89' lang='grc' dir='ltr'><strong>ται·</strong></span> <span class='ocrx_word' id='word_1_394' title='bbox 981 2499 1041 2552; x_wconf 86' lang='grc' dir='ltr'><strong>θταν</strong></span> <span class='ocrx_word' id='word_1_395' title='bbox 1058 2497 1085 2552; x_wconf 81' lang='grc' dir='ltr'><strong>δέ</strong></span> <span class='ocrx_word' id='word_1_396' title='bbox 1106 2497 1165 2570; x_wconf 84' lang='grc' dir='ltr'><strong>πρδς</strong></span> <span class='ocrx_word' id='word_1_397' title='bbox 1177 2497 1266 2564; x_wconf 83' lang='grc' dir='ltr'><strong>αύτύν,</strong></span> <span class='ocrx_word' id='word_1_398' title='bbox 1284 2499 1340 2552; x_wconf 86' lang='grc' dir='ltr'><strong>τύτε</strong></span> <span class='ocrx_word' id='word_1_399' title='bbox 1362 2498 1436 2562; x_wconf 86' lang='grc' dir='ltr'><strong>δῆθεν</strong></span> <span class='ocrx_word' id='word_1_400' title='bbox 1457 2495 1598 2568; x_wconf 83' lang='grc' dir='ltr'><strong>ύρειμένως.</strong></span> <span class='ocrx_word' id='word_1_401' title='bbox 1636 2499 1684 2552; x_wconf 75' lang='grc' dir='ltr'><strong>Καὶ</strong></span> 
     </span>
     <span class='ocr_line' id='line_1_28' title="bbox 74 2574 1688 2650; baseline 0.001 -21"><span class='ocrx_word' id='word_1_402' title='bbox 74 2577 247 2649; x_wconf 76' lang='grc' dir='ltr'><strong>ἐνθυμήματος</strong></span> <span class='ocrx_word' id='word_1_403' title='bbox 258 2576 428 2648; x_wconf 88' lang='grc' dir='ltr'><strong>τάσχήματα·</strong></span> <span class='ocrx_word' id='word_1_404' title='bbox 443 2575 629 2645; x_wconf 75' lang='grc' dir='ltr'><strong>ἀποδεικτικὸν,</strong></span> <span class='ocrx_word' id='word_1_405' title='bbox 640 2577 792 2648; x_wconf 85' lang='grc' dir='ltr'><strong>ίλεγκτικδν,</strong></span> <span class='ocrx_word' id='word_1_406' title='bbox 803 2579 861 2631; x_wconf 83' lang='grc' dir='ltr'><strong>αιλ-</strong></span> <span class='ocrx_word' id='word_1_407' title='bbox 906 2577 964 2650; x_wconf 85' lang='grc' dir='ltr'><strong>πρδς</strong></span> <span class='ocrx_word' id='word_1_408' title='bbox 982 2578 1038 2640; x_wconf 80' lang='grc' dir='ltr'><strong>τούς</strong></span> <span class='ocrx_word' id='word_1_409' title='bbox 1054 2577 1174 2649; x_wconf 82' lang='grc' dir='ltr'><strong>ἀκροατὰς</strong></span> <span class='ocrx_word' id='word_1_410' title='bbox 1194 2577 1221 2631; x_wconf 88' lang='grc' dir='ltr'><strong>δέ</strong></span> <span class='ocrx_word' id='word_1_411' title='bbox 1244 2575 1435 2648; x_wconf 76' lang='grc' dir='ltr'><strong>παραπλησίοις,</strong></span> <span class='ocrx_word' id='word_1_412' title='bbox 1454 2574 1535 2642; x_wconf 76' lang='grc' dir='ltr'><strong>ἐπειδὴ</strong></span> <span class='ocrx_word' id='word_1_413' title='bbox 1552 2576 1585 2638; x_wconf 90' lang='grc' dir='ltr'><strong>είς</strong></span> <span class='ocrx_word' id='word_1_414' title='bbox 1601 2576 1688 2642; x_wconf 82' lang='grc' dir='ltr'><strong>αύτούς</strong></span> 
     </span>
     <span class='ocr_line' id='line_1_29' title="bbox 75 2653 1688 2728; baseline 0.004 -22"><span class='ocrx_word' id='word_1_415' title='bbox 75 2655 236 2726; x_wconf 86' lang='grc' dir='ltr'><strong>λογιστικδν,</strong></span> <span class='ocrx_word' id='word_1_416' title='bbox 253 2656 348 2726; x_wconf 80' lang='grc' dir='ltr'><strong>μικτόν.</strong></span> <span class='ocrx_word' id='word_1_417' title='bbox 390 2653 565 2709; x_wconf 81' lang='grc' dir='ltr'><strong>’Λποδεικτικάν</strong></span> <span class='ocrx_word' id='word_1_418' title='bbox 576 2653 627 2708; x_wconf 87' lang='grc' dir='ltr'><strong>ἐστι</strong></span> <span class='ocrx_word' id='word_1_419' title='bbox 641 2655 671 2708; x_wconf 86' lang='grc' dir='ltr'><strong>τδ</strong></span> <span class='ocrx_word' id='word_1_420' title='bbox 682 2655 706 2718; x_wconf 92' lang='grc' dir='ltr'><strong>ἐξ</strong></span> <span class='ocrx_word' id='word_1_421' title='bbox 719 2655 862 2710; x_wconf 91' lang='grc' dir='ltr'><strong>ἀκολούθων</strong></span> <span class='ocrx_word' id='word_1_422' title='bbox 907 2656 961 2722; x_wconf 82' lang='grc' dir='ltr'><strong>ήκει</strong></span> <span class='ocrx_word' id='word_1_423' title='bbox 974 2657 1004 2710; x_wconf 87' lang='grc' dir='ltr'><strong>τδ</strong></span> <span class='ocrx_word' id='word_1_424' title='bbox 1017 2655 1149 2728; x_wconf 86' lang='grc' dir='ltr'><strong>κεφάλαιον</strong></span> <span class='ocrx_word' id='word_1_425' title='bbox 1159 2659 1202 2723; x_wconf 80' lang='grc' dir='ltr'><strong>τῆς</strong></span> <span class='ocrx_word' id='word_1_426' title='bbox 1213 2656 1329 2727; x_wconf 87' lang='grc' dir='ltr'><strong>κρίσεως·</strong></span> <span class='ocrx_word' id='word_1_427' title='bbox 1346 2653 1387 2706; x_wconf 79' lang='grc' dir='ltr'><strong>καί</strong></span> <span class='ocrx_word' id='word_1_428' title='bbox 1403 2653 1531 2725; x_wconf 86' lang='grc' dir='ltr'><strong>βιάσασθαι</strong></span> <span class='ocrx_word' id='word_1_429' title='bbox 1546 2655 1589 2727; x_wconf 78' lang='grc' dir='ltr'><strong>μέν</strong></span> <span class='ocrx_word' id='word_1_430' title='bbox 1607 2655 1636 2710; x_wconf 86' lang='grc' dir='ltr'><strong>ού</strong></span> <span class='ocrx_word' id='word_1_431' title='bbox 1647 2658 1688 2712; x_wconf 89' lang='grc' dir='ltr'><strong>δύ-</strong></span> 
     </span>
     <span class='ocr_line' id='line_1_30' title="bbox 75 2731 1687 2808; baseline 0.001 -20"><span class='ocrx_word' id='word_1_432' title='bbox 75 2735 167 2788; x_wconf 80' lang='grc' dir='ltr'><strong>κώλων</strong></span> <span class='ocrx_word' id='word_1_433' title='bbox 179 2735 223 2802; x_wconf 77' lang='grc' dir='ltr'><strong>τήν</strong></span> <span class='ocrx_word' id='word_1_434' title='bbox 238 2733 371 2808; x_wconf 81' lang='grc' dir='ltr'><strong>ἐπαγωγὴν</strong></span> <span class='ocrx_word' id='word_1_435' title='bbox 385 2734 461 2806; x_wconf 80' lang='grc' dir='ltr'><strong>ίχον,</strong></span> <span class='ocrx_word' id='word_1_436' title='bbox 473 2735 507 2796; x_wconf 83' lang='grc' dir='ltr'><strong>ώς</strong></span> <span class='ocrx_word' id='word_1_437' title='bbox 518 2735 533 2788; x_wconf 85' lang='grc' dir='ltr'><strong>θ</strong></span> <span class='ocrx_word' id='word_1_438' title='bbox 546 2735 702 2808; x_wconf 82' lang='grc' dir='ltr'><strong>Δημοσθένης</strong></span> <span class='ocrx_word' id='word_1_439' title='bbox 715 2731 764 2789; x_wconf 84' lang='grc' dir='ltr'><strong>ώδε</strong></span> <span class='ocrx_word' id='word_1_440' title='bbox 780 2756 791 2784; x_wconf 86' lang='grc' dir='ltr'><strong>ε</strong></span> <span class='ocrx_word' id='word_1_441' title='bbox 811 2737 863 2807; x_wconf 79' lang='grc' dir='ltr'><strong>θσῳ</strong></span> <span class='ocrx_word' id='word_1_442' title='bbox 907 2755 992 2803; x_wconf 90' lang='grc' dir='ltr'><strong>ναται,</strong></span> <span class='ocrx_word' id='word_1_443' title='bbox 1004 2735 1179 2790; x_wconf 82' lang='grc' dir='ltr'><strong>ἐκκαλέσασθαι</strong></span> <span class='ocrx_word' id='word_1_444' title='bbox 1190 2734 1217 2790; x_wconf 86' lang='grc' dir='ltr'><strong>δέ</strong></span> <span class='ocrx_word' id='word_1_445' title='bbox 1231 2733 1264 2798; x_wconf 87' lang='grc' dir='ltr'><strong>είς</strong></span> <span class='ocrx_word' id='word_1_446' title='bbox 1278 2734 1340 2788; x_wconf 86' lang='grc' dir='ltr'><strong>αίδῶ</strong></span> <span class='ocrx_word' id='word_1_447' title='bbox 1351 2739 1401 2786; x_wconf 88' lang='grc' dir='ltr'><strong>τῶν</strong></span> <span class='ocrx_word' id='word_1_448' title='bbox 1411 2732 1547 2805; x_wconf 84' lang='grc' dir='ltr'><strong>είληφθτων</strong></span> <span class='ocrx_word' id='word_1_449' title='bbox 1562 2735 1687 2805; x_wconf 87' lang='grc' dir='ltr'><strong>βούλεται.</strong></span> 
     </span>
     <span class='ocr_line' id='line_1_31' title="bbox 78 2811 1688 2886; baseline 0.002 -22"><span class='ocrx_word' id='word_1_450' title='bbox 78 2837 93 2864; x_wconf 78' lang='grc' dir='ltr'><strong>ε</strong></span> <span class='ocrx_word' id='word_1_451' title='bbox 115 2813 144 2880; x_wconf 78' lang='grc' dir='ltr'><strong>δή</strong></span> <span class='ocrx_word' id='word_1_452' title='bbox 158 2817 278 2886; x_wconf 88' lang='grc' dir='ltr'><strong>κρεῖττον.</strong></span> <span class='ocrx_word' id='word_1_453' title='bbox 297 2837 308 2864; x_wconf 89' lang='grc' dir='ltr'><strong>ιι</strong></span> <span class='ocrx_word' id='word_1_454' title='bbox 328 2813 493 2885; x_wconf 84' lang='grc' dir='ltr'><strong>Ἐλιγκτικδν</strong></span> <span class='ocrx_word' id='word_1_455' title='bbox 505 2813 592 2868; x_wconf 87' lang='grc' dir='ltr'><strong>δίέστι</strong></span> <span class='ocrx_word' id='word_1_456' title='bbox 603 2814 632 2868; x_wconf 87' lang='grc' dir='ltr'><strong>τδ</strong></span> <span class='ocrx_word' id='word_1_457' title='bbox 646 2813 671 2876; x_wconf 86' lang='grc' dir='ltr'><strong>ἐξ</strong></span> <span class='ocrx_word' id='word_1_458' title='bbox 682 2813 798 2868; x_wconf 90' lang='grc' dir='ltr'><strong>ἐναντίων</strong></span> <span class='ocrx_word' id='word_1_459' title='bbox 815 2818 863 2868; x_wconf 87' lang='grc' dir='ltr'><strong>κώ-</strong></span> <span class='ocrx_word' id='word_1_460' title='bbox 907 2815 978 2868; x_wconf 86' lang='grc' dir='ltr'><strong>Οθτω</strong></span> <span class='ocrx_word' id='word_1_461' title='bbox 997 2815 1039 2868; x_wconf 79' lang='grc' dir='ltr'><strong>καί</strong></span> <span class='ocrx_word' id='word_1_462' title='bbox 1053 2815 1081 2868; x_wconf 89' lang='grc' dir='ltr'><strong>εδ</strong></span> <span class='ocrx_word' id='word_1_463' title='bbox 1095 2814 1300 2886; x_wconf 83' lang='grc' dir='ltr'><strong>συμθουλευτικδν</strong></span> <span class='ocrx_word' id='word_1_464' title='bbox 1320 2811 1466 2884; x_wconf 75' lang='grc' dir='ltr'><strong>ἐμπλέκεται</strong></span> <span class='ocrx_word' id='word_1_465' title='bbox 1488 2818 1632 2884; x_wconf 79' lang='grc' dir='ltr'><strong>πανταχοῖ,</strong></span> <span class='ocrx_word' id='word_1_466' title='bbox 1647 2815 1688 2868; x_wconf 80' lang='grc' dir='ltr'><strong>καί</strong></span> 
     </span>
     <span class='ocr_line' id='line_1_32' title="bbox 75 2891 1686 2966; baseline 0.001 -20"><span class='ocrx_word' id='word_1_467' title='bbox 75 2895 131 2947; x_wconf 85' lang='grc' dir='ltr'><strong>λων</strong></span> <span class='ocrx_word' id='word_1_468' title='bbox 144 2896 336 2966; x_wconf 82' lang='grc' dir='ltr'><strong>συνιστάμενον,</strong></span> <span class='ocrx_word' id='word_1_469' title='bbox 347 2895 380 2957; x_wconf 82' lang='grc' dir='ltr'><strong>ώς</strong></span> <span class='ocrx_word' id='word_1_470' title='bbox 392 2894 417 2950; x_wconf 90' lang='grc' dir='ltr'><strong>ἐν</strong></span> <span class='ocrx_word' id='word_1_471' title='bbox 431 2899 467 2966; x_wconf 75' lang='grc' dir='ltr'><strong>τῷ</strong></span> <span class='ocrx_word' id='word_1_472' title='bbox 478 2894 689 2965; x_wconf 81' lang='grc' dir='ltr'><strong>Παραπρισθείας·</strong></span> <span class='ocrx_word' id='word_1_473' title='bbox 708 2917 719 2944; x_wconf 88' lang='grc' dir='ltr'><strong>ε</strong></span> <span class='ocrx_word' id='word_1_474' title='bbox 735 2894 765 2947; x_wconf 78' lang='grc' dir='ltr'><strong>τὸ</strong></span> <span class='ocrx_word' id='word_1_475' title='bbox 775 2894 861 2947; x_wconf 78' lang='grc' dir='ltr'><strong>λαύεῖν</strong></span> <span class='ocrx_word' id='word_1_476' title='bbox 908 2896 1015 2966; x_wconf 87' lang='grc' dir='ltr'><strong>μάλιστα</strong></span> <span class='ocrx_word' id='word_1_477' title='bbox 1026 2893 1052 2950; x_wconf 86' lang='grc' dir='ltr'><strong>ἐν</strong></span> <span class='ocrx_word' id='word_1_478' title='bbox 1063 2896 1116 2958; x_wconf 89' lang='grc' dir='ltr'><strong>τοῖς</strong></span> <span class='ocrx_word' id='word_1_479' title='bbox 1124 2894 1267 2966; x_wconf 90' lang='grc' dir='ltr'><strong>ἐγκωμίοις,</strong></span> <span class='ocrx_word' id='word_1_480' title='bbox 1277 2891 1302 2946; x_wconf 90' lang='grc' dir='ltr'><strong>ἐν</strong></span> <span class='ocrx_word' id='word_1_481' title='bbox 1312 2891 1349 2954; x_wconf 88' lang='grc' dir='ltr'><strong>οίς</strong></span> <span class='ocrx_word' id='word_1_482' title='bbox 1359 2891 1390 2946; x_wconf 87' lang='grc' dir='ltr'><strong>τά</strong></span> <span class='ocrx_word' id='word_1_483' title='bbox 1402 2893 1592 2964; x_wconf 83' lang='grc' dir='ltr'><strong>αυμπεράσματα</strong></span> <span class='ocrx_word' id='word_1_484' title='bbox 1604 2891 1686 2960; x_wconf 82' lang='grc' dir='ltr'><strong>ἠθικά.</strong></span> 
     </span>
     <span class='ocr_line' id='line_1_33' title="bbox 80 2967 983 3044; baseline 0.01 -22"><span class='ocrx_word' id='word_1_485' title='bbox 80 2996 94 3021; x_wconf 83' lang='grc' dir='ltr'>ι</span> <span class='ocrx_word' id='word_1_486' title='bbox 116 2967 159 3025; x_wconf 88' lang='grc' dir='ltr'><strong>ούν</strong></span> <span class='ocrx_word' id='word_1_487' title='bbox 171 2971 202 3025; x_wconf 86' lang='grc' dir='ltr'><strong>τά</strong></span> <span class='ocrx_word' id='word_1_488' title='bbox 214 2973 331 3044; x_wconf 81' lang='grc' dir='ltr'><strong>διδόμενα</strong></span> <span class='ocrx_word' id='word_1_489' title='bbox 345 2971 450 3044; x_wconf 88' lang='grc' dir='ltr'><strong>ίννυμον</strong></span> <span class='ocrx_word' id='word_1_490' title='bbox 467 2971 532 3026; x_wconf 78' lang='grc' dir='ltr'><strong>εἶναι</strong></span> <span class='ocrx_word' id='word_1_491' title='bbox 543 2971 685 3044; x_wconf 76' lang='grc' dir='ltr'><strong>ὁμολογῶν,</strong></span> <span class='ocrx_word' id='word_1_492' title='bbox 705 2995 715 3023; x_wconf 83' lang='grc' dir='ltr'>ι</span> <span class='ocrx_word' id='word_1_493' title='bbox 739 2973 862 3044; x_wconf 82' lang='grc' dir='ltr'><strong>Συλλογι·</strong></span> <span class='ocrx_word' id='word_1_494' title='bbox 906 2975 983 3031; x_wconf 77' lang='grc' dir='ltr'><strong>ΤίΝ.</strong></span> 
     </span>
     <span class='ocr_line' id='line_1_34' title="bbox 74 3048 1687 3124; baseline -0.001 -20"><span class='ocrx_word' id='word_1_495' title='bbox 74 3052 161 3104; x_wconf 83' lang='grc' dir='ltr'><strong>ατιαδν</strong></span> <span class='ocrx_word' id='word_1_496' title='bbox 181 3053 207 3106; x_wconf 81' lang='grc' dir='ltr'><strong>δέ</strong></span> <span class='ocrx_word' id='word_1_497' title='bbox 228 3051 279 3106; x_wconf 85' lang='grc' dir='ltr'><strong>ἐστι</strong></span> <span class='ocrx_word' id='word_1_498' title='bbox 296 3051 325 3106; x_wconf 87' lang='grc' dir='ltr'><strong>τδ</strong></span> <span class='ocrx_word' id='word_1_499' title='bbox 343 3052 407 3104; x_wconf 90' lang='grc' dir='ltr'><strong>ἀλλο</strong></span> <span class='ocrx_word' id='word_1_500' title='bbox 428 3050 451 3114; x_wconf 88' lang='grc' dir='ltr'><strong>ἐξ</strong></span> <span class='ocrx_word' id='word_1_501' title='bbox 472 3051 557 3104; x_wconf 85' lang='grc' dir='ltr'><strong>ἀλλων</strong></span> <span class='ocrx_word' id='word_1_502' title='bbox 575 3050 757 3116; x_wconf 87' lang='grc' dir='ltr'><strong>ἀποδεικνύον,</strong></span> <span class='ocrx_word' id='word_1_503' title='bbox 780 3055 862 3122; x_wconf 83' lang='grc' dir='ltr'><strong>ῶσπερ</strong></span> <span class='ocrx_word' id='word_1_504' title='bbox 942 3054 1005 3124; x_wconf 92' lang='grc'><strong>459,</strong></span> <span class='ocrx_word' id='word_1_505' title='bbox 1023 3071 1065 3122; x_wconf 90' lang='lat'><strong>17.</strong></span> <span class='ocrx_word' id='word_1_506' title='bbox 1080 3051 1198 3123; x_wconf 83' lang='grc' dir='ltr'><strong>Ούτεγάρ</strong></span> <span class='ocrx_word' id='word_1_507' title='bbox 1217 3049 1299 3111; x_wconf 81' lang='grc' dir='ltr'><strong>άλλως</strong></span> <span class='ocrx_word' id='word_1_508' title='bbox 1309 3049 1403 3118; x_wconf 83' lang='grc' dir='ltr'><strong>καλδν]</strong></span> <span class='ocrx_word' id='word_1_509' title='bbox 1415 3048 1470 3103; x_wconf 87' lang='grc' dir='ltr'><strong>ούτε</strong></span> <span class='ocrx_word' id='word_1_510' title='bbox 1479 3053 1511 3122; x_wconf 77' lang='grc' dir='ltr'><strong>τῇ</strong></span> <span class='ocrx_word' id='word_1_511' title='bbox 1520 3050 1588 3119; x_wconf 85' lang='grc' dir='ltr'><strong>φύσει</strong></span> <span class='ocrx_word' id='word_1_512' title='bbox 1599 3051 1687 3115; x_wconf 83' lang='grc' dir='ltr'><strong>καλδν,</strong></span> 
     </span>
     <span class='ocr_line' id='line_1_35' title="bbox 79 3125 1689 3203; baseline -0.002 -21"><span class='ocrx_word' id='word_1_513' title='bbox 79 3153 92 3178; x_wconf 82' lang='grc' dir='ltr'><strong>ε</strong></span> <span class='ocrx_word' id='word_1_514' title='bbox 115 3129 187 3200; x_wconf 85' lang='grc' dir='ltr'><strong>ύγάρ</strong></span> <span class='ocrx_word' id='word_1_515' title='bbox 200 3125 237 3192; x_wconf 90' lang='grc' dir='ltr'><strong>οίς</strong></span> <span class='ocrx_word' id='word_1_516' title='bbox 247 3131 277 3182; x_wconf 84' lang='grc' dir='ltr'><strong>ἀν</strong></span> <span class='ocrx_word' id='word_1_517' title='bbox 292 3129 342 3202; x_wconf 80' lang='grc' dir='ltr'><strong>ἐγὼ</strong></span> <span class='ocrx_word' id='word_1_518' title='bbox 353 3130 483 3202; x_wconf 88' lang='grc' dir='ltr'><strong>ληφθείην.</strong></span> <span class='ocrx_word' id='word_1_519' title='bbox 499 3152 510 3180; x_wconf 80' lang='grc' dir='ltr'><strong>ε</strong></span> <span class='ocrx_word' id='word_1_520' title='bbox 525 3129 619 3183; x_wconf 82' lang='grc' dir='ltr'><strong>Μικτδν</strong></span> <span class='ocrx_word' id='word_1_521' title='bbox 629 3129 656 3184; x_wconf 91' lang='grc' dir='ltr'><strong>δέ</strong></span> <span class='ocrx_word' id='word_1_522' title='bbox 668 3153 679 3179; x_wconf 86' lang='grc' dir='ltr'><strong>ι</strong></span> <span class='ocrx_word' id='word_1_523' title='bbox 691 3132 773 3201; x_wconf 86' lang='grc' dir='ltr'><strong>ῶσπερ</strong></span> <span class='ocrx_word' id='word_1_524' title='bbox 783 3131 830 3202; x_wconf 76' lang='grc' dir='ltr'><strong>γὰρ</strong></span> <span class='ocrx_word' id='word_1_525' title='bbox 840 3130 865 3184; x_wconf 86' lang='grc' dir='ltr'><strong>εί</strong></span> <span class='ocrx_word' id='word_1_526' title='bbox 906 3133 996 3203; x_wconf 77' lang='grc' dir='ltr'><strong>φησίν,</strong></span> <span class='ocrx_word' id='word_1_527' title='bbox 1010 3131 1065 3186; x_wconf 88' lang='grc' dir='ltr'><strong>ούτε</strong></span> <span class='ocrx_word' id='word_1_528' title='bbox 1078 3137 1115 3202; x_wconf 78' lang='grc' dir='ltr'><strong>τῷ</strong></span> <span class='ocrx_word' id='word_1_529' title='bbox 1127 3129 1180 3196; x_wconf 82' lang='grc' dir='ltr'><strong>ῆθει</strong></span> <span class='ocrx_word' id='word_1_530' title='bbox 1192 3133 1235 3196; x_wconf 91' lang='grc' dir='ltr'><strong>τῆς</strong></span> <span class='ocrx_word' id='word_1_531' title='bbox 1243 3127 1350 3194; x_wconf 85' lang='grc' dir='ltr'><strong>’Λττικῆς</strong></span> <span class='ocrx_word' id='word_1_532' title='bbox 1362 3127 1493 3198; x_wconf 87' lang='grc' dir='ltr'><strong>ἀρμθττον.</strong></span> <span class='ocrx_word' id='word_1_533' title='bbox 1532 3125 1562 3179; x_wconf 73' lang='lat' dir='ltr'><strong>Et</strong></span> <span class='ocrx_word' id='word_1_534' title='bbox 1572 3127 1620 3199; x_wconf 75' lang='grc' dir='ltr'><strong>γὰρ</strong></span> <span class='ocrx_word' id='word_1_535' title='bbox 1633 3129 1689 3200; x_wconf 79' lang='grc' dir='ltr'><strong>μέλ·</strong></span> 
     </span>
     <span class='ocr_line' id='line_1_36' title="bbox 79 3203 1689 3281; baseline 0 -23"><span class='ocrx_word' id='word_1_536' title='bbox 79 3232 93 3258; x_wconf 83' lang='grc' dir='ltr'><strong>ι</strong></span> <span class='ocrx_word' id='word_1_537' title='bbox 116 3227 150 3270; x_wconf 91' lang='grc' dir='ltr'><strong>τις</strong></span> <span class='ocrx_word' id='word_1_538' title='bbox 161 3209 259 3262; x_wconf 82' lang='grc' dir='ltr'><strong>ἐκείνων</strong></span> <span class='ocrx_word' id='word_1_539' title='bbox 269 3208 335 3261; x_wconf 85' lang='grc' dir='ltr'><strong>έιίλω</strong></span> <span class='ocrx_word' id='word_1_540' title='bbox 346 3248 353 3274; x_wconf 89' lang='grc'><strong>,</strong></span> <span class='ocrx_word' id='word_1_541' title='bbox 366 3209 395 3262; x_wconf 79' lang='grc' dir='ltr'><strong>σύ</strong></span> <span class='ocrx_word' id='word_1_542' title='bbox 404 3210 462 3261; x_wconf 87' lang='grc' dir='ltr'><strong>τάδε</strong></span> <span class='ocrx_word' id='word_1_543' title='bbox 471 3207 515 3262; x_wconf 90' lang='grc' dir='ltr'><strong>ούκ</strong></span> <span class='ocrx_word' id='word_1_544' title='bbox 529 3209 558 3262; x_wconf 89' lang='grc' dir='ltr'><strong>ἀν</strong></span> <span class='ocrx_word' id='word_1_545' title='bbox 569 3207 674 3281; x_wconf 80' lang='grc' dir='ltr'><strong>ἐγραψσς</strong></span> <span class='ocrx_word' id='word_1_546' title='bbox 685 3231 696 3258; x_wconf 80' lang='grc' dir='ltr'><strong>ι</strong></span> <span class='ocrx_word' id='word_1_547' title='bbox 707 3209 787 3262; x_wconf 80' lang='grc' dir='ltr'><strong>καλτά</strong></span> <span class='ocrx_word' id='word_1_548' title='bbox 799 3209 861 3276; x_wconf 75' lang='grc' dir='ltr'><strong>ἑξῆς.</strong></span> <span class='ocrx_word' id='word_1_549' title='bbox 906 3211 984 3281; x_wconf 86' lang='grc' dir='ltr'><strong>λομεν</strong></span> <span class='ocrx_word' id='word_1_550' title='bbox 999 3209 1164 3280; x_wconf 80' lang='grc' dir='ltr'><strong>ὠφελεῖσθαι,</strong></span> <span class='ocrx_word' id='word_1_551' title='bbox 1180 3206 1246 3259; x_wconf 83' lang='grc' dir='ltr'><strong>ἀλλά</strong></span> <span class='ocrx_word' id='word_1_552' title='bbox 1269 3207 1298 3259; x_wconf 88' lang='grc' dir='ltr'><strong>τύ</strong></span> <span class='ocrx_word' id='word_1_553' title='bbox 1314 3225 1344 3277; x_wconf 86' lang='grc' dir='ltr'><strong>γε</strong></span> <span class='ocrx_word' id='word_1_554' title='bbox 1357 3205 1484 3276; x_wconf 76' lang='grc' dir='ltr'><strong>ψεύδεσθαι</strong></span> <span class='ocrx_word' id='word_1_555' title='bbox 1504 3203 1642 3268; x_wconf 83' lang='grc' dir='ltr'><strong>ἀλυσιτελὲς</strong></span> <span class='ocrx_word' id='word_1_556' title='bbox 1656 3205 1689 3268; x_wconf 89' lang='grc' dir='ltr'><strong>είς</strong></span> 
     </span>
     <span class='ocr_line' id='line_1_37' title="bbox 81 3285 1701 3360; baseline 0.004 -20"><span class='ocrx_word' id='word_1_557' title='bbox 81 3285 163 3358; x_wconf 76' lang='grc' dir='ltr'><strong>’Λρετὴ</strong></span> <span class='ocrx_word' id='word_1_558' title='bbox 174 3288 200 3341; x_wconf 84' lang='grc' dir='ltr'><strong>δέ</strong></span> <span class='ocrx_word' id='word_1_559' title='bbox 212 3287 381 3360; x_wconf 85' lang='grc' dir='ltr'><strong>ἐνθυμήματθς</strong></span> <span class='ocrx_word' id='word_1_560' title='bbox 396 3287 447 3342; x_wconf 90' lang='grc' dir='ltr'><strong>ἐστι</strong></span> <span class='ocrx_word' id='word_1_561' title='bbox 457 3287 579 3358; x_wconf 85' lang='grc' dir='ltr'><strong>βραχύτης</strong></span> <span class='ocrx_word' id='word_1_562' title='bbox 589 3287 677 3340; x_wconf 88' lang='grc' dir='ltr'><strong>κώλων</strong></span> <span class='ocrx_word' id='word_1_563' title='bbox 691 3287 733 3342; x_wconf 83' lang='grc' dir='ltr'><strong>καί</strong></span> <span class='ocrx_word' id='word_1_564' title='bbox 749 3287 862 3360; x_wconf 86' lang='grc' dir='ltr'><strong>εύρυθμία</strong></span> <span class='ocrx_word' id='word_1_565' title='bbox 907 3289 987 3352; x_wconf 83' lang='grc' dir='ltr'><strong>δόξαν.</strong></span> <span class='ocrx_word' id='word_1_566' title='bbox 1003 3290 1079 3343; x_wconf 81' lang='lat' dir='ltr'><strong>ch.</strong></span> <span class='ocrx_word' id='word_1_567' title='bbox 1697 3339 1701 3347; x_wconf 85' lang='lat'><em>.</em></span> 
     </span>
     <span class='ocr_line' id='line_1_38' title="bbox 76 3361 1689 3438; baseline -0.002 -18"><span class='ocrx_word' id='word_1_568' title='bbox 76 3365 194 3433; x_wconf 82' lang='grc' dir='ltr'><strong>κατάτῆν</strong></span> <span class='ocrx_word' id='word_1_569' title='bbox 206 3367 317 3420; x_wconf 87' lang='grc' dir='ltr'><strong>σύνθεσιν</strong></span> <span class='ocrx_word' id='word_1_570' title='bbox 327 3371 376 3420; x_wconf 87' lang='grc' dir='ltr'><strong>τῶν</strong></span> <span class='ocrx_word' id='word_1_571' title='bbox 390 3365 532 3438; x_wconf 82' lang='grc' dir='ltr'><strong>ὀνομάτων.</strong></span> <span class='ocrx_word' id='word_1_572' title='bbox 542 3366 621 3420; x_wconf 77' lang='lat' dir='ltr'><strong>Ten.</strong></span> <span class='ocrx_word' id='word_1_573' title='bbox 852 3421 856 3428; x_wconf 67' lang='grc'><strong>,</strong></span> <span class='ocrx_word' id='word_1_574' title='bbox 942 3369 1005 3438; x_wconf 87' lang='grc'><strong>459,</strong></span> <span class='ocrx_word' id='word_1_575' title='bbox 1023 3373 1064 3424; x_wconf 86' lang='grc' dir='ltr'><strong>ι8.</strong></span> <span class='ocrx_word' id='word_1_576' title='bbox 1079 3367 1135 3430; x_wconf 86' lang='grc' dir='ltr'><strong>Πῶς</strong></span> <span class='ocrx_word' id='word_1_577' title='bbox 1147 3366 1195 3438; x_wconf 87' lang='grc' dir='ltr'><strong>γάρ</strong></span> <span class='ocrx_word' id='word_1_578' title='bbox 1215 3365 1258 3419; x_wconf 89' lang='grc' dir='ltr'><strong>ούκ</strong></span> <span class='ocrx_word' id='word_1_579' title='bbox 1271 3363 1392 3435; x_wconf 84' lang='grc' dir='ltr'><strong>αίσχρδν]</strong></span> <span class='ocrx_word' id='word_1_580' title='bbox 1405 3361 1572 3433; x_wconf 86' lang='grc' dir='ltr'><strong>Ἐπιχείρημα</strong></span> <span class='ocrx_word' id='word_1_581' title='bbox 1586 3361 1634 3416; x_wconf 77' lang='grc' dir='ltr'><strong>ἀπὸ</strong></span> <span class='ocrx_word' id='word_1_582' title='bbox 1646 3367 1689 3436; x_wconf 73' lang='grc' dir='ltr'><strong>τού</strong></span> 
     </span>
     <span class='ocr_line' id='line_1_39' title="bbox 115 3441 1687 3519; baseline -0.001 -18"><span class='ocrx_word' id='word_1_583' title='bbox 115 3449 176 3519; x_wconf 88' lang='grc'><strong>459,</strong></span> <span class='ocrx_word' id='word_1_584' title='bbox 192 3448 216 3500; x_wconf 82' lang='grc'><strong>3.</strong></span> <span class='ocrx_word' id='word_1_585' title='bbox 230 3447 265 3500; x_wconf 81' lang='grc' dir='ltr'><strong>(λύ</strong></span> <span class='ocrx_word' id='word_1_586' title='bbox 275 3447 355 3500; x_wconf 88' lang='grc' dir='ltr'><strong>τοίνυν</strong></span> <span class='ocrx_word' id='word_1_587' title='bbox 370 3444 456 3516; x_wconf 84' lang='grc' dir='ltr'><strong>ἐμοιγε</strong></span> <span class='ocrx_word' id='word_1_588' title='bbox 467 3447 477 3516; x_wconf 91' lang='grc'><strong>]</strong></span> <span class='ocrx_word' id='word_1_589' title='bbox 489 3443 546 3498; x_wconf 79' lang='grc' dir='ltr'><strong>Ἐπὶ</strong></span> <span class='ocrx_word' id='word_1_590' title='bbox 560 3443 604 3510; x_wconf 80' lang='grc' dir='ltr'><strong>τὴν</strong></span> <span class='ocrx_word' id='word_1_591' title='bbox 618 3443 641 3506; x_wconf 85' lang='grc' dir='ltr'><strong>ἐξ</strong></span> <span class='ocrx_word' id='word_1_592' title='bbox 651 3443 729 3515; x_wconf 88' lang='grc' dir='ltr'><strong>ἀρχῆς</strong></span> <span class='ocrx_word' id='word_1_593' title='bbox 741 3443 861 3500; x_wconf 84' lang='grc' dir='ltr'><strong>ἀντίθεσιν</strong></span> <span class='ocrx_word' id='word_1_594' title='bbox 908 3449 1053 3512; x_wconf 87' lang='grc' dir='ltr'><strong>ἐλάττονος,</strong></span> <span class='ocrx_word' id='word_1_595' title='bbox 1073 3446 1117 3499; x_wconf 81' lang='grc' dir='ltr'><strong>ούκ</strong></span> <span class='ocrx_word' id='word_1_596' title='bbox 1132 3445 1289 3511; x_wconf 74' lang='grc' dir='ltr'><strong>ἀπήλλακται</strong></span> <span class='ocrx_word' id='word_1_597' title='bbox 1303 3444 1329 3496; x_wconf 76' lang='grc' dir='ltr'><strong>δέ</strong></span> <span class='ocrx_word' id='word_1_598' title='bbox 1342 3447 1385 3496; x_wconf 86' lang='grc' dir='ltr'><strong>τού</strong></span> <span class='ocrx_word' id='word_1_599' title='bbox 1399 3441 1480 3508; x_wconf 84' lang='grc' dir='ltr'><strong>ήθους.</strong></span> <span class='ocrx_word' id='word_1_600' title='bbox 1503 3443 1687 3500; x_wconf 79' lang='lat' dir='ltr'><strong>BFRSYTCP.</strong></span> 
     </span>
     <span class='ocr_line' id='line_1_40' title="bbox 75 3517 1687 3598; baseline -0.003 -18"><span class='ocrx_word' id='word_1_601' title='bbox 75 3526 152 3580; x_wconf 84' lang='grc' dir='ltr'><strong>πάλιν</strong></span> <span class='ocrx_word' id='word_1_602' title='bbox 167 3523 307 3596; x_wconf 70' lang='grc' dir='ltr'><strong>ἐπανήγαγε</strong></span> <span class='ocrx_word' id='word_1_603' title='bbox 321 3523 465 3594; x_wconf 83' lang='grc' dir='ltr'><strong>τδνλθγον.</strong></span> <span class='ocrx_word' id='word_1_604' title='bbox 503 3523 557 3585; x_wconf 84' lang='grc' dir='ltr'><strong>Ιίῶς</strong></span> <span class='ocrx_word' id='word_1_605' title='bbox 570 3521 779 3594; x_wconf 85' lang='grc' dir='ltr'><strong>γάράκάλουθον,</strong></span> <span class='ocrx_word' id='word_1_606' title='bbox 792 3523 860 3595; x_wconf 82' lang='grc' dir='ltr'><strong>φησὶ,</strong></span> <span class='ocrx_word' id='word_1_607' title='bbox 911 3527 1076 3598; x_wconf 81' lang='grc' dir='ltr'><strong>Ἐπιχείρημει</strong></span> <span class='ocrx_word' id='word_1_608' title='bbox 1090 3525 1139 3580; x_wconf 85' lang='grc' dir='ltr'><strong>ἀπδ</strong></span> <span class='ocrx_word' id='word_1_609' title='bbox 1157 3527 1201 3577; x_wconf 87' lang='grc' dir='ltr'><strong>τού</strong></span> <span class='ocrx_word' id='word_1_610' title='bbox 1215 3523 1363 3586; x_wconf 82' lang='grc' dir='ltr'><strong>ἐλάττονος,</strong></span> <span class='ocrx_word' id='word_1_611' title='bbox 1382 3522 1414 3574; x_wconf 87' lang='grc' dir='ltr'><strong>δι’</strong></span> <span class='ocrx_word' id='word_1_612' title='bbox 1428 3517 1456 3574; x_wconf 87' lang='grc' dir='ltr'><strong>ού</strong></span> <span class='ocrx_word' id='word_1_613' title='bbox 1470 3519 1687 3585; x_wconf 82' lang='grc' dir='ltr'><strong>αύξειτδθνειδος.</strong></span> 
     </span>
     <span class='ocr_line' id='line_1_41' title="bbox 75 3598 1688 3675; baseline -0.002 -18"><span class='ocrx_word' id='word_1_614' title='bbox 75 3603 124 3670; x_wconf 80' lang='grc' dir='ltr'><strong>τήν</strong></span> <span class='ocrx_word' id='word_1_615' title='bbox 136 3603 211 3670; x_wconf 80' lang='grc' dir='ltr'><strong>αύιήν</strong></span> <span class='ocrx_word' id='word_1_616' title='bbox 222 3607 275 3666; x_wconf 88' lang='grc' dir='ltr'><strong>τοῖς</strong></span> <span class='ocrx_word' id='word_1_617' title='bbox 288 3623 314 3658; x_wconf 92' lang='grc' dir='ltr'><strong>τε</strong></span> <span class='ocrx_word' id='word_1_618' title='bbox 329 3605 413 3665; x_wconf 86' lang='grc' dir='ltr'><strong>κακοῖς</strong></span> <span class='ocrx_word' id='word_1_619' title='bbox 429 3603 517 3675; x_wconf 78' lang='grc' dir='ltr'><strong>μέμψιν</strong></span> <span class='ocrx_word' id='word_1_620' title='bbox 528 3603 569 3656; x_wconf 83' lang='grc' dir='ltr'><strong>καί</strong></span> <span class='ocrx_word' id='word_1_621' title='bbox 583 3602 646 3656; x_wconf 76' lang='grc' dir='ltr'><strong>κατὰ</strong></span> <span class='ocrx_word' id='word_1_622' title='bbox 660 3609 709 3656; x_wconf 86' lang='grc' dir='ltr'><strong>τῶν</strong></span> <span class='ocrx_word' id='word_1_623' title='bbox 728 3601 861 3674; x_wconf 70' lang='grc' dir='ltr'><strong>ἀμέμππων</strong></span> <span class='ocrx_word' id='word_1_624' title='bbox 909 3605 1039 3658; x_wconf 85' lang='grc' dir='ltr'><strong>Πολιτείαν</strong></span> <span class='ocrx_word' id='word_1_625' title='bbox 1055 3601 1104 3674; x_wconf 88' lang='grc' dir='ltr'><strong>γάρ</strong></span> <span class='ocrx_word' id='word_1_626' title='bbox 1125 3601 1214 3674; x_wconf 70' lang='grc' dir='ltr'><strong>ἀύευδῆ</strong></span> <span class='ocrx_word' id='word_1_627' title='bbox 1233 3602 1305 3672; x_wconf 87' lang='grc' dir='ltr'><strong>μέχρι</strong></span> <span class='ocrx_word' id='word_1_628' title='bbox 1317 3600 1359 3652; x_wconf 78' lang='grc' dir='ltr'><strong>καλ</strong></span> <span class='ocrx_word' id='word_1_629' title='bbox 1376 3605 1424 3653; x_wconf 87' lang='grc' dir='ltr'><strong>τῶν</strong></span> <span class='ocrx_word' id='word_1_630' title='bbox 1437 3598 1518 3652; x_wconf 89' lang='grc' dir='ltr'><strong>ώνίων</strong></span> <span class='ocrx_word' id='word_1_631' title='bbox 1543 3600 1688 3665; x_wconf 86' lang='grc' dir='ltr'><strong>διώκοντες,</strong></span> 
     </span>
     <span class='ocr_line' id='line_1_42' title="bbox 75 3677 1690 3754; baseline -0.002 -16"><span class='ocrx_word' id='word_1_632' title='bbox 75 3683 121 3738; x_wconf 84' lang='grc' dir='ltr'><strong>καί</strong></span> <span class='ocrx_word' id='word_1_633' title='bbox 130 3683 193 3744; x_wconf 81' lang='grc' dir='ltr'><strong>θλως</strong></span> <span class='ocrx_word' id='word_1_634' title='bbox 205 3681 336 3754; x_wconf 88' lang='grc' dir='ltr'><strong>εύεργετῶν</strong></span> <span class='ocrx_word' id='word_1_635' title='bbox 349 3701 415 3752; x_wconf 87' lang='grc' dir='ltr'><strong>προχ</strong></span> <span class='ocrx_word' id='word_1_636' title='bbox 416 3683 504 3752; x_wconf 83' lang='grc' dir='ltr'><strong>ωρεῖνς</strong></span> <span class='ocrx_word' id='word_1_637' title='bbox 517 3679 649 3752; x_wconf 88' lang='grc' dir='ltr'><strong>ἀποστερεῖ</strong></span> <span class='ocrx_word' id='word_1_638' title='bbox 656 3681 704 3752; x_wconf 86' lang='grc' dir='ltr'><strong>γάρ</strong></span> <span class='ocrx_word' id='word_1_639' title='bbox 715 3682 756 3734; x_wconf 78' lang='grc' dir='ltr'><strong>καί</strong></span> <span class='ocrx_word' id='word_1_640' title='bbox 765 3683 863 3746; x_wconf 90' lang='grc' dir='ltr'><strong>τούτους</strong></span> <span class='ocrx_word' id='word_1_641' title='bbox 907 3691 958 3748; x_wconf 80' lang='grc' dir='ltr'><strong>πῶς</strong></span> <span class='ocrx_word' id='word_1_642' title='bbox 973 3684 1078 3754; x_wconf 86' lang='grc' dir='ltr'><strong>δολερῶς</strong></span> <span class='ocrx_word' id='word_1_643' title='bbox 1092 3681 1283 3742; x_wconf 76' lang='grc' dir='ltr'><strong>κατασκευάζετε</strong></span> <span class='ocrx_word' id='word_1_644' title='bbox 1301 3679 1343 3740; x_wconf 85' lang='grc' dir='ltr'><strong>τάς</strong></span> <span class='ocrx_word' id='word_1_645' title='bbox 1357 3679 1442 3748; x_wconf 82' lang='grc' dir='ltr'><strong>τιμάςς</strong></span> <span class='ocrx_word' id='word_1_646' title='bbox 1458 3677 1497 3732; x_wconf 77' lang='grc' dir='ltr'><strong>ἐπὶ</strong></span> <span class='ocrx_word' id='word_1_647' title='bbox 1516 3678 1559 3750; x_wconf 79' lang='grc' dir='ltr'><strong>μέν</strong></span> <span class='ocrx_word' id='word_1_648' title='bbox 1576 3685 1625 3732; x_wconf 90' lang='grc' dir='ltr'><strong>τῶν</strong></span> <span class='ocrx_word' id='word_1_649' title='bbox 1645 3680 1690 3734; x_wconf 89' lang='grc' dir='ltr'><strong>ούκ</strong></span> 
     </span>
     <span class='ocr_line' id='line_1_43' title="bbox 76 3755 1690 3834; baseline -0.002 -18"><span class='ocrx_word' id='word_1_650' title='bbox 76 3759 205 3823; x_wconf 84' lang='grc' dir='ltr'><strong>κάκείνους</strong></span> <span class='ocrx_word' id='word_1_651' title='bbox 217 3759 318 3832; x_wconf 78' lang='grc' dir='ltr'><strong>ὁμοίιος.</strong></span> <span class='ocrx_word' id='word_1_652' title='bbox 360 3759 401 3823; x_wconf 86' lang='grc' dir='ltr'><strong>Ἐξ</strong></span> <span class='ocrx_word' id='word_1_653' title='bbox 412 3755 440 3814; x_wconf 87' lang='grc' dir='ltr'><strong>ού</strong></span> <span class='ocrx_word' id='word_1_654' title='bbox 460 3761 548 3823; x_wconf 87' lang='grc' dir='ltr'><strong>πάντες</strong></span> <span class='ocrx_word' id='word_1_655' title='bbox 569 3759 666 3814; x_wconf 83' lang='grc' dir='ltr'><strong>ἐσονται</strong></span> <span class='ocrx_word' id='word_1_656' title='bbox 684 3761 799 3830; x_wconf 83' lang='grc' dir='ltr'><strong>πονηροί,</strong></span> <span class='ocrx_word' id='word_1_657' title='bbox 816 3781 863 3832; x_wconf 87' lang='grc' dir='ltr'><strong>μη·</strong></span> <span class='ocrx_word' id='word_1_658' title='bbox 909 3763 1019 3834; x_wconf 82' lang='grc' dir='ltr'><strong>ἐχόντων</strong></span> <span class='ocrx_word' id='word_1_659' title='bbox 1034 3781 1057 3815; x_wconf 92' lang='grc' dir='ltr'><strong>τι</strong></span> <span class='ocrx_word' id='word_1_660' title='bbox 1079 3759 1200 3830; x_wconf 84' lang='grc' dir='ltr'><strong>βλαύερδν</strong></span> <span class='ocrx_word' id='word_1_661' title='bbox 1212 3759 1240 3811; x_wconf 85' lang='grc' dir='ltr'><strong>τδ</strong></span> <span class='ocrx_word' id='word_1_662' title='bbox 1254 3758 1334 3812; x_wconf 86' lang='grc' dir='ltr'><strong>δεινδν</strong></span> <span class='ocrx_word' id='word_1_663' title='bbox 1347 3756 1544 3828; x_wconf 79' lang='grc' dir='ltr'><strong>φυλαττόμενοι,</strong></span> <span class='ocrx_word' id='word_1_664' title='bbox 1555 3755 1595 3812; x_wconf 79' lang='grc' dir='ltr'><strong>ἐπὶ</strong></span> <span class='ocrx_word' id='word_1_665' title='bbox 1607 3757 1634 3812; x_wconf 87' lang='grc' dir='ltr'><strong>δέ</strong></span> <span class='ocrx_word' id='word_1_666' title='bbox 1646 3767 1690 3812; x_wconf 80' lang='grc' dir='ltr'><strong>τοῦ</strong></span> 
     </span>
     <span class='ocr_line' id='line_1_44' title="bbox 75 3836 1511 3914; baseline -0.002 -21"><span class='ocrx_word' id='word_1_667' title='bbox 75 3841 165 3910; x_wconf 83' lang='grc' dir='ltr'><strong>δεμίαν</strong></span> <span class='ocrx_word' id='word_1_668' title='bbox 184 3837 258 3910; x_wconf 80' lang='grc' dir='ltr'><strong>τιμὴν</strong></span> <span class='ocrx_word' id='word_1_669' title='bbox 272 3841 315 3906; x_wconf 84' lang='grc' dir='ltr'><strong>τῆς</strong></span> <span class='ocrx_word' id='word_1_670' title='bbox 331 3838 417 3910; x_wconf 83' lang='grc' dir='ltr'><strong>ἀρετῆς</strong></span> <span class='ocrx_word' id='word_1_671' title='bbox 436 3839 550 3910; x_wconf 79' lang='grc' dir='ltr'><strong>ἐχούσης.</strong></span> <span class='ocrx_word' id='word_1_672' title='bbox 587 3840 636 3892; x_wconf 83' lang='grc' dir='ltr'><strong>Τδν</strong></span> <span class='ocrx_word' id='word_1_673' title='bbox 656 3839 704 3910; x_wconf 83' lang='grc' dir='ltr'><strong>γάρ</strong></span> <span class='ocrx_word' id='word_1_674' title='bbox 724 3839 751 3893; x_wconf 86' lang='grc' dir='ltr'><strong>ἐκ</strong></span> <span class='ocrx_word' id='word_1_675' title='bbox 765 3843 865 3912; x_wconf 90' lang='grc' dir='ltr'><strong>χάριτος</strong></span> <span class='ocrx_word' id='word_1_676' title='bbox 908 3843 998 3914; x_wconf 85' lang='grc' dir='ltr'><strong>ζημίας</strong></span> <span class='ocrx_word' id='word_1_677' title='bbox 1012 3843 1103 3912; x_wconf 89' lang='grc' dir='ltr'><strong>μεστοῖι</strong></span> <span class='ocrx_word' id='word_1_678' title='bbox 1116 3836 1161 3904; x_wconf 76' lang='grc' dir='ltr'><strong>τὴν</strong></span> <span class='ocrx_word' id='word_1_679' title='bbox 1175 3837 1259 3908; x_wconf 77' lang='grc' dir='ltr'><strong>πρᾶξιν</strong></span> <span class='ocrx_word' id='word_1_680' title='bbox 1269 3837 1416 3907; x_wconf 85' lang='grc' dir='ltr'><strong>τολμῶντες.</strong></span> <span class='ocrx_word' id='word_1_681' title='bbox 1429 3837 1500 3889; x_wconf 83' lang='lat' dir='ltr'>ch</span> <span class='ocrx_word' id='word_1_682' title='bbox 1504 3877 1511 3890; x_wconf 91' lang='lat'><em>.</em></span> 
     </span>
     <span class='ocr_line' id='line_1_45' title="bbox 76 3913 1691 3993; baseline -0.002 -21"><span class='ocrx_word' id='word_1_683' title='bbox 76 3920 114 3993; x_wconf 81' lang='grc' dir='ltr'><strong>μὴ</strong></span> <span class='ocrx_word' id='word_1_684' title='bbox 128 3922 246 3974; x_wconf 84' lang='grc' dir='ltr'><strong>δοκοῦντα</strong></span> <span class='ocrx_word' id='word_1_685' title='bbox 258 3917 322 3972; x_wconf 89' lang='grc' dir='ltr'><strong>είναι</strong></span> <span class='ocrx_word' id='word_1_686' title='bbox 337 3919 447 3990; x_wconf 86' lang='grc' dir='ltr'><strong>χρηστδν</strong></span> <span class='ocrx_word' id='word_1_687' title='bbox 456 3920 500 3972; x_wconf 87' lang='grc' dir='ltr'><strong>ούκ</strong></span> <span class='ocrx_word' id='word_1_688' title='bbox 517 3919 555 3971; x_wconf 89' lang='grc' dir='ltr'><strong>ένι</strong></span> <span class='ocrx_word' id='word_1_689' title='bbox 566 3919 687 3984; x_wconf 85' lang='grc' dir='ltr'><strong>δήπουθεν</strong></span> <span class='ocrx_word' id='word_1_690' title='bbox 701 3918 863 3991; x_wconf 88' lang='grc' dir='ltr'><strong>ἀτιμασθέντα</strong></span> <span class='ocrx_word' id='word_1_691' title='bbox 945 3923 1006 3992; x_wconf 88' lang='grc'><strong>459,</strong></span> <span class='ocrx_word' id='word_1_692' title='bbox 1020 3921 1063 3976; x_wconf 75' lang='grc' dir='ltr'><strong>ο5.</strong></span> <span class='ocrx_word' id='word_1_693' title='bbox 1073 3918 1109 3974; x_wconf 84' lang='grc' dir='ltr'><strong>Ού</strong></span> <span class='ocrx_word' id='word_1_694' title='bbox 1118 3918 1176 3990; x_wconf 86' lang='grc' dir='ltr'><strong>γάρ,</strong></span> <span class='ocrx_word' id='word_1_695' title='bbox 1191 3917 1213 3972; x_wconf 84' lang='grc' dir='ltr'><strong>εί</strong></span> <span class='ocrx_word' id='word_1_696' title='bbox 1223 3915 1257 3988; x_wconf 78' lang='grc' dir='ltr'><strong>μῆ</strong></span> <span class='ocrx_word' id='word_1_697' title='bbox 1264 3917 1398 3988; x_wconf 85' lang='grc' dir='ltr'><strong>χρήματα]</strong></span> <span class='ocrx_word' id='word_1_698' title='bbox 1415 3913 1472 3970; x_wconf 66' lang='lat' dir='ltr'><strong>&#39;Aah</strong></span> <span class='ocrx_word' id='word_1_699' title='bbox 1485 3920 1528 3968; x_wconf 85' lang='grc' dir='ltr'><strong>τού</strong></span> <span class='ocrx_word' id='word_1_700' title='bbox 1544 3916 1653 3986; x_wconf 74' lang='grc' dir='ltr'><strong>μείζονος</strong></span> <span class='ocrx_word' id='word_1_701' title='bbox 1667 3915 1691 3978; x_wconf 84' lang='grc' dir='ltr'><strong>ἐξ</strong></span> 
     </span>
     <span class='ocr_line' id='line_1_46' title="bbox 76 3993 1689 4072; baseline -0.003 -19"><span class='ocrx_word' id='word_1_702' title='bbox 76 4002 193 4072; x_wconf 80' lang='grc' dir='ltr'><strong>γενέσθαι</strong></span> <span class='ocrx_word' id='word_1_703' title='bbox 220 4001 363 4054; x_wconf 86' lang='grc' dir='ltr'><strong>σπουδαῖον.</strong></span> <span class='ocrx_word' id='word_1_704' title='bbox 405 3998 597 4069; x_wconf 87' lang='grc' dir='ltr'><strong>Ἐκαινοτύμησε</strong></span> <span class='ocrx_word' id='word_1_705' title='bbox 625 3997 651 4050; x_wconf 86' lang='grc' dir='ltr'><strong>δὲ</strong></span> <span class='ocrx_word' id='word_1_706' title='bbox 673 3995 718 4063; x_wconf 81' lang='grc' dir='ltr'><strong>τὴν</strong></span> <span class='ocrx_word' id='word_1_707' title='bbox 747 4001 865 4070; x_wconf 70' lang='grc' dir='ltr'><strong>μέθοδον·</strong></span> <span class='ocrx_word' id='word_1_708' title='bbox 909 4001 1086 4071; x_wconf 87' lang='grc' dir='ltr'><strong>ἐνθυμήματος.</strong></span> <span class='ocrx_word' id='word_1_709' title='bbox 1110 3999 1229 4051; x_wconf 83' lang='lat' dir='ltr'><strong>BFRSY.</strong></span> <span class='ocrx_word' id='word_1_710' title='bbox 1266 3996 1345 4048; x_wconf 84' lang='grc' dir='ltr'><strong>Τοῦτο</strong></span> <span class='ocrx_word' id='word_1_711' title='bbox 1368 3993 1416 4048; x_wconf 79' lang='grc' dir='ltr'><strong>ἀπο</strong></span> <span class='ocrx_word' id='word_1_712' title='bbox 1434 3997 1477 4047; x_wconf 85' lang='grc' dir='ltr'><strong>τού</strong></span> <span class='ocrx_word' id='word_1_713' title='bbox 1499 3995 1610 4064; x_wconf 80' lang='grc' dir='ltr'><strong>μείζονος</strong></span> <span class='ocrx_word' id='word_1_714' title='bbox 1629 3993 1689 4048; x_wconf 89' lang='grc' dir='ltr'><strong>ἐστι.</strong></span> 
     </span>
     <span class='ocr_line' id='line_1_47' title="bbox 78 4063 1689 4150; baseline -0.004 -17"><span class='ocrx_word' id='word_1_715' title='bbox 78 4079 184 4133; x_wconf 71' lang='grc' dir='ltr'><strong>’Λνωθεν</strong></span> <span class='ocrx_word' id='word_1_716' title='bbox 200 4078 242 4150; x_wconf 83' lang='grc' dir='ltr'><strong>μέν</strong></span> <span class='ocrx_word' id='word_1_717' title='bbox 260 4078 308 4150; x_wconf 81' lang='grc' dir='ltr'><strong>γὰρ</strong></span> <span class='ocrx_word' id='word_1_718' title='bbox 329 4077 428 4144; x_wconf 76' lang='grc' dir='ltr'><strong>ἐξήτασε</strong></span> <span class='ocrx_word' id='word_1_719' title='bbox 442 4079 497 4138; x_wconf 81' lang='grc' dir='ltr'><strong>τούς</strong></span> <span class='ocrx_word' id='word_1_720' title='bbox 513 4076 622 4138; x_wconf 82' lang='grc' dir='ltr'><strong>ἀναξίους</strong></span> <span class='ocrx_word' id='word_1_721' title='bbox 641 4076 683 4129; x_wconf 80' lang='grc' dir='ltr'><strong>καί</strong></span> <span class='ocrx_word' id='word_1_722' title='bbox 696 4077 750 4139; x_wconf 78' lang='grc' dir='ltr'><strong>τούς</strong></span> <span class='ocrx_word' id='word_1_723' title='bbox 766 4077 859 4143; x_wconf 77' lang='grc' dir='ltr'><strong>ἀξίους,</strong></span> <span class='ocrx_word' id='word_1_724' title='bbox 909 4071 989 4124; x_wconf 85' lang='grc' dir='ltr'><strong>Φιλεῖ</strong></span> <span class='ocrx_word' id='word_1_725' title='bbox 1002 4071 1050 4140; x_wconf 82' lang='grc' dir='ltr'><strong>γὰρ</strong></span> <span class='ocrx_word' id='word_1_726' title='bbox 1064 4069 1209 4122; x_wconf 87' lang='grc' dir='ltr'><strong>ἀκολουθεῖν</strong></span> <span class='ocrx_word' id='word_1_727' title='bbox 1225 4065 1344 4131; x_wconf 71' lang='grc' dir='ltr'><strong>ἀλλήλοις</strong></span> <span class='ocrx_word' id='word_1_728' title='bbox 1356 4065 1429 4135; x_wconf 61' lang='grc' dir='ltr'><strong>ἄμφω</strong></span> <span class='ocrx_word' id='word_1_729' title='bbox 1442 4063 1473 4118; x_wconf 66' lang='grc' dir='ltr'><strong>τέ</strong></span> <span class='ocrx_word' id='word_1_730' title='bbox 1496 4065 1689 4136; x_wconf 57' lang='grc' dir='ltr'><strong>ἐπιχειρήματα.</strong></span> 
     </span>
     <span class='ocr_line' id='line_1_48' title="bbox 75 4141 1691 4226; baseline -0.002 -15"><span class='ocrx_word' id='word_1_731' title='bbox 75 4159 183 4212; x_wconf 83' lang='grc' dir='ltr'><strong>ἐνταῦθα</strong></span> <span class='ocrx_word' id='word_1_732' title='bbox 194 4157 221 4210; x_wconf 88' lang='grc' dir='ltr'><strong>δέ</strong></span> <span class='ocrx_word' id='word_1_733' title='bbox 233 4156 295 4209; x_wconf 74' lang='grc' dir='ltr'><strong>κατὰ</strong></span> <span class='ocrx_word' id='word_1_734' title='bbox 310 4157 392 4226; x_wconf 86' lang='grc' dir='ltr'><strong>μόνων</strong></span> <span class='ocrx_word' id='word_1_735' title='bbox 405 4162 453 4210; x_wconf 90' lang='grc' dir='ltr'><strong>τῶν</strong></span> <span class='ocrx_word' id='word_1_736' title='bbox 471 4155 575 4218; x_wconf 87' lang='grc' dir='ltr'><strong>ἀναξίων</strong></span> <span class='ocrx_word' id='word_1_737' title='bbox 590 4156 687 4226; x_wconf 88' lang='grc' dir='ltr'><strong>πληροῖ</strong></span> <span class='ocrx_word' id='word_1_738' title='bbox 694 4155 738 4222; x_wconf 75' lang='grc' dir='ltr'><strong>τὴν</strong></span> <span class='ocrx_word' id='word_1_739' title='bbox 755 4157 862 4224; x_wconf 88' lang='grc' dir='ltr'><strong>έννοιαν,</strong></span> <span class='ocrx_word' id='word_1_740' title='bbox 910 4157 945 4222; x_wconf 75' lang='grc' dir='ltr'><strong>τῷ</strong></span> <span class='ocrx_word' id='word_1_741' title='bbox 957 4150 999 4222; x_wconf 63' lang='grc' dir='ltr'><strong>μὲν</strong></span> <span class='ocrx_word' id='word_1_742' title='bbox 1012 4148 1060 4202; x_wconf 55' lang='lat' dir='ltr'><strong>&amp;ab</strong></span> <span class='ocrx_word' id='word_1_743' title='bbox 1077 4152 1120 4201; x_wconf 71' lang='grc' dir='ltr'><strong>τοῦ</strong></span> <span class='ocrx_word' id='word_1_744' title='bbox 1135 4146 1265 4207; x_wconf 65' lang='grc' dir='ltr'><strong>ἐλάττονος</strong></span> <span class='ocrx_word' id='word_1_745' title='bbox 1284 4145 1313 4198; x_wconf 68' lang='grc' dir='ltr'><strong>τί)</strong></span> <span class='ocrx_word' id='word_1_746' title='bbox 1325 4143 1373 4198; x_wconf 56' lang='lat' dir='ltr'><strong>&amp;ffb</strong></span> <span class='ocrx_word' id='word_1_747' title='bbox 1386 4148 1430 4196; x_wconf 70' lang='grc' dir='ltr'><strong>τοῦ</strong></span> <span class='ocrx_word' id='word_1_748' title='bbox 1445 4145 1571 4214; x_wconf 59' lang='lat' dir='ltr'><strong>gustum,</strong></span> <span class='ocrx_word' id='word_1_749' title='bbox 1586 4141 1691 4212; x_wconf 61' lang='grc' dir='ltr'><strong>κᾶλῑίθψ</strong></span> 
     </span>
     <span class='ocr_line' id='line_1_49' title="bbox 75 4223 1691 4307; baseline -0.009 -18"><span class='ocrx_word' id='word_1_750' title='bbox 75 4236 177 4306; x_wconf 85' lang='grc' dir='ltr'><strong>ἀφελὼν</strong></span> <span class='ocrx_word' id='word_1_751' title='bbox 198 4235 240 4307; x_wconf 80' lang='grc' dir='ltr'><strong>μέν</strong></span> <span class='ocrx_word' id='word_1_752' title='bbox 255 4235 299 4301; x_wconf 80' lang='grc' dir='ltr'><strong>τὴν</strong></span> <span class='ocrx_word' id='word_1_753' title='bbox 313 4241 362 4289; x_wconf 87' lang='grc' dir='ltr'><strong>τῶν</strong></span> <span class='ocrx_word' id='word_1_754' title='bbox 373 4235 445 4296; x_wconf 88' lang='grc' dir='ltr'><strong>ἀξίων</strong></span> <span class='ocrx_word' id='word_1_755' title='bbox 458 4235 580 4300; x_wconf 86' lang='grc' dir='ltr'><strong>ἐξέτασιν,</strong></span> <span class='ocrx_word' id='word_1_756' title='bbox 597 4236 652 4297; x_wconf 79' lang='grc' dir='ltr'><strong>τούς</strong></span> <span class='ocrx_word' id='word_1_757' title='bbox 662 4235 767 4305; x_wconf 73' lang='grc' dir='ltr'><strong>φαύλους</strong></span> <span class='ocrx_word' id='word_1_758' title='bbox 782 4237 809 4290; x_wconf 78' lang='grc' dir='ltr'><strong>δὲ</strong></span> <span class='ocrx_word' id='word_1_759' title='bbox 822 4238 864 4290; x_wconf 66' lang='grc' dir='ltr'><strong>αὖ.</strong></span> <span class='ocrx_word' id='word_1_760' title='bbox 910 4233 982 4283; x_wconf 89' lang='grc' dir='ltr'><strong>τούτο</strong></span> <span class='ocrx_word' id='word_1_761' title='bbox 1003 4229 1102 4299; x_wconf 84' lang='grc' dir='ltr'><strong>ὁμοίως.</strong></span> <span class='ocrx_word' id='word_1_762' title='bbox 1141 4224 1183 4293; x_wconf 77' lang='grc' dir='ltr'><strong>Μὴ</strong></span> <span class='ocrx_word' id='word_1_763' title='bbox 1207 4225 1273 4296; x_wconf 80' lang='grc' dir='ltr'><strong>ἔχων</strong></span> <span class='ocrx_word' id='word_1_764' title='bbox 1297 4223 1323 4277; x_wconf 80' lang='grc' dir='ltr'><strong>δέ</strong></span> <span class='ocrx_word' id='word_1_765' title='bbox 1344 4223 1477 4276; x_wconf 76' lang='grc' dir='ltr'><strong>ἀντιθεῖναι</strong></span> <span class='ocrx_word' id='word_1_766' title='bbox 1494 4227 1529 4294; x_wconf 82' lang='grc' dir='ltr'><strong>τῷ</strong></span> <span class='ocrx_word' id='word_1_767' title='bbox 1547 4224 1691 4294; x_wconf 86' lang='grc' dir='ltr'><strong>συμφέροντι</strong></span> 
     </span>
     <span class='ocr_line' id='line_1_50' title="bbox 75 4301 1691 4384; baseline -0.002 -14"><span class='ocrx_word' id='word_1_768' title='bbox 75 4315 136 4376; x_wconf 77' lang='grc' dir='ltr'><strong>τούς</strong></span> <span class='ocrx_word' id='word_1_769' title='bbox 147 4316 200 4368; x_wconf 86' lang='grc' dir='ltr'><strong>καθ’</strong></span> <span class='ocrx_word' id='word_1_770' title='bbox 212 4314 309 4376; x_wconf 75' lang='grc' dir='ltr'><strong>ἑαυτούς</strong></span> <span class='ocrx_word' id='word_1_771' title='bbox 321 4313 439 4376; x_wconf 80' lang='grc' dir='ltr'><strong>ἐξετάζων</strong></span> <span class='ocrx_word' id='word_1_772' title='bbox 452 4334 456 4344; x_wconf 95' lang='grc'><strong><em>·</em></strong></span> <span class='ocrx_word' id='word_1_773' title='bbox 474 4313 515 4366; x_wconf 75' lang='grc' dir='ltr'><strong>καὶ</strong></span> <span class='ocrx_word' id='word_1_774' title='bbox 527 4315 628 4384; x_wconf 87' lang='grc' dir='ltr'><strong>γέγονεν</strong></span> <span class='ocrx_word' id='word_1_775' title='bbox 641 4311 657 4379; x_wconf 72' lang='grc'><strong>4</strong></span> <span class='ocrx_word' id='word_1_776' title='bbox 677 4311 760 4366; x_wconf 86' lang='grc' dir='ltr'><strong>ἐννοια</strong></span> <span class='ocrx_word' id='word_1_777' title='bbox 773 4317 864 4384; x_wconf 78' lang='grc' dir='ltr'><strong>σιμπέ-</strong></span> <span class='ocrx_word' id='word_1_778' title='bbox 911 4310 993 4380; x_wconf 84' lang='grc' dir='ltr'><strong>έτερον</strong></span> <span class='ocrx_word' id='word_1_779' title='bbox 1009 4309 1127 4378; x_wconf 87' lang='grc' dir='ltr'><strong>συμφέρον</strong></span> <span class='ocrx_word' id='word_1_780' title='bbox 1145 4304 1172 4359; x_wconf 82' lang='grc' dir='ltr'><strong>ἐκ</strong></span> <span class='ocrx_word' id='word_1_781' title='bbox 1190 4305 1325 4376; x_wconf 71' lang='grc' dir='ltr'><strong>χρημάτων</strong></span> <span class='ocrx_word' id='word_1_782' title='bbox 1344 4302 1386 4354; x_wconf 72' lang='grc' dir='ltr'><strong>καλ</strong></span> <span class='ocrx_word' id='word_1_783' title='bbox 1399 4303 1509 4374; x_wconf 63' lang='grc' dir='ltr'><strong>κέρδους.</strong></span> <span class='ocrx_word' id='word_1_784' title='bbox 1523 4301 1568 4368; x_wconf 59' lang='grc' dir='ltr'><strong>τὴν</strong></span> <span class='ocrx_word' id='word_1_785' title='bbox 1581 4302 1691 4355; x_wconf 54' lang='lat' dir='ltr'><strong>‘ww</strong></span> 
     </span>
     <span class='ocr_line' id='line_1_51' title="bbox 76 4380 1692 4466; baseline -0.007 -20"><span class='ocrx_word' id='word_1_786' title='bbox 76 4413 162 4466; x_wconf 88' lang='grc' dir='ltr'><strong>ρααμσ</strong></span> <span class='ocrx_word' id='word_1_787' title='bbox 173 4398 222 4446; x_wconf 88' lang='grc' dir='ltr'><strong>τῶν</strong></span> <span class='ocrx_word' id='word_1_788' title='bbox 237 4392 381 4446; x_wconf 77' lang='grc' dir='ltr'><strong>ἀντιθέσεων</strong></span> <span class='ocrx_word' id='word_1_789' title='bbox 395 4389 549 4462; x_wconf 86' lang='grc' dir='ltr'><strong>ἀμφοτέρων.</strong></span> <span class='ocrx_word' id='word_1_790' title='bbox 561 4391 643 4444; x_wconf 84' lang='lat' dir='ltr'><strong>TCV.</strong></span> <span class='ocrx_word' id='word_1_791' title='bbox 910 4389 952 4442; x_wconf 84' lang='grc' dir='ltr'><strong>καί</strong></span> <span class='ocrx_word' id='word_1_792' title='bbox 964 4386 1009 4454; x_wconf 82' lang='grc' dir='ltr'><strong>τὴν</strong></span> <span class='ocrx_word' id='word_1_793' title='bbox 1029 4386 1136 4449; x_wconf 86' lang='grc' dir='ltr'><strong>εύδοξίαν</strong></span> <span class='ocrx_word' id='word_1_794' title='bbox 1148 4391 1183 4456; x_wconf 82' lang='grc' dir='ltr'><strong>τῷ</strong></span> <span class='ocrx_word' id='word_1_795' title='bbox 1198 4389 1247 4437; x_wconf 86' lang='grc' dir='ltr'><strong>τῶν</strong></span> <span class='ocrx_word' id='word_1_796' title='bbox 1259 4384 1395 4456; x_wconf 87' lang='grc' dir='ltr'><strong>χρημάτων</strong></span> <span class='ocrx_word' id='word_1_797' title='bbox 1416 4383 1492 4452; x_wconf 77' lang='grc' dir='ltr'><strong>κέρδει</strong></span> <span class='ocrx_word' id='word_1_798' title='bbox 1510 4380 1692 4452; x_wconf 80' lang='grc' dir='ltr'><strong>ἀντιπαραύάλ-</strong></span> 
     </span>
     <span class='ocr_line' id='line_1_52' title="bbox 116 4459 1694 4544; baseline -0.01 -18"><span class='ocrx_word' id='word_1_799' title='bbox 116 4473 270 4544; x_wconf 76' lang='grc' dir='ltr'><strong>λὐγκρούαας</strong></span> <span class='ocrx_word' id='word_1_800' title='bbox 280 4471 367 4532; x_wconf 86' lang='grc' dir='ltr'><strong>ἰκανῶς</strong></span> <span class='ocrx_word' id='word_1_801' title='bbox 379 4471 420 4522; x_wconf 88' lang='grc' dir='ltr'><strong>διά</strong></span> <span class='ocrx_word' id='word_1_802' title='bbox 431 4475 480 4523; x_wconf 90' lang='grc' dir='ltr'><strong>τῶν</strong></span> <span class='ocrx_word' id='word_1_803' title='bbox 491 4471 672 4541; x_wconf 86' lang='grc' dir='ltr'><strong>προειρημένων</strong></span> <span class='ocrx_word' id='word_1_804' title='bbox 685 4471 727 4524; x_wconf 80' lang='grc' dir='ltr'><strong>καὶ</strong></span> <span class='ocrx_word' id='word_1_805' title='bbox 737 4468 782 4538; x_wconf 80' lang='grc' dir='ltr'><strong>τὴν</strong></span> <span class='ocrx_word' id='word_1_806' title='bbox 798 4471 865 4525; x_wconf 85' lang='grc' dir='ltr'><strong>ἀντί·</strong></span> <span class='ocrx_word' id='word_1_807' title='bbox 912 4469 964 4522; x_wconf 90' lang='grc' dir='ltr'><strong>λειν</strong></span> <span class='ocrx_word' id='word_1_808' title='bbox 988 4469 1107 4538; x_wconf 76' lang='grc' dir='ltr'><strong>πειρᾶται.</strong></span> <span class='ocrx_word' id='word_1_809' title='bbox 1146 4464 1221 4526; x_wconf 83' lang='grc' dir='ltr'><strong>Λείξει</strong></span> <span class='ocrx_word' id='word_1_810' title='bbox 1236 4463 1263 4517; x_wconf 86' lang='grc' dir='ltr'><strong>δέ</strong></span> <span class='ocrx_word' id='word_1_811' title='bbox 1286 4462 1347 4534; x_wconf 84' lang='grc' dir='ltr'><strong>μετά</strong></span> <span class='ocrx_word' id='word_1_812' title='bbox 1371 4461 1456 4532; x_wconf 74' lang='grc' dir='ltr'><strong>μικρὸν</strong></span> <span class='ocrx_word' id='word_1_813' title='bbox 1481 4462 1519 4514; x_wconf 80' lang='grc' dir='ltr'><strong>δτι</strong></span> <span class='ocrx_word' id='word_1_814' title='bbox 1536 4459 1591 4514; x_wconf 84' lang='grc' dir='ltr'><strong>ούδέ</strong></span> <span class='ocrx_word' id='word_1_815' title='bbox 1611 4461 1694 4538; x_wconf 70' lang='grc' dir='ltr'><strong>κέρδος</strong></span> 
     </span>
     <span class='ocr_line' id='line_1_53' title="bbox 76 4545 1172 4622; baseline -0.01 -14"><span class='ocrx_word' id='word_1_816' title='bbox 76 4557 147 4608; x_wconf 88' lang='grc' dir='ltr'><strong>θεσιν</strong></span> <span class='ocrx_word' id='word_1_817' title='bbox 166 4553 297 4616; x_wconf 87' lang='grc' dir='ltr'><strong>Λεπτίνου,</strong></span> <span class='ocrx_word' id='word_1_818' title='bbox 313 4551 355 4604; x_wconf 81' lang='grc' dir='ltr'><strong>καί</strong></span> <span class='ocrx_word' id='word_1_819' title='bbox 371 4547 416 4615; x_wconf 75' lang='grc' dir='ltr'><strong>τὴν</strong></span> <span class='ocrx_word' id='word_1_820' title='bbox 429 4551 523 4621; x_wconf 89' lang='grc' dir='ltr'><strong>γένεσιν</strong></span> <span class='ocrx_word' id='word_1_821' title='bbox 542 4553 585 4615; x_wconf 88' lang='grc' dir='ltr'><strong>τῆς</strong></span> <span class='ocrx_word' id='word_1_822' title='bbox 601 4548 768 4621; x_wconf 79' lang='grc' dir='ltr'><strong>ἀνθυποφορᾶς</strong></span> <span class='ocrx_word' id='word_1_823' title='bbox 780 4551 865 4622; x_wconf 89' lang='grc' dir='ltr'><strong>χρησί-</strong></span> <span class='ocrx_word' id='word_1_824' title='bbox 910 4548 1076 4618; x_wconf 87' lang='grc' dir='ltr'><strong>προσγίνεται.</strong></span> <span class='ocrx_word' id='word_1_825' title='bbox 1092 4545 1172 4598; x_wconf 82' lang='lat' dir='ltr'>TGV.</span> 
     </span>
     <span class='ocr_line' id='line_1_54' title="bbox 78 4619 1411 4704; baseline -0.003 -20"><span class='ocrx_word' id='word_1_826' title='bbox 78 4652 132 4704; x_wconf 89' lang='grc' dir='ltr'><strong>μην</strong></span> <span class='ocrx_word' id='word_1_827' title='bbox 151 4631 244 4702; x_wconf 74' lang='grc' dir='ltr'><strong>εύριὶιν,</strong></span> <span class='ocrx_word' id='word_1_828' title='bbox 265 4631 306 4683; x_wconf 82' lang='grc' dir='ltr'><strong>καί</strong></span> <span class='ocrx_word' id='word_1_829' title='bbox 325 4629 535 4700; x_wconf 87' lang='grc' dir='ltr'><strong>προοικονομήσας</strong></span> <span class='ocrx_word' id='word_1_830' title='bbox 551 4629 591 4681; x_wconf 87' lang='grc' dir='ltr'><strong>διά</strong></span> <span class='ocrx_word' id='word_1_831' title='bbox 605 4630 697 4682; x_wconf 90' lang='grc' dir='ltr'><strong>τούτων</strong></span> <span class='ocrx_word' id='word_1_832' title='bbox 719 4629 807 4691; x_wconf 90' lang='grc' dir='ltr'><strong>ίκανῶς</strong></span> <span class='ocrx_word' id='word_1_833' title='bbox 820 4629 865 4696; x_wconf 82' lang='grc' dir='ltr'><strong>τὴν</strong></span> <span class='ocrx_word' id='word_1_834' title='bbox 946 4630 1008 4690; x_wconf 76' lang='grc'><strong>460,</strong></span> <span class='ocrx_word' id='word_1_835' title='bbox 1023 4629 1050 4685; x_wconf 69' lang='grc' dir='ltr'><strong>ύ·</strong></span> <span class='ocrx_word' id='word_1_836' title='bbox 1064 4623 1176 4692; x_wconf 62' lang='grc' dir='ltr'><strong>Ταύτην]</strong></span> <span class='ocrx_word' id='word_1_837' title='bbox 1190 4620 1267 4690; x_wconf 72' lang='grc' dir='ltr'><strong>ἦγθθθ</strong></span> <span class='ocrx_word' id='word_1_838' title='bbox 1282 4619 1365 4680; x_wconf 60' lang='grc' dir='ltr'><strong>δόξαν·</strong></span> <span class='ocrx_word' id='word_1_839' title='bbox 1381 4621 1411 4673; x_wconf 86' lang='grc' dir='ltr'><strong>Ρ·</strong></span> 
     </span>
     <span class='ocr_line' id='line_1_55' title="bbox 74 4691 1693 4782; baseline -0.005 -18"><span class='ocrx_word' id='word_1_840' title='bbox 74 4711 172 4764; x_wconf 76' lang='grc' dir='ltr'><strong>οἰκείαν</strong></span> <span class='ocrx_word' id='word_1_841' title='bbox 186 4711 349 4782; x_wconf 88' lang='grc' dir='ltr'><strong>νομοθεσίαν,</strong></span> <span class='ocrx_word' id='word_1_842' title='bbox 367 4709 521 4779; x_wconf 83' lang='grc' dir='ltr'><strong>ἐπανήγαγεν</strong></span> <span class='ocrx_word' id='word_1_843' title='bbox 538 4707 647 4762; x_wconf 79' lang='grc' dir='ltr'><strong>ἐντεῦθεν</strong></span> <span class='ocrx_word' id='word_1_844' title='bbox 668 4707 708 4761; x_wconf 87' lang='grc' dir='ltr'><strong>ἐπί</strong></span> <span class='ocrx_word' id='word_1_845' title='bbox 727 4706 770 4773; x_wconf 85' lang='grc' dir='ltr'><strong>τὴν</strong></span> <span class='ocrx_word' id='word_1_846' title='bbox 784 4707 807 4770; x_wconf 89' lang='grc' dir='ltr'><strong>ἐξ</strong></span> <span class='ocrx_word' id='word_1_847' title='bbox 823 4707 865 4779; x_wconf 83' lang='grc' dir='ltr'><strong>ἀρ·</strong></span> <span class='ocrx_word' id='word_1_848' title='bbox 946 4708 1008 4767; x_wconf 79' lang='grc'><strong>480,</strong></span> <span class='ocrx_word' id='word_1_849' title='bbox 1027 4721 1053 4772; x_wconf 91' lang='lat'><strong>7.</strong></span> <span class='ocrx_word' id='word_1_850' title='bbox 1066 4700 1124 4754; x_wconf 72' lang='grc' dir='ltr'><strong>Ὀτι</strong></span> <span class='ocrx_word' id='word_1_851' title='bbox 1137 4699 1234 4770; x_wconf 87' lang='grc' dir='ltr'><strong>τοίνυν]</strong></span> <span class='ocrx_word' id='word_1_852' title='bbox 1251 4697 1339 4759; x_wconf 77' lang='grc' dir='ltr'><strong>Ἄλλος</strong></span> <span class='ocrx_word' id='word_1_853' title='bbox 1355 4697 1428 4757; x_wconf 71' lang='grc' dir='ltr'><strong>τόπος</strong></span> <span class='ocrx_word' id='word_1_854' title='bbox 1442 4691 1475 4756; x_wconf 76' lang='grc' dir='ltr'><strong>ῑῖε</strong></span> <span class='ocrx_word' id='word_1_855' title='bbox 1488 4694 1516 4748; x_wconf 70' lang='grc' dir='ltr'><strong>τί)</strong></span> <span class='ocrx_word' id='word_1_856' title='bbox 1529 4691 1693 4764; x_wconf 56' lang='lat' dir='ltr'><strong>abthin-15!-</strong></span> 
     </span>
     <span class='ocr_line' id='line_1_56' title="bbox 75 4769 1694 4862; baseline -0.01 -22"><span class='ocrx_word' id='word_1_857' title='bbox 75 4788 271 4862; x_wconf 86' lang='grc' dir='ltr'><strong>χῆςάντίθεσιν.</strong></span> <span class='ocrx_word' id='word_1_858' title='bbox 309 4786 501 4857; x_wconf 86' lang='grc' dir='ltr'><strong>ίίαινοτομεῖδέ</strong></span> <span class='ocrx_word' id='word_1_859' title='bbox 516 4783 560 4852; x_wconf 77' lang='grc' dir='ltr'><strong>τὴν</strong></span> <span class='ocrx_word' id='word_1_860' title='bbox 583 4787 686 4856; x_wconf 78' lang='grc' dir='ltr'><strong>μέθοδον</strong></span> <span class='ocrx_word' id='word_1_861' title='bbox 701 4785 764 4838; x_wconf 82' lang='grc' dir='ltr'><strong>κατά</strong></span> <span class='ocrx_word' id='word_1_862' title='bbox 783 4788 864 4857; x_wconf 88' lang='grc' dir='ltr'><strong>μόνων</strong></span> <span class='ocrx_word' id='word_1_863' title='bbox 913 4802 980 4855; x_wconf 88' lang='grc' dir='ltr'><strong>ρημα</strong></span> <span class='ocrx_word' id='word_1_864' title='bbox 997 4781 1044 4836; x_wconf 85' lang='grc' dir='ltr'><strong>άπδ</strong></span> <span class='ocrx_word' id='word_1_865' title='bbox 1064 4783 1107 4834; x_wconf 79' lang='grc' dir='ltr'><strong>τοῦ</strong></span> <span class='ocrx_word' id='word_1_866' title='bbox 1128 4781 1247 4852; x_wconf 81' lang='grc' dir='ltr'><strong>μείζονος.</strong></span> <span class='ocrx_word' id='word_1_867' title='bbox 1286 4776 1365 4830; x_wconf 90' lang='grc' dir='ltr'><strong>Ὅταν</strong></span> <span class='ocrx_word' id='word_1_868' title='bbox 1386 4775 1433 4846; x_wconf 89' lang='grc' dir='ltr'><strong>γάρ</strong></span> <span class='ocrx_word' id='word_1_869' title='bbox 1458 4773 1580 4828; x_wconf 85' lang='grc' dir='ltr'><strong>πλειόνων</strong></span> <span class='ocrx_word' id='word_1_870' title='bbox 1604 4769 1694 4844; x_wconf 78' lang='grc' dir='ltr'><strong>εύπορῇ</strong></span> 
     </span>
     <span class='ocr_line' id='line_1_57' title="bbox 75 4851 1695 4937; baseline -0.011 -15"><span class='ocrx_word' id='word_1_871' title='bbox 75 4875 128 4922; x_wconf 80' lang='grc' dir='ltr'><strong>τῶν</strong></span> <span class='ocrx_word' id='word_1_872' title='bbox 143 4866 245 4929; x_wconf 86' lang='grc' dir='ltr'><strong>ἀναξίων</strong></span> <span class='ocrx_word' id='word_1_873' title='bbox 260 4865 360 4936; x_wconf 86' lang='grc' dir='ltr'><strong>πληρῶν</strong></span> <span class='ocrx_word' id='word_1_874' title='bbox 377 4864 421 4932; x_wconf 80' lang='grc' dir='ltr'><strong>τήν</strong></span> <span class='ocrx_word' id='word_1_875' title='bbox 435 4865 541 4920; x_wconf 79' lang='grc' dir='ltr'><strong>ἔννοιαν.</strong></span> <span class='ocrx_word' id='word_1_876' title='bbox 582 4865 628 4918; x_wconf 73' lang='grc' dir='ltr'><strong>Καὶ</strong></span> <span class='ocrx_word' id='word_1_877' title='bbox 643 4863 694 4918; x_wconf 82' lang='grc' dir='ltr'><strong>ἐστι</strong></span> <span class='ocrx_word' id='word_1_878' title='bbox 707 4867 867 4937; x_wconf 78' lang='grc' dir='ltr'><strong>συμπέρασμα</strong></span> <span class='ocrx_word' id='word_1_879' title='bbox 910 4864 1009 4925; x_wconf 88' lang='grc' dir='ltr'><strong>τύπων,</strong></span> <span class='ocrx_word' id='word_1_880' title='bbox 1023 4859 1051 4913; x_wconf 83' lang='grc' dir='ltr'><strong>ού</strong></span> <span class='ocrx_word' id='word_1_881' title='bbox 1067 4861 1185 4930; x_wconf 81' lang='grc' dir='ltr'><strong>φείδεται.</strong></span> <span class='ocrx_word' id='word_1_882' title='bbox 1224 4857 1296 4910; x_wconf 79' lang='grc' dir='ltr'><strong>Ἐστι</strong></span> <span class='ocrx_word' id='word_1_883' title='bbox 1312 4857 1333 4907; x_wconf 88' lang='grc' dir='ltr'><strong>δ’</strong></span> <span class='ocrx_word' id='word_1_884' title='bbox 1356 4855 1370 4905; x_wconf 81' lang='grc' dir='ltr'><strong>θ</strong></span> <span class='ocrx_word' id='word_1_885' title='bbox 1390 4854 1433 4926; x_wconf 84' lang='grc' dir='ltr'><strong>μὲν</strong></span> <span class='ocrx_word' id='word_1_886' title='bbox 1447 4853 1561 4924; x_wconf 80' lang='grc' dir='ltr'><strong>πρότερος</strong></span> <span class='ocrx_word' id='word_1_887' title='bbox 1579 4853 1652 4914; x_wconf 87' lang='grc' dir='ltr'><strong>τύπος</strong></span> <span class='ocrx_word' id='word_1_888' title='bbox 1671 4851 1695 4914; x_wconf 84' lang='grc' dir='ltr'><strong>ἐξ</strong></span> 
     </span>
     <span class='ocr_line' id='line_1_58' title="bbox 75 4933 1638 5016; baseline -0.01 -14"><span class='ocrx_word' id='word_1_889' title='bbox 75 4953 129 5002; x_wconf 85' lang='grc' dir='ltr'><strong>τῶν</strong></span> <span class='ocrx_word' id='word_1_890' title='bbox 139 4945 283 5006; x_wconf 82' lang='grc' dir='ltr'><strong>ἀντιθέσεων</strong></span> <span class='ocrx_word' id='word_1_891' title='bbox 294 4944 447 5016; x_wconf 83' lang='grc' dir='ltr'><strong>ἀμφοτέρων.</strong></span> <span class='ocrx_word' id='word_1_892' title='bbox 459 4947 598 4998; x_wconf 84' lang='lat' dir='ltr'>BFRSYP.</span> <span class='ocrx_word' id='word_1_893' title='bbox 912 4939 1122 5012; x_wconf 82' lang='grc' dir='ltr'><strong>ἐνθυμήματος,ύ</strong></span> <span class='ocrx_word' id='word_1_894' title='bbox 1136 4939 1162 4992; x_wconf 81' lang='grc' dir='ltr'><strong>δὲ</strong></span> <span class='ocrx_word' id='word_1_895' title='bbox 1178 4937 1286 4991; x_wconf 81' lang='grc' dir='ltr'><strong>ἐντεῦθεν</strong></span> <span class='ocrx_word' id='word_1_896' title='bbox 1302 4934 1327 4988; x_wconf 82' lang='grc' dir='ltr'><strong>ἐκ</strong></span> <span class='ocrx_word' id='word_1_897' title='bbox 1341 4935 1544 5005; x_wconf 86' lang='grc' dir='ltr'><strong>παραδείγματος.</strong></span> <span class='ocrx_word' id='word_1_898' title='bbox 1558 4933 1638 4986; x_wconf 85' lang='lat' dir='ltr'>TCV.</span> 
     </span>
     <span class='ocr_line' id='line_1_59' title="bbox 116 5013 1692 5094; baseline -0.001 -18"><span class='ocrx_word' id='word_1_899' title='bbox 116 5025 179 5094; x_wconf 84' lang='grc'><strong>459,</strong></span> <span class='ocrx_word' id='word_1_900' title='bbox 197 5041 238 5078; x_wconf 89' lang='lat'><strong>10.</strong></span> <span class='ocrx_word' id='word_1_901' title='bbox 255 5023 311 5076; x_wconf 84' lang='grc' dir='ltr'><strong>Ἔτι</strong></span> <span class='ocrx_word' id='word_1_902' title='bbox 334 5025 414 5076; x_wconf 90' lang='grc' dir='ltr'><strong>τοίνυν</strong></span> <span class='ocrx_word' id='word_1_903' title='bbox 428 5023 547 5094; x_wconf 84' lang='grc' dir='ltr'><strong>κάκεῖνο]</strong></span> <span class='ocrx_word' id='word_1_904' title='bbox 571 5023 708 5092; x_wconf 86' lang='grc' dir='ltr'><strong>Πληρώσας</strong></span> <span class='ocrx_word' id='word_1_905' title='bbox 726 5023 864 5076; x_wconf 80' lang='grc' dir='ltr'><strong>τὸδίκαιον</strong></span> <span class='ocrx_word' id='word_1_906' title='bbox 950 5027 1012 5086; x_wconf 78' lang='grc'><strong>460,</strong></span> <span class='ocrx_word' id='word_1_907' title='bbox 1028 5023 1054 5075; x_wconf 93' lang='grc'><strong>8.</strong></span> <span class='ocrx_word' id='word_1_908' title='bbox 1069 5021 1122 5073; x_wconf 84' lang='grc' dir='ltr'><strong>Τοῦ</strong></span> <span class='ocrx_word' id='word_1_909' title='bbox 1141 5017 1227 5089; x_wconf 75' lang='grc' dir='ltr'><strong>ἤθους]</strong></span> <span class='ocrx_word' id='word_1_910' title='bbox 1242 5015 1381 5088; x_wconf 78' lang='grc' dir='ltr'><strong>ἤγουντῆς</strong></span> <span class='ocrx_word' id='word_1_911' title='bbox 1401 5013 1516 5084; x_wconf 71' lang='grc' dir='ltr'><strong>ύμετίρας</strong></span> <span class='ocrx_word' id='word_1_912' title='bbox 1529 5013 1640 5083; x_wconf 63' lang='grc' dir='ltr'><strong>γνώμης·</strong></span> <span class='ocrx_word' id='word_1_913' title='bbox 1662 5013 1692 5067; x_wconf 79' lang='lat'><strong>¹’-</strong></span> 
     </span>
     <span class='ocr_line' id='line_1_60' title="bbox 76 5090 1695 5172; baseline -0.01 -14"><span class='ocrx_word' id='word_1_914' title='bbox 76 5103 191 5158; x_wconf 84' lang='grc' dir='ltr'><strong>ἐντεῦθεν</strong></span> <span class='ocrx_word' id='word_1_915' title='bbox 207 5099 300 5162; x_wconf 87' lang='grc' dir='ltr'><strong>ἐννοίας</strong></span> <span class='ocrx_word' id='word_1_916' title='bbox 318 5102 420 5172; x_wconf 77' lang='grc' dir='ltr'><strong>ἄρχεται</strong></span> <span class='ocrx_word' id='word_1_917' title='bbox 440 5106 484 5154; x_wconf 82' lang='grc' dir='ltr'><strong>τού</strong></span> <span class='ocrx_word' id='word_1_918' title='bbox 505 5103 681 5172; x_wconf 78' lang='grc' dir='ltr'><strong>συμφέροντος·</strong></span> <span class='ocrx_word' id='word_1_919' title='bbox 699 5101 799 5168; x_wconf 86' lang='grc' dir='ltr'><strong>σύνηθες</strong></span> <span class='ocrx_word' id='word_1_920' title='bbox 817 5099 865 5170; x_wconf 77' lang='grc' dir='ltr'><strong>γὰρ</strong></span> <span class='ocrx_word' id='word_1_921' title='bbox 945 5104 1007 5164; x_wconf 83' lang='grc'><strong>460,</strong></span> <span class='ocrx_word' id='word_1_922' title='bbox 1023 5117 1065 5152; x_wconf 87' lang='lat'><strong>11.</strong></span> <span class='ocrx_word' id='word_1_923' title='bbox 1083 5099 1200 5168; x_wconf 90' lang='grc' dir='ltr'><strong>Λέγονται</strong></span> <span class='ocrx_word' id='word_1_924' title='bbox 1209 5095 1340 5168; x_wconf 88' lang='grc' dir='ltr'><strong>χρήματα]</strong></span> <span class='ocrx_word' id='word_1_925' title='bbox 1354 5093 1426 5145; x_wconf 72' lang='grc' dir='ltr'><strong>’Ἔστι</strong></span> <span class='ocrx_word' id='word_1_926' title='bbox 1440 5090 1482 5164; x_wconf 80' lang='grc' dir='ltr'><strong>μέν</strong></span> <span class='ocrx_word' id='word_1_927' title='bbox 1498 5090 1527 5144; x_wconf 86' lang='grc' dir='ltr'><strong>τδ</strong></span> <span class='ocrx_word' id='word_1_928' title='bbox 1541 5091 1695 5161; x_wconf 82' lang='grc' dir='ltr'><strong>παράδειγμα</strong></span> 
     </span>
     <span class='ocr_line' id='line_1_61' title="bbox 75 5168 1690 5254; baseline -0.01 -18"><span class='ocrx_word' id='word_1_929' title='bbox 75 5183 146 5254; x_wconf 78' lang='grc' dir='ltr'><strong>αύτῷ</strong></span> <span class='ocrx_word' id='word_1_930' title='bbox 157 5181 271 5252; x_wconf 88' lang='grc' dir='ltr'><strong>προλύειν</strong></span> <span class='ocrx_word' id='word_1_931' title='bbox 284 5181 510 5244; x_wconf 77' lang='grc' dir='ltr'><strong>τύςάντιθίσειςκαλ</strong></span> <span class='ocrx_word' id='word_1_932' title='bbox 521 5181 567 5251; x_wconf 84' lang='grc' dir='ltr'><strong>πρδ</strong></span> <span class='ocrx_word' id='word_1_933' title='bbox 578 5187 625 5234; x_wconf 88' lang='grc' dir='ltr'><strong>τῶν</strong></span> <span class='ocrx_word' id='word_1_934' title='bbox 637 5181 863 5234; x_wconf 71' lang='grc' dir='ltr'><strong>θέσεων.ΒθΒὸΥ.</strong></span> <span class='ocrx_word' id='word_1_935' title='bbox 912 5179 1050 5249; x_wconf 84' lang='grc' dir='ltr'><strong>ίστορικδν,</strong></span> <span class='ocrx_word' id='word_1_936' title='bbox 1072 5177 1130 5248; x_wconf 78' lang='grc' dir='ltr'><strong>πρδς</strong></span> <span class='ocrx_word' id='word_1_937' title='bbox 1156 5176 1235 5230; x_wconf 87' lang='grc' dir='ltr'><strong>πίστιν</strong></span> <span class='ocrx_word' id='word_1_938' title='bbox 1268 5179 1315 5228; x_wconf 89' lang='grc' dir='ltr'><strong>τῶν</strong></span> <span class='ocrx_word' id='word_1_939' title='bbox 1341 5171 1505 5244; x_wconf 83' lang='grc' dir='ltr'><strong>προκειμένων</strong></span> <span class='ocrx_word' id='word_1_940' title='bbox 1530 5168 1690 5240; x_wconf 86' lang='grc' dir='ltr'><strong>είλημμένον.</strong></span> 
     </span>
    </p>
   </div>
   <div class='ocr_carea' id='block_1_6' title="bbox 189 5266 1583 5324">
    <p class='ocr_par' dir='ltr' id='par_1_7' title="bbox 189 5266 1583 5324">
     <span class='ocr_line' id='line_1_62' title="bbox 189 5266 1583 5324; baseline -0.011 0"><span class='ocrx_word' id='word_1_941' title='bbox 189 5287 314 5324; x_wconf 67' lang='lat' dir='ltr'>omnus.</span> <span class='ocrx_word' id='word_1_942' title='bbox 327 5287 351 5324; x_wconf 81' lang='grc' dir='ltr'><strong>Ιί.</strong></span> <span class='ocrx_word' id='word_1_943' title='bbox 1559 5266 1583 5308; x_wconf 80' lang='grc' dir='ltr'><strong>ἀί</strong></span> 
     </span>
    </p>
   </div>
   <div class='ocr_carea' id='block_1_7' title="bbox 0 0 2020 6085">
    <p class='ocr_par' dir='ltr' id='par_1_8' title="bbox 0 0 2020 6085">
     <span class='ocr_line' id='line_1_63' title="bbox 0 0 2020 6085; baseline 0 0"><span class='ocrx_word' id='word_1_944' title='bbox 0 0 2020 6085; x_wconf 95' lang='lat' dir='ltr'><strong> </strong></span> 
     </span>
    </p>
   </div>
  </div>
 </body>
</html>
