3934 6350
731 503 796 563 XX.
817 501 922 562 ΠΡΟΣ
943 501 1151 565 ΛΕΠΤΙΝΗΝ.
1685 517 1743 568 059

134 639 209 706 νόμος
224 634 319 690 ἐκέλευε
331 633 365 706 μὴ
378 634 489 706 δεύτερον
502 636 633 689 συνδικεῖν.
651 635 697 686 1ίαί
708 633 756 704 γύρ
771 633 833 696 άκαξ
844 637 916 688 τοῦτο
961 633 1040 706 ὄνομα
1054 637 1133 688 κεῖται
1144 640 1192 687 τῶν
1213 635 1358 702 Ἀθηναίων,
1374 639 1404 708 τῇ
1417 635 1475 708 δόξῃ
1495 639 1538 702 τῆς
1551 637 1645 698 πόλεως
1659 635 1746 708 ἐμφαί-

132 715 236 782 ποιήσας
247 715 383 780 κωλύεται,
396 714 440 766 ἵνα
452 713 485 786 μή
496 713 577 768 διάτύ
594 715 676 785 κέρδος
685 715 813 786 ψεύδεσθαι
825 713 917 784 ἐπιχει-
961 733 1010 766 νων
1024 719 1067 766 τοῦ
1083 715 1226 784 πράγματος
1238 715 1267 767 rb
1282 715 1435 786 παράλογον.
1449 717 1530 768 TCV.

132 797 217 864 φῶσιν.
227 789 257 844 Ὅ
264 792 290 845 δέ
296 793 325 846 τό
334 790 366 862 μή
374 795 591 864 χρῆναισυνδικεῖν
599 795 710 864 δεύτερον
719 793 826 846 καθόλου
832 792 916 862 έλαθε,
996 790 1037 858 Μή
1048 792 1164 862 βούλεσθε
1176 793 1258 846 δοκεῖν
1269 793 1346 848 πλείω
1355 793 1500 860 πεποιῆσθαι
1508 791 1631 864 σπονδήν]
1643 793 1699 846 Ἵνα
1712 793 1746 864 μή

132 869 397 932 καίυθτωςέκόάλλει.
433 870 466 924 Εἰ
477 873 504 924 δέ
521 891 557 933 τις
573 871 686 939 ζητήσειε
708 877 758 934 πῶς
775 871 817 924 τὀν
840 872 916 940 νόμον
962 869 1040 940 ἔχωσι
1056 873 1204 942 καταφυγεῖν
1219 869 1252 933 είς
1268 871 1437 942 ἀνάγκην,τῇ
1452 871 1566 942 βουλήσει
1578 871 1624 938 τὴν
1638 872 1746 935 ἐξουσίαν

133 947 238 1001 ἐνταῦθα
259 949 349 1001 τέθεικε
361 948 403 1001 καί
416 949 460 1001 οὐκ
479 949 504 1002 ἐν
518 955 549 1022 τῇ
562 949 667 1012 ἐξετάσει
679 954 723 1003 τοῦ
742 949 860 1020 νομίμου,
876 949 917 1002 λέ·
961 951 1100 1018 πεποίηται,
1138 952 1179 1022 Τῷ
1193 951 1219 1004 δέ
1232 952 1314 1004 δοκεῖν
1328 951 1394 1022 παρά
1409 955 1461 1012 τοῖς
1469 952 1555 1012 ἀλλοις
1568 951 1677 1023 πονηρὰν
1691 949 1745 1005 καθ’

132 1045 211 1098 γομεν
222 1029 261 1080 ότι
274 1026 329 1080 οὐδέ
339 1026 445 1082 ἐνταῦθα
456 1026 570 1094 ἐξήτασεν
581 1029 614 1091 ῶς
623 1031 738 1100 νόμιμον.
776 1028 857 1082 Ὅπου
870 1027 918 1099 γάρ
962 1029 1058 1094 αὐτῶν,
1077 1031 1151 1101 φησί,
1171 1031 1341 1101 κατασπείρετι
1355 1029 1442 1094 δόξαν,
1463 1030 1557 1102 πονηρά
1577 1032 1745 1100 βουληθέντες.

132 1105 162 1158 τδ
176 1106 282 1176 νόμιμον
295 1106 442 1176 κεφάλαιον,
465 1105 592 1173 ἐξήτασται
610 1110 687 1180 νόμῳ·
704 1106 807 1160 ἐνταῦθα
822 1107 848 1160 δὲ
861 1106 919 1177 πρδς
962 1109 1043 1164 TCV.

132 1183 162 1236 τό
174 1183 317 1238 δαιδάλλειν
336 1188 412 1256 μόνον
426 1191 513 1240 τοῦτον
533 1185 643 1257 είληφεν.
682 1185 754 1238 Ἔστι
772 1183 820 1256 γίιρ
834 1183 917 1238 έπιλο-
954 1243 957 1248 ,
998 1188 1058 1252 505,
1075 1193 1119 1242 αθ.
1138 1185 1202 1240 Ἀλλ’
1218 1185 1410 1258 ἀναμνησθέντες
1423 1193 1471 1239 τῶν
1484 1187 1590 1258 καιρῶν]
1604 1187 1680 1240 Ἄλλο
1694 1185 1746 1240 ἐκ..

132 1262 191 1334 γιιιά
203 1262 261 1318 όλα.
272 1265 353 1318 TCV.
963 1267 1070 1338 χείρηρα
1084 1265 1132 1320 ἀπδ
1151 1269 1194 1318 τοῦ
1211 1263 1277 1318 ίσου·
1296 1263 1351 1318 εἶτα
1365 1266 1394 1319 τ“ο
1410 1265 1457 1318 ἀπδ
1477 1270 1519 1319 τοῦ
1536 1267 1647 1336 μείζονος
1660 1267 1747 1335 προσέ·

169 1345 231 1408 503,
245 1361 289 1397 21.
304 1344 421 1416 Γελοιον]
440 1344 535 1406 Γέλοιος
553 1344 568 1396 ό
585 1343 774 1415 καταγέλαστος·
791 1342 890 1414 γελοῖος
904 1343 918 1396 ό
962 1345 1036 1410 θηκε,
1052 1342 1114 1396 κατίι
1127 1343 1204 1414 λόγον
1218 1346 1249 1414 τῇ
1261 1341 1326 1404 τάξει
1338 1345 1476 1414 χρώμενός,
1519 1341 1621 1413 Ὁμοιοῖ
1632 1343 1680 1413 γὰρ
1691 1345 1746 1406 τούς

132 1423 309 1494 γελωτοποιός.
321 1425 377 1478 ΒΥ.
962 1421 1101 1492 εὐεργέτας,
1116 1421 1171 1493 περὶ
1182 1419 1217 1474 ὧν
1230 1421 1244 1473 ό
1255 1421 1345 1492 λόγος,
1361 1419 1481 1495 Ἁρμοδίῳ
1495 1422 1535 1476 καί
1549 1421 1745 1492 Ἀριστογείτονι,

169 1502 230 1565 503,
242 1505 289 1557 αθ.
302 1503 374 1556 Ἔστι
389 1503 454 1574 γάρ,
473 1499 495 1556 ὦ
509 1503 592 1573 ἀνδρες
610 1501 748 1569 Ἀθηναῖοι,
769 1503 860 1564 πάντας
875 1504 917 1572 μέν
962 1501 1170 1572 συλλογιζόμενος
1183 1501 1274 1561 οὕτως·
1291 1495 1347 1554 όεύ
1361 1507 1437 1554 ποιῶν
1449 1501 1479 1554 τύ
1490 1501 1573 1554 κοινδν
1588 1499 1613 1554 ἐν
1628 1501 1747 1562 κινδύνοις

133 1581 189 1643 τούς
203 1583 306 1652 νόμους]
320 1583 380 1653 Περὶ
397 1586 440 1635 τοῦ
453 1583 540 1653 μίμους
553 1588 602 1634 τῶν
622 1581 746 1652 ἐπιλόγων
766 1581 843 1652 λέγει,
859 1583 917 1652 θπερ
963 1583 1036 1641 σιθζει
1050 1577 1094 1644 τήν
1109 1579 1181 1632 πόλιν
1196 1579 1237 1632 καί
1250 1577 1292 1644 τὴν
1312 1580 1539 1650 δημοκρατίαν,ὡς
1554 1580 1578 1632 οἰ
1591 1581 1647 1641 τούς
1659 1581 1746 1650 τυράν-

132 1659 198 1714 έστίν
214 1661 262 1715 ἀπδ
273 1667 316 1716 τοῦ
329 1663 444 1734 νομίμου.
458 1661 504 1714 ίίαί
519 1667 614 1732 πρῶτον
628 1662 671 1732 μέν
679 1661 727 1714 ἀπό
739 1665 783 1714 τοῦ
795 1660 916 1726 ἐναντίου,
962 1679 1017 1720 νους
1031 1659 1218 1729 διαφθείραντες.
1256 1657 1332 1710 Οὐδέν
1345 1654 1387 1710 οὐν
1402 1657 1499 1720 ἀπεικδς
1515 1657 1650 1720 ἐξισοῦσθαι
1665 1659 1747 1720 αὐτοῖς

133 1741 171 1792 ότι
183 1739 237 1803 ἔθος
257 1740 328 1812 ήμῶν
347 1739 456 1812 ἐχόντων
477 1743 549 1812 τιμάν
571 1742 626 1802 τούς
640 1739 777 1810 εὐεργέτας,
793 1736 864 1802 οὗτος
876 1743 918 1794 καί
962 1737 1003 1788 καί
1016 1736 1078 1790 κατὰ
1089 1735 1132 1798 τθς
1142 1737 1224 1806 τῑμᾶς.
1262 1736 1344 1790 Ταῦτα
1358 1735 1385 1789 δέ
1399 1738 1533 1807 γέγραπται
1550 1737 1597 1793 έιπδ
1611 1739 1747 1808 ὐιαφάντου

131 1819 245 1882 κολάζειν
257 1822 409 1892 προστάττει·
427 1821 452 1874 ἐν
463 1817 536 1893 ᾧκαί
550 1821 614 1872 ἀλλο
624 1820 688 1873 ἐστίν
701 1821 866 1890 ἐπιχείρημα,
879 1821 918 1873 ότι
962 1815 987 1869 ἐν
1000 1817 1096 1890 στήλῃ,
1109 1814 1202 1886 εἰρηται
1214 1815 1241 1868 δέ
1259 1814 1306 1870 όπδ
1318 1819 1361 1870 τοῦ
1370 1817 1467 1886 πρώτου
1476 1815 1579 1886 ῥήτορος
1589 1817 1744 1888 Φορμίωνος.

132 1898 268 1970 εὐεργετεῖν
283 1900 325 1972 μέν
343 1900 420 1962 ίξεστι
435 1898 498 1954 κατὰ
510 1899 567 1962 τούς
587 1899 689 1970 νόμους,
709 1897 786 1952 αἰτεῖν
805 1898 831 1952 δί
844 1899 917 1968 χάριν
960 1897 1040 1950 TCV.

130 1978 177 2031 οὐκ
195 1979 272 2040 ἐξεστι
292 1979 354 2033 κατὰ
367 1980 409 2033 τδν
428 1981 545 2033 Λεπτίνου
559 1981 646 2050 νόμον.
683 1975 748 2031 Εἶτα
762 1983 798 2050 τῷ
815 1977 915 2050 ἀτόπῳ,
997 1978 1058 2039 506,
1075 1975 1100 2027 3,
1115 1971 1150 2026 Οὐ
1162 1972 1210 2044 γὰρ
1220 1973 1313 2026 ένεστιν
1326 1973 1451 2044 εὐορκεῖν]
1463 1971 1643 2043 ’ἀποφαίνεταπ
1654 1975 1697 2027 ἵνα
1711 1975 1745 2046 μὴ

133 2059 202 2113 ἀλλύ
218 2061 363 2131 μνησθέντες
374 2065 423 2112 τῶν
441 2064 530 2129 καιρῶν
549 2060 605 2130 παρ’
619 2058 661 2120 οὐς
678 2057 702 2109 οί
716 2057 861 2118 πεπονθότες
878 2051 914 2110 εὐ.
962 2056 1091 2126 μερισθῶσι
1107 2051 1151 2119 τὴν
1161 2055 1265 2124 γνώμην
1275 2052 1435 2116 οἰδικασταί,
1448 2052 1481 2114 ὡς
1492 2053 1538 2124 ἀρα
1547 2052 1615 2106 ἐστὶν
1626 2053 1744 2124 εὐορκεῖν,

131 2139 196 2194 Εἶτα
208 2147 244 2213 τῷ
255 2141 303 2196 ἀπδ
315 2144 358 2195 τοῦ
377 2141 505 2211 μείζονος,
519 2140 557 2192 ότι
571 2137 600 2204 νή
611 2139 657 2190 Δία
670 2137 739 2191 τουτί
752 2141 862 2190 τοιοῦτον
875 2137 916 2190 ἐλ-
961 2135 1007 2186 κάν
1023 2133 1108 2203 ἐτερόν
1122 2151 1145 2186 τι
1157 2133 1290 2202 δράσωσιν.
1303 2133 1384 2183 TCV.

131 2221 196 2281 πίζει
209 2222 295 2291 πόρον.
334 2219 380 2272 1έαί
399 2220 511 2291 γίγνεται
528 2217 590 2271 κατά
607 2217 651 2283 τήν
669 2216 830 2284 πηλικότητά·
853 2214 916 2269 ἰδιον
997 2213 1058 2275 506,
1069 2217 1095 2275 ή,
1107 2211 1158 2264 Οὐκ
1170 2211 1301 2264 ἔνιτοῦτον
1315 2209 1347 2278 έχ
1349 2229 1382 2262 ειν
1393 2208 1488 2280 καλῶς]
1501 2209 1649 2278 βουλόμενος
1660 2209 1746 2272 αὐτούς

132 2299 180 2370 γὰρ
190 2299 277 2364 ταῦτης
289 2297 330 2350 καί
345 2303 429 2368 μειοῦν
447 2295 488 2349 καί
499 2294 588 2356 αὔξειν.
629 2293 694 2348 ’ἀλλ’
715 2293 758 2347 οὐκ
776 2294 828 2348 ἐστι
843 2295 916 2348 πόλε-
960 2297 996 2362 τῷ
1012 2290 1097 2362 ἀδήλῳ
1110 2295 1154 2344 τοῦ
1169 2289 1303 2360 μέλλοντος
1317 2287 1350 2350 είς
1365 2286 1473 2358 ἀγωνίαν
1488 2287 1530 2340 καὶ
1543 2285 1652 2358 ταραχήν
1665 2287 1742 2359 ἐμόα-

135 2377 353 2448 μοςούδόκαιρδς
367 2376 475 2446 φοόερός.
513 2375 602 2446 Διόπερ
618 2373 673 2426 οὐδέ
687 2375 808 2445 μεγίστων
825 2373 917 2445 εὐεργε
959 2368 1014 2422 λεῖν
1028 2371 1128 2440 συνάγει
1143 2370 1198 2430 τούς
1217 2369 1260 2420 δῦο
1274 2368 1378 2438 χρόνους
1402 2365 1465 2419 κατά
1483 2366 1525 2419 τόν
1550 2367 1646 2436 νόμον,
1663 2365 1743 2437 ἀρχὴν

131 2459 248 2527 τημάτων
265 2455 365 2522 ἡπόλις
382 2455 471 2507 δεῖται.
511 2450 557 2506 Ἐν
572 2449 593 2524 ᾧ
609 2451 767 2518 τδκατίιτίην
782 2445 857 2518 ήτταν
870 2457 916 2504 Aa·
960 2448 1026 2520 αὐτῷ
1039 2453 1082 2502 τοῦ
1097 2449 1241 2519 πράγματος
1260 2447 1369 2500 ἐντεῦθεν
1383 2445 1537 2516 ποιούμενος.
1575 2443 1646 2498 Ἔστι
1659 2444 1746 2498 δέάπύ

129 2535 292 2605 κεδαιμονίων
307 2532 351 2598 τήν
371 2532 396 2586 ἐν
409 2532 536 2602 ἀεύκτροις
551 2531 593 2584 καί
606 2531 635 2584 ιδ
649 2529 711 2584 κατά
731 2531 856 2583 Διονύσιον
869 2551 916 2585 πα·
960 2532 1004 2580 τοῦ
1016 2529 1123 2599 νομίμου
1136 2527 1267 2598 κεφαλαίου
1279 2527 1308 2578 τό
1320 2524 1437 2596 ἐννόημα.
1476 2523 1687 2596 Συντρέχειδέτῷ
1700 2544 1746 2578 πα-

129 2615 267 2684 ράδειγμα,
292 2613 332 2666 ’ότι
352 2613 393 2664 δεῖ
412 2609 552 2681 ἀνθρώπους
573 2611 644 2672 ὄντας
667 2611 804 2680 προσδοκᾶν
823 2610 864 2662 καί
886 2609 916 2664 τά
960 2607 1072 2677 ρελθόντι
1085 2609 1174 2674 δῆθεν,
1189 2607 1232 2658 ἵνα
1246 2604 1279 2676 μὴ
1295 2606 1374 2658 δοκῶν
1389 2605 1452 2674 ἅγαν
1467 2603 1615 2674 φιλονεικεῖν
1632 2603 1678 2675 ἔχῃ
1693 2623 1745 2656 πει·

129 2697 243 2747 τοιαῦτα.
290 2691 363 2745 Μετίι
377 2691 403 2745 δέ
418 2688 464 2756 τὴν
476 2689 651 2761 συμπλήρωσιν
665 2690 758 2743 τούτων
773 2695 821 2742 τῶν
834 2692 915 2743 τόπων
960 2689 1076 2758 θομένους
1092 2685 1203 2756 περὶτοῦ
1225 2683 1376 2754 μέλλοντος,
1392 2682 1490 2752 λέγων,
1514 2681 1571 2752 μηδ’
1590 2682 1619 2734 ἀν
1639 2683 1749 2748 τοιοῦτοί

130 2768 282 2831 ἀντεξέτασιν
294 2769 423 2834 πεποίηται
436 2767 478 2820 καί
494 2765 679 2836 ἀντιπαράθεσιν
697 2771 746 2818 τῶν
765 2766 917 2837 συμόησομέ-
959 2784 1023 2828 τινες
1042 2767 1170 2836 γένωνται,
1209 2765 1245 2816 Δι’
1259 2759 1294 2814 ὧν
1309 2761 1357 2832 γίιρ
1370 2763 1503 2830 συνέδραμε
1519 2763 1551 2830 τῇ
1572 2759 1646 2831 ἀρετῇ
1666 2759 1745 2812 αὐτῶν

132 2867 181 2901 νων
195 2848 219 2910 ἐξ
230 2847 343 2918 ἐκατέρου
357 2848 443 2918 νόμου·
460 2839 488 2911 ής
500 2845 652 2915 παραθέσεως
665 2843 681 2912 ή
692 2842 756 2916 ἀρχή
772 2865 783 2893 ι
798 2846 915 2916 σκέψασθε
959 2844 990 2897 τίι
1004 2844 1120 2914 πρεσθεῖα
1134 2842 1261 2905 δεδωκὼς,
1275 2840 1315 2892 διά
1324 2841 1416 2892 τούτων
1427 2839 1528 2894 ἀπαιτεῖ
1536 2841 1587 2899 τοῖς
1598 2839 1628 2892 τά
1641 2838 1682 2892 ίσα
1692 2839 1743 2893 ἐπι-

132 2949 146 2976 α
163 2927 313 2998 παράλληλα
324 2925 365 2978 καί
378 2925 511 2996 λογίσασθε
523 2924 579 2994 παρ’
591 2922 650 2993 έιμῖν
663 2922 754 2985 αὐτοῖς.
772 2945 783 2973 ι
798 2925 878 2977 ch.
958 2923 1121 2992 δεικνυμένοις
1132 2921 1160 2973 τδ
1172 2921 1276 2972 δίκαιον.
1292 2919 1369 2970 TCV.
1669 2915 1673 2924 ⁴

168 3009 229 3071 504,
245 3011 287 3060 16.
304 3006 351 3059 Ἓν
361 2997 455 3073 ἑκάστῳ
466 3002 692 3076 τίμημαύπάρχει]
711 3003 774 3057 Ἀντί
786 3007 829 3056 τοῦ
840 3023 914 3058 κατα·
996 3003 1057 3066 506,
1073 3018 1114 3055 ιο.
1125 2999 1198 3064 Ὅτι,
1216 2997 1245 3062 νὴ
1260 2998 1321 3060 Δία,
1337 2997 1419 3066 πόρρω
1441 2997 1485 3049 τοῦ
1499 2995 1544 3066 τι]
1563 2992 1629 3046 Ἀλλ’
1648 2991 1744 3064 ἐριῖέος

128 3087 185 3154 δίκη
203 3089 255 3148 τοῖς
268 3087 445 3154 κακουργοῦσι,
458 3082 535 3154 μηδὲν
557 3082 642 3136 πλέον.
680 3081 711 3133 Οἰ
724 3082 751 3135 δὲ
770 3081 813 3142 τὰς
825 3081 916 3152 δωρεὰς
959 3079 1002 3132 οὐκ
1015 3078 1067 3132 ἐστι
1078 3078 1200 3148 πόλεμος,
1223 3073 1278 3128 οὐδὲ
1292 3073 1373 3144 καιρδς
1391 3071 1544 3143 παρενοχλεῖ
1553 3071 1675 3142 χαλεπός,
1689 3069 1745 3123 οὐδὲ

128 3164 253 3227 αἰτοῦντες
268 3164 342 3218 πλέον
357 3168 405 3215 τῶν
418 3161 560 3232 κακούργων
574 3159 731 3221 κολάζονται.
770 3159 849 3212 Κάκεῖ
860 3160 913 3230 μέν,
957 3158 1082 3218 κίνδυνος·
1105 3157 1162 3210 ὅθεν
1185 3153 1213 3208 οὐ
1230 3153 1309 3205 δεῖται
1332 3152 1448 3206 τοιοῦτων
1474 3150 1605 3220 εὐεργετῶν
1626 3147 1642 3214 ἡ
1663 3148 1742 3210 πόλις.

128 3243 173 3297 ἐάν
185 3245 325 3306 τιςδικαίως
334 3241 475 3313 ἀποκτείνῃ,
487 3239 587 3302 ἐξέστω·
601 3237 705 3292 ἐνταῦθα
713 3239 749 3304 δέ,
763 3240 807 3292 κάν
818 3240 914 3300 δικαίως
958 3235 1036 3305 Βαρύς
1049 3233 1159 3304 όλόγος·
1174 3230 1202 3284 οὐ
1221 3230 1269 3300 γάρ
1285 3227 1339 3283 εἰπε
1352 3230 1436 3299 πόρρω
1455 3231 1498 3282 τοῦ
1514 3247 1537 3281 τι
1550 3228 1636 3281 παθεῖν
1653 3225 1742 3298 έσμέν,

128 3343 165 3386 τις
178 3324 283 3396 αἰτήσῃ,
298 3321 448 3385 κολαζέσθω.
460 3321 542 3374 TCV.
958 3313 1025 3365 ἀλλὰ
1048 3316 1091 3365 τοῦ
1113 3310 1239 3374 ἐλπίζειν,
1259 3307 1303 3362 ἵνα
1319 3306 1368 3381 ἔχη
1385 3308 1457 3360 λῦσαι
1482 3309 1535 3368 τοῖς
1552 3305 1743 3376 παραδείγμασι.

166 3403 227 3467 504,
245 3419 289 3455 αα.
312 3401 409 3470 ’λτιμος
430 3398 509 3464 ἐστω,
524 3397 601 3468 φησί,
621 3397 662 3450 καί
682 3395 697 3464 ή
720 3395 790 3450 οὐσία
807 3397 914 3466 δημοσία
955 3393 1038 3446 ch.

129 3479 214 3554 ἔστω]
234 3478 264 3534 '0
276 3481 317 3533 καί
330 3479 463 3549 οὐνδεσμος
476 3477 532 3530 ἀντὶ
548 3475 618 3542 τοῦή
633 3477 799 3538 διαζευκτικοῦ
817 3477 912 3542 κεῖται,
993 3470 1055 3533 506,
1072 3485 1114 3522 ιι.
1131 3465 1178 3518 Καὶ
1192 3461 1275 3534 εἰημίν
1292 3482 1335 3534 γε,
1350 3459 1372 3516 ὦ
1385 3461 1469 3532 ἄνδρες
1491 3458 1630 3529 mmmm]
1646 3458 1743 3522 Ηθέαῖῠ

127 3561 172 3613 ἵνα
185 3557 214 3634 ᾖ·
231 3559 341 3630 άτιμοςῆ
357 3556 453 3624 ἡούσία
467 3557 583 3627 δημοσία.
599 3557 680 3608 TCV.
958 3548 1001 3620 μέν
1013 3547 1053 3599 διά
1063 3547 1092 3600 τδ
1105 3547 1222 3618 μέγεθος,
1238 3543 1271 3604 όις
1283 3541 1427 3612 φιλόπολις,
1443 3539 1550 3610 ἐμφαίνει
1565 3539 1591 3590 δί
1605 3538 1644 3590 ότι
1658 3537 1742 3608 εὐχῆς,

166 3639 227 3702 504,
243 3639 287 3691 κδ.
298 3635 374 3690 Εἶναι
384 3635 411 3688 δέ
422 3635 464 3688 καί
477 3633 586 3696 ἐνδείξεις
599 3633 640 3686 καί
650 3631 799 3703 ἀπαγωγάς]
814 3631 913 3685 Ἐνδει-
957 3627 985 3681 οὐ
1003 3630 1096 3699 νόμου,
1116 3625 1217 3694 δόναμις
1229 3621 1260 3675 τά
1272 3626 1320 3673 τῶν
1335 3619 1463 3688 λογισμῶν
1479 3616 1540 3670 έστί.
1554 3617 1634 3670 TCV.

128 3717 177 3780 ξις,
193 3717 331 3788 ἀπολογία,
347 3715 388 3768 καί
397 3711 463 3776 εἶδος
474 3714 635 3784 κατηγορίας·
651 3709 773 3782 ἀπαγωγὴ
788 3709 845 3776 δήί]
864 3717 913 3764 τῶν
993 3707 1053 3768 506,
1070 3721 1112 3758 12.
1128 3701 1203 3756 ’ἀλλὰ
1220 3699 1270 3770 χρή
1284 3717 1313 3769 γε
1328 3697 1467 3766 ἀνθρώπως
1482 3695 1569 3766 ὄντας]
1590 3691 1661 3746 Μῑτᾶ
1673 3692 1743 3763 φίύθ·

127 3797 272 3868 κακοθργων
290 3795 349 3865 πρδς
362 3795 418 3856 τούς
441 3795 528 3847 ἕνδεκα
548 3793 688 3862 παράδοσις.
726 3791 757 3842 Οἰ
780 3789 806 3842 δέ
826 3789 913 3842 ἕνδεκα
957 3785 1040 3855 σοφίας
1054 3782 1085 3836 τά
1105 3780 1265 3850 ἐνθυμήματα
1284 3776 1326 3828 καί
1346 3773 1504 3844 ἀνθρωπίνων
1525 3771 1670 3840 λογισμῶν,
1683 3770 1742 3822 όταν

129 3875 249 3946 ἄρχοντες
263 3873 405 3940 Ἀθήνησιν,
419 3869 456 3934 οές
466 3872 623 3941 παρεδέδεντο
636 3869 660 3922 σί
674 3869 707 3930 εἰς
721 3870 825 3922 θάνατον
840 3885 914 3922 κατα·
958 3863 1080 3923 αἰτοῦντες
1091 3860 1122 3913 τά
1142 3857 1223 3930 ἀγαθά
1235 3855 1275 3908 καί
1287 3855 1341 3925 περὶ
1355 3858 1404 3906 τῶν
1419 3851 1535 3905 ἐναντίων
1549 3847 1583 3920 μή
1604 3847 1740 3909 ἀπελπίζω·

129 3955 290 4017 δικασθέντες.
306 3953 384 4009 BFY,
401 3944 517 4011 Ἔνδειξις
534 3951 615 4019 όνομα
635 3949 702 4015 δίκης
714 3947 776 4000 κατά
790 3952 839 3999 τῶν
861 3944 912 3998 ἀτί·
960 3961 1019 4013 μεν·
1035 3941 1126 4011 νεμεσᾷ
1139 3937 1187 4009 γίιρ
1196 3936 1210 3988 ό
1220 3935 1333 4005 δαίμων,
1346 3933 1404 3985 ὅταν
1419 3929 1569 3998 δῑαῐῑθῶμῑθ
1580 3927 1613 3988 ὡς
1628 3925 1742 3980 οὐδέπῦτῑ

130 4054 183 4104 μων
203 4036 244 4088 καί
262 4033 426 4086 ἀδικεόντων·
446 4027 567 4099 ἀπαγωγὴ
586 4028 612 4080 δί
635 4026 696 4080 κατά
720 4031 769 4080 τῶν
791 4023 912 4078 κλεπτῶν.
956 4021 1049 4093 φαῦλον
1063 4017 1153 4090 [οὐδέν]
1167 4011 1405 4084 πεισόμενοι.Τ(Ν.

128 4116 209 4168 TCV,
944 4161 948 4170 ι
994 4099 1055 4162 506,
1076 4100 1117 4155 τά.
1143 4093 1306 4165 Προσδοκᾱν]
1325 4089 1466 4158 Σημεέωσαι
1490 4086 1529 4138 ότι
1550 4081 1686 4153 ἀδιαφόρως
1707 4085 1743 4152 τῷ

165 4194 227 4258 ⁵04,
243 4209 287 4261 κγ.
302 4189 397 4242 Οὐκοῦν
409 4190 463 4261 τρία
476 4188 603 4260 τιμήματα
616 4188 710 4254 ταῦτα]
723 4185 868 4256 Σοφίζεεαι,
883 4185 911 4238 τύ
958 4177 1094 4250 προσδοκᾶν
1108 4175 1149 4228 καί
1161 4180 1196 4245 τῷ
1210 4172 1316 4232 ἐλπίζειν
1330 4172 1431 4239 χρῆται.
1446 4165 1497 4218 ΒΡ.

128 4274 156 4326 ἐν
168 4274 222 4341 τρία
234 4276 321 4324 ποιῶν.
335 4270 416 4322 TCV.
994 4259 1054 4321 506,
1076 4256 1117 4310 τό.
1132 4255 1217 4306 Πάντα
1231 4249 1385 4320 ἀνθρώπινα]
1399 4248 1427 4300 τό
1440 4244 1514 4317 μηδὲν
1530 4239 1686 4302 ἀπελπίζειν.
1702 4239 1741 4292 ότι

166 4351 227 4415 505,
244 4353 286 4414 τίς.
300 4347 430 4419 ἰίέρνιόος]
444 4345 528 4400 αὐτοῦ
542 4345 645 4410 θδατος,
668 4343 734 4396 ἀλλά
745 4347 788 4397 τοῦ
800 4343 911 4414 ἀγγείου.
958 4335 988 4389 τά
1003 4335 1141 4406 ἀνθρόιπινα
1158 4330 1320 4402 εὐμετάθολα.
1331 4329 1407 4381 ΒΥΡ.
1717 4395 1722 4410 .

127 4432 209 4484 TCV.
995 4418 1056 4480 506,
1073 4419 1113 4468 ιθ.
1128 4412 1190 4466 Οὐδὲ
1206 4409 1292 4482 γάράν
1305 4404 1491 4478 Λακεδαιμόνιοί
1504 4403 1579 4469 ποτε]
1592 4399 1671 4452 Τοῦτο
1684 4413 1742 4466 προς

166 4509 288 4577 50519.
308 4505 373 4560 Εἰτα
391 4505 533 4560 ἀποκτεῖναι
547 4502 590 4574 μέν
605 4503 720 4575 δικαίως]
747 4501 913 4573 Ἐπιχείρημα
957 4497 986 4550 τδ
1009 4497 1060 4548 ἀνω
1073 4493 1126 4564 ἔχει
1139 4491 1184 4557 τὴν
1205 4487 1344 4560 ἀναφορὰν,
1368 4485 1393 4539 ἐν
1415 4481 1437 4556 ᾧ
1462 4481 1507 4553 ἐφη
1529 4503 1540 4532 ι
1565 4479 1704 4574 πόρρωροῦ
1718 4493 1742 4526 τι

129 4585 178 4640 ἀπδ
195 4589 239 4639 τοῦ
258 4584 367 4638 έναντίου
381 4583 434 4636 κατ’
458 4582 545 4654 ἀμφω·
571 4579 613 4634 καί
627 4581 665 4633 ότι
681 4578 749 4641 έθους
768 4579 837 4640 ὄντος
858 4579 914 4640 τούς
962 4599 972 4627 ι
994 4579 1104 4629 τοιοῦτον
1119 4573 1224 4633 ἐλπίζειν
1241 4568 1328 4640 ἐσμέν,
1342 4589 1353 4616 ι
1366 4567 1409 4618 ἵνα
1423 4562 1582 4633 ἀποκρίνηται
1599 4581 1610 4606 ι
1627 4553 1741 4624 συὸέγάρ

129 4663 255 4736 εὐεργέτας
265 4666 356 4734 τιμάν,
374 4657 446 4722 οὗτος
464 4661 506 4713 καί
518 4658 631 4721 κολάζειν
645 4658 803 4728 προστάττει,
821 4657 862 4708 καὶ
875 4657 913 4710 ότι
960 4681 971 4702 ι
992 4657 1022 4707 θν
1036 4649 1223 4722 Λακεδαιμόνιοί
1239 4665 1303 4706 ,ποτε
1319 4645 1423 4712 ήλπιζσν
1445 4641 1477 4703 εἰς
1498 4643 1599 4694 τοιαῦτα
1617 4635 1741 4706 πράγματ’

129 4743 238 4815 ἀναιρεῖν
251 4743 329 4806 έξεστι
341 4740 405 4795 κατά
418 4740 473 4801 τούς
483 4741 572 4808 νόμους
584 4737 710 4791 Λεπτίνου.
726 4735 803 4789 TCV.
960 4757 971 4784 ι
992 4731 1128 4804 ἀφίξεσθαι,
1145 4751 1155 4780 ι
1174 4727 1248 4798 άούγ,
1260 4727 1366 4796 ήρμοττε
1380 4722 1421 4774 διὰ
1434 4717 1479 4786 τήν
1493 4717 1588 4774 εὔνοιαν
1602 4719 1645 4780 τῆς
1655 4713 1741 4782 πατρί·

165 4823 226 4890 505,
241 4839 286 4876 αι.
301 4821 364 4875 Οὐτε
378 4820 476 4880 δικαίως
493 4817 543 4871 οὐθ’
562 4817 694 4882 όπωσοῦν]
708 4815 743 4867 Τό
760 4812 802 4884 μέν
816 4808 856 4866 ἐπί
870 4815 913 4864 τοῦ
958 4816 999 4875 δος
1013 4813 1080 4873 εὐθίις
1092 4809 1266 4880 ἀποκρίνασθαι
1279 4805 1320 4858 διίι
1331 4804 1360 4858 τδ
1374 4802 1510 4871 δύσφημον.
1548 4797 1684 4864 Τοιγαροῦν
1694 4811 1740 4846 πα-

127 4905 222 4958 δικαίου
239 4903 336 4970 δῆλον,
351 4901 381 4953 τδ
396 4897 486 4953 δίαὐθ’
501 4897 612 4952 όπωσοῦν
627 4896 660 4957 ὡς
675 4895 751 4948 ἐνίοτε
765 4894 859 4962 θαρρῶν
873 4891 914 4943 καί
957 4891 1087 4962 ρεμθαλὼν
1114 4887 1203 4954 ἠθικῶς
1221 4885 1252 4938 τά
1276 4889 1360 4954 πρῶτα
1380 4881 1436 4933 τότε
1462 4878 1491 4931 τδ
1513 4876 1606 4930 λυποῦν
1630 4871 1740 4968 ἐπήγαγε

128 4983 193 5054 παρά
201 4984 230 5038 τό
239 4985 332 5036 δίκαιον
349 4979 389 5032 διδ
397 4981 425 5033 τό
435 4979 556 5050 συμφέρον
568 4976 709 5039 αἰτοῦντος,
723 4971 817 5042 ἀνάγκη
829 4971 913 5022 δοῦναι
957 4971 1099 5024 λανθάνων·
1111 4965 1290 5038 ἀναμιμνήσκει
1301 4962 1328 5016 δέ
1337 4967 1380 5028 τῆς
1390 4961 1417 5014 έν
1431 4958 1557 5028 Λεύκτροις
1565 4971 1688 5025 συμφοράς
1698 4955 1741 5017 τής

127 5061 168 5115 διά
179 5062 222 5116 τδν
235 5062 354 5115 κίνδυνον.
365 5061 446 5114 TCV.
957 5048 1106 5114 καθελσθσης
1120 5045 1163 5111 τήν
1177 5045 1290 5114 Σπάρτην
1303 5041 1344 5096 καί
1360 5045 1408 5094 τῶν
1421 5035 1550 5096 κατάτούς
1563 5033 1737 5100 Συρακοσίους·

165 5141 227 5205 505,
249 5159 294 5196 αα.
322 5140 467 5210 Μηδαμῶς,
482 5133 505 5190 ὦ
522 5135 608 5206 ἀνδρες
630 5131 767 5201 Ἀθηναῖοι]
784 5127 865 5190 Δείξας
882 5131 913 5199 τῇ
957 5127 1111 5198 πανταχόθεν
1126 5124 1151 5178 δί
1166 5121 1230 5185 αὔξει
1242 5122 1283 5174 καί
1296 5121 1411 5182 τούτους,
1430 5115 1557 5182 ἐπειδήπερ
1570 5109 1740 5206 έπίγάακεδαι-

128 5222 258 5292 παραθέσει
275 5225 323 5274 τῶν
341 5219 441 5272 δικαίων
456 5216 500 5284 τὴν
521 5215 624 5269 ἀτοπίαν
642 5219 685 5266 τοῦ
703 5213 795 5282 νόμον,
818 5211 912 5280 θαρρῶν
959 5207 1050 5279 μονίων
1067 5205 1100 5267 όις
1114 5206 1192 5258 ὄντων
1203 5203 1337 5274 Ιγνωρίμων
1357 5197 1401 5251 οὐκ
1420 5196 1509 5251 ἐδέετο.
1551 5189 1582 5244 Ἦ
1595 5193 1622 5244 δι
1644 5187 1740 5253 αὔξησις

130 5299 275 5374 ἀπαγορεύει
289 5301 386 5356 λοιπόν.
424 5297 470 5352 Διά
483 5299 556 5352 τοῦτο
570 5295 596 5348 δέ
610 5294 683 5366 έγγύς
696 5296 740 5346 τοῦ
754 5291 872 5363 μηδαμῶς
885 5290 913 5343 τό
958 5286 1005 5340 άπδ
1015 5284 1129 5340 πολλῶϊ
1143 5281 1191 5336 ἀπδ
1202 5284 1245 5335 τοῦ
1254 5277 1388 5350 λαμθάνιιν
1398 5277 1484 5346 φόρους
1492 5265 1540 5326 ἀπδ
1552 5266 1738 5408 ίίφρχηδονίων,
